2347 3000
74 92 150 129 957

176 178 261 222 Cap.
290 179 329 212 X.
373 176 402 221 5.
426 177 486 210 30.
529 178 693 210 Diversae
725 176 924 219 voluntates]
968 176 1060 208 Con-

76 229 185 262 clusio
212 228 316 264 liuins
338 229 510 263 secundae
541 227 651 270 partis
676 227 865 260 orationis:
902 228 990 260 Cum
1024 233 1062 260 tu

76 281 271 314 servaveris
310 293 373 313 nos
413 285 493 323 post
535 278 686 320 bellum,
739 279 898 324 sequitur
947 279 1061 323 ingra-

78 339 150 365 tum
194 334 289 371 sore,
340 331 367 365 si
413 330 490 375 quis
531 336 652 363 contra
698 337 730 363 te
767 330 899 376 aliquid
938 330 1061 362 molia-

79 390 146 418 tur.

371 90 428 125 lX.
488 88 772 125 ENARRATIO
805 86 1065 123 ORATIONIS
1100 86 1349 124 CICERONIS
1383 88 1482 123 PRO
1517 89 1792 125 MARCELLO.

2031 93 2105 130 958

1217 175 1302 220 Cap.
1328 175 1382 210 Xl.
1411 175 1440 220 5.
1467 177 1527 211 33.
1554 179 1623 211 Sed
1647 178 1788 223 unde-⁷³²)
1810 184 1858 211 est
1884 180 1978 223 orsa]
2015 181 2086 213 (ira

1115 225 1245 259 tiarum
1266 227 1370 261 actio.
1476 231 1534 262 Ex·
1550 228 1752 272 omnium³³)
1775 230 1944 274 precibus]
1973 231 2105 265 Trans-

1116 277 1200 309 latio
1226 279 1267 310 ad
1295 292 1519 312 communem
1549 280 1786 314 securitatem.

1149 361 1197 388 52)
1218 363 1273 386 Sed
1291 363 1380 390 unde]
1399 362 1439 386 sic
1457 363 1505 387 Ed.
1527 362 1629 393 Orelt.;
1647 363 1695 388 Ed.
1718 363 1792 387 1563.
1813 364 1868 387 ,Sed
1886 365 1916 387 ut
1937 365 2018 389 unde.

1150 395 1199 423 53)
1219 397 1360 425 euntium]
1379 397 1418 420 eie
1437 397 1485 422 Ed.
1507 397 1610 422 0rett.:
1631 398 1677 423 Ed,
1703 398 1774 423 1568.
1798 398 1935 423 omnibns.

131 658 168 695 6.
223 656 369 693 ALIA
402 656 829 693 PARAPHRASIS
865 657 1101 694 PRIMAE
1138 656 1363 692 PARTIS
1399 656 1580 693 HUIUS
1617 657 2039 709 ORATIONIS⁵⁴).

180 760 472 805 propositio:
510 760 689 794 Hactenus
722 773 799 793 mea
834 774 888 793 mc
921 762 1064 794 fortuna

77 811 130 846 bis
160 812 297 846 miseris
329 818 363 845 et
391 811 559 845 luctuosis
598 811 813 855 reipublicae
846 812 1065 856 temporibus

76 865 178 897 silere
204 863 329 907 coegit.
382 863 485 896 Nune
508 862 666 894 inaudita
694 862 853 896 Caesaris
877 864 1064 896 clementia

76 916 286 960 bonitasque
307 926 364 947 me
388 926 405 946 a
435 914 529 947 luctu
556 920 697 946 revocat
718 914 768 947 M.
787 913 957 947 Marcello
977 913 1065 948 mibi

76 980 115 999 ac
138 966 260 1004 vobis,
288 965 412 998 Patres
436 964 717 1010 C011scripti⁵³),
744 965 920 1000 restituto,

175 1016 330 1049 Ratio:
370 1015 532 1049 Primum
577 1016 669 1048 enim
715 1016 783 1049 dici
824 1029 897 1049 non
940 1022 1066 1060 potest,

74 1074 228 1113 quantae
254 1066 430 1111 voluptati
453 1067 497 1100 sit
520 1065 608 1099 mibi
635 1067 812 1111 privatum
840 1068 974 1101 socium
994 1074 1065 1100 stu-

74 1119 217 1152 diorum
251 1131 412 1152 meorum
439 1125 471 1151 et
505 1116 608 1152 lulius
640 1119 807 1152 curriculi
839 1118 926 1152 mihi
952 1118 1064 1158 reddi,

76 1183 147 1216 quo
189 1170 352 1203 adiutore
396 1176 549 1202 veterem
597 1171 736 1203 dicendi
772 1171 1063 1204 consuetudinem

74 1234 257 1255 renovem.
311 1221 612 1254 Distributio:
640 1222 683 1255 tit
708 1222 846 1266 publice
873 1222 910 1256 C.
936 1222 1065 1256 Caesar

74 1286 171 1318 spem
198 1273 302 1306 nobis
324 1272 428 1312 facis,
465 1285 543 1306 cum
561 1273 694 1307 doloris
717 1273 767 1307 tui
794 1273 923 1307 oblitus
947 1273 1065 1306 inimi-

75 1338 153 1358 cum
182 1324 320 1359 senatui
346 1325 546 1362 condonas;
571 1326 666 1365 sore,
695 1331 733 1358 ut
758 1337 857 1358 suam
883 1338 946 1370 per
964 1332 996 1357 te
1013 1337 1065 1358 se-

72 1383 178 1410 natus
209 1376 438 1409 autoritatem
471 1376 632 1410 retineat.
697 1377 770 1409 Am
784 1376 1014 1420 plificatio
1045 1388 1062 1408 a

74 1440 225 1472 persona
244 1427 416 1461 Marcelli.
470 1425 567 1461 Nihil
584 1428 743 1472 profecto
760 1428 930 1460 Marcello
947 1428 1062 1472 potuit

73 1492 137 1525 per
179 1491 322 1512 omnem
359 1479 468 1511 vitam
494 1476 804 1512 ‘honorificentius
846 1479 1063 1523 contingere,

75 1538 109 1564 et
133 1537 230 1564 tanta
256 1537 398 1564 senatus
424 1543 505 1574 erga
530 1543 609 1563 eum
636 1531 902 1571 benevolentia,
938 1537 969 1564 et
997 1528 1063 1563 hoc

75 1590 136 1615 tuo
162 1582 200 1616 C.
226 1582 355 1615 Caesar
371 1582 580 1625 gravissimo
598 1582 749 1622 iudicio,
778 1582 838 1628 qui
857 1589 994 1615 tantum
1011 1582 1060 1614 illi

74 1634 250 1674 tribuisti,
290 1639 328 1666 ut
358 1632 520 1677 quamvis
553 1634 727 1673 offensus,
773 1634 907 1678 putaris
944 1641 1062 1666 tamen

72 1686 218 1718 domum
244 1696 316 1718 esse
332 1685 585 1718 revocandum.
639 1683 752 1718 Path
765 1698 827 1719 os:
857 1685 1001 1718 Accedit
1019 1686 1061 1717 ad

73 1737 252 1770 cumulum
286 1735 463 1769 felicitatis
499 1736 657 1769 Marcelli
690 1736 723 1769 id
759 1749 921 1782 quoque,
966 1738 1060 1782 quod

73 1801 113 1821 ex
137 1788 210 1822 eius
235 1788 425 1820 commodo
448 1800 587 1821 sunnna
614 1789 655 1821 ad
685 1800 807 1822 omnes
831 1789 963 1821 laetitia
988 1801 1063 1820 ma-

73 1846 155 1880 nat,
198 1839 259 1884 qui
296 1844 485 1883 postquam
519 1839 628 1871 edidit
670 1837 736 1872 lloc
767 1840 945 1884 specimen
979 1853 1062 1874 suae

75 1890 281 1925 clementiae
307 1890 457 1929 Caesar,
492 1890 527 1922 in
562 1891 733 1934 optimam
768 1904 863 1935 spem
890 1893 932 1924 de
958 1903 1062 1936 repu-

72 1943 161 1976 blica
190 1942 362 1975 veuimus.
416 1941 540 1986 Neque
562 1954 646 1974 vero
671 1939 724 1975 liis
750 1942 976 1987 amplissimis
1000 1941 1063 1975 ho-

73 1995 221 2028 noribus
246 1993 411 2037 indignus
435 1999 484 2026 est
510 1993 718 2033 Marcellus,
743 1993 815 2026 sive
836 1995 975 2037 generis
1000 2006 1063 2026 no-

75 2047 268 2085 bilitatem,
304 2045 376 2078 sive
405 2045 621 2089 optimarum
649 2045 777 2078 artium
802 2046 937 2086 studia,
970 2058 1064 2079 smn-

74 2110 242 2144 mamque
259 2097 425 2130 virtutem
442 2103 586 2141 spectes.
640 2097 668 2130 Ρ
679 2097 929 2140 ropositio:
958 2096 1061 2131 Nulla

73 2157 172 2183 tanta
201 2149 253 2182 vis
278 2148 430 2192 ingenii,
458 2149 655 2181 nulla-tam
680 2148 835 2192 locuples
860 2149 1062 2194 eloquentia

76 2209 144 2241 est,
173 2213 264 2246 quae
288 2212 353 2244 pro
380 2200 508 2233 merito
534 2212 589 2234 res
616 2212 633 2232 a
653 2206 686 2232 te
704 2200 789 2233 foris
807 2206 919 2244 gestas
937 2212 1065 2233 ornare

112 2312 160 2339 54)
178 2312 251 2334 llaec
270 2308 447 2339 paraphrasis
467 2308 493 2331 iu
512 2308 562 2331 Ed.
585 2307 659 2331 1568.
671 2324 678 2335 ,
698 2313 766 2337 quae
787 2308 846 2332 sota
866 2314 925 2332 eam
944 2311 1066 2342 praehet,

148 2346 186 2369 sic
205 2346 248 2368 est
272 2344 419 2373 inscripta:
449 2344 511 2366 Atia
530 2342 709 2372 paraphrasis
726 2342 831 2372 primae
850 2344 937 2373 partis
958 2344 982 2367 in
1002 2351 1067 2369 ora-

149 2380 222 2403 tioue
240 2385 289 2409 pro
308 2380 343 2404 M.
365 2378 512 2407 Marcello,
533 2379 629 2400 autore
647 2377 712 2400 Ptiit.
732 2378 795 2401 Met.
817 2378 888 2402 1529.

114 2423 162 2451 55)
182 2423 239 2446 liae
257 2427 339 2445 voces
358 2421 385 2445 in
404 2421 453 2446 Ed.
477 2420 550 2444 1568.
569 2419 688 2449 scriptae
706 2421 768 2443 sunt
788 2426 835 2450 per
854 2422 950 2445 notas:
970 2421 999 2446 P.
1021 2422 1051 2446 C.

1120 760 1241 806 possit.
1295 760 1341 792 At
1365 760 1469 804 longe
1486 761 1656 794 maiorem
1679 763 1828 805 gloriam
1849 767 1983 809 peperit
2002 765 2107 800 bodie

1120 811 1279 845 Marcelli
1308 811 1502 851 restitutio,
1532 826 1638 858 quam
1665 814 1734 845 ulla
1765 828 1919 860 unquam
1950 818 2030 851 belli
2051 821 2109 851 de-

1120 876 1214 896 cora.
1293 863 1426 895 l'tatio
1464 876 1526 907 per
1567 865 1812 899 collationem:
1860 866 1979 900 Animi
2017 871 2106 902 sacta

1119 921 1301 959 praestant
1339 914 1562 949 militaribus.
1624 916 1714 950 Nam
1748 930 1966 963 quamquam
2004 934 2108 954 nemo

1120 973 1320 1000 exterorum
1348 978 1490 1010 regum,
1525 979 1630 1000 nemo
1654 975 1858 1002 nostrorum
1892 971 2019 1005 cixinm
2047 986 2109 1005 un-

1120 1030 1226 1063 quam
1260 1017 1389 1057 fuerit,
1430 1030 1535 1063 quem
1576 1031 1649 1052 non
1691 1026 1832 1054 antccas
1866 1023 2110 1066 magnitudine

1119 1080 1238 1101 rerum
1269 1075 1469 1112 gestarum,
1516 1076 1635 1103 tamen
1679 1071 1711 1103 in
1751 1072 1955 1106 societatem
1997 1076 2110 1109 landis

1120 1117 1224 1153 huius
1246 1120 1392 1153 veniunt
1423 1120 1571 1161 milites,
1607 1122 1703 1155 seuit
1733 1123 1837 1156 etiam
1870 1126 2012 1158 fortuna
2047 1129 2109 1159 do-

1119 1170 1215 1203 mina
1252 1183 1393 1210 rerum,
1443 1184 1533 1217 quae
1569 1172 1732 1217 inprimis
1775 1175 1810 1207 in
1843 1175 1942 1210 bellis
1973 1185 2107 1211 exercet

1120 1222 1308 1266 imperium
1338 1235 1452 1256 suum.
1506 1223 1551 1256 At
1574 1225 1732 1257 animum
1757 1232 1862 1272 atque
1887 1227 2108 1262 iracundiam

1120 1273 1280 1314 vincere,
1318 1274 1498 1318 ignoscere
1524 1276 1584 1308 adx
1596 1277 1749 1315 crsario,
1783 1290 1822 1310 ea
1851 1291 1934 1311 xero
1961 1281 2107 1325 propria

1119 1331 1176 1357 tna
1205 1326 1279 1359 laus
1303 1332 1365 1365 cst,
1394 1338 1434 1358 ex
1457 1339 1524 1371 qua
1549 1340 1718 1372 arrogare
1742 1329 1807 1361 sibi
1834 1330 1990 1369 fortuna,
2020 1331 2108 1365 nihil

1119 1377 1306 1421 decerpere
1324 1377 1423 1409 miles
1442 1377 1561 1420 possit.
1615 1379 1934 1423 Amplificatio
1961 1383 2108 1417 ‹lisficut-

1119 1433 1249 1461 tatum:
1285 1428 1460 1460 Maximas
1490 1429 1575 1461 citra
1612 1432 1890 1464 controxersiam
1922 1446 1976 1466 res
2001 1435 2108 1468 armis

1118 1479 1264 1523 gessisti.
1319 1480 1384 1512 Sed
1412 1486 1460 1512 est
1486 1485 1603 1512 tamen
1636 1488 1763 1514 natura
1788 1495 1907 1516 rerum
1939 1485 2038 1525 talis,
2072 1493 2110 1520 ut

1116 1531 1225 1571 ferro,
1253 1537 1292 1564 ut
1319 1531 1350 1563 vi
1373 1531 1489 1574 frangi
1516 1532 1634 1565 omnia
1663 1535 1931 1580 expugnarique
1954 1544 2108 1580 possent.

1117 1582 1162 1614 At
1197 1595 1298 1615 suum
1332 1582 1439 1627 ipsius
1477 1583 1636 1616 animum
1678 1585 1823 1618 vincere=
1847 1590 2108 1631 propemodum

1118 1645 1224 1677 supra
1257 1640 1422 1667 naturam
1456 1635 1659 1668 mortalium
1695 1643 1756 1670 est.
1822 1637 1866 1670 Et
1899 1636 1992 1672 baud
2025 1641 2109 1681 scio,

1118 1697 1161 1717 an
1188 1698 1266 1718 cum
1293 1686 1365 1718 ullo
1392 1685 1647 1729 imperatorum
1673 1688 1832 1721 omnium
1859 1687 1950 1723 hanc
1967 1691 2107 1725 laudem

1118 1748 1343 1770 communem
1371 1735 1514 1771 babeas.
1570 1736 1660 1770 Mihi
1687 1739 1830 1784 quidem
1863 1740 1939 1775 Diis
1972 1743 2108 1776 similli-

1119 1800 1197 1821 mus
1228 1789 1312 1833 ipsis
1343 1788 1501 1827 videtur,
1549 1789 1575 1822 si
1609 1789 1686 1834 quis
1718 1796 1822 1823 tanta·
1851 1793 2108 1836 magnitudine,

1118 1845 1216 1871 tanto
1241 1841 1371 1873 robore
1399 1839 1508 1872 animi
1536 1847 1604 1879 est,
1634 1846 1672 1874 ut
1688 1842 1786 1874 malit
1805 1842 2018 1877 incolumem
2037 1859 2107 1879 ser-

1117 1902 1200 1923 vare
1224 1891 1429 1931 inimicum,
1458 1904 1565 1937 quam
1592 1891 1796 1926 iracundiae
1820 1907 1955 1928 morem
1975 1909 2108 1941 gerere.

1118 1942 1382 1976 Conclusio:
1425 1941 1546 1988 ltaque
1580 1955 1635 1977 res
1671 1944 1816 1978 bellicae
1851 1952 1929 1980 tuae
1954 1949 2108 1982 celebra-

1117 1995 1250 2027 buntur
1276 1995 1318 2027 ad
1343 2001 1503 2039 posteros
1528 1995 1688 2029 omnium
1721 1996 1877 2040 gentium
1908 1998 2034 2034 litteris
2058 2007 2109 2034 at-

1119 2058 1186 2091 que
1218 2045 1362 2090 Unguis:
1399 2047 1459 2080 sed
1493 2047 1632 2087 nescio,
1675 2049 1857 2094 quomodo
1890 2051 2025 2093 gratior
2059 2059 2110 2086 est

1119 2097 1292 2130 memoria
1330 2110 1452 2131 earum
1484 2098 1677 2139 virtutum,
1713 2113 1802 2144 quae
1831 2100 2002 2135 victoriae
2036 2104 2106 2136 vim

1119 2155 1224 2194 atque
1247 2149 1419 2194 impetum
1445 2150 1570 2184 lenisse
1596 2150 1772 2184 videntur.
1826 2152 1946 2197 Quare
1965 2167 2043 2187 cum
2065 2154 2110 2188 sit

1118 2207 1245 2233 natura
1273 2201 1427 2236 insolens
1453 2214 1491 2234 ac
1516 2202 1687 2246 superba,
1714 2201 1828 2235 Deum
1856 2204 2108 2246 immortalem,

1120 2265 1191 2298 quo
1207 2253 1324 2286 studio
1343 2253 1585 2293 incendimur,
1615 2259 1749 2298 quanto
1769 2255 1889 2287 favore
1906 2256 2108 2300 complecti-

1121 2317 1202 2337 mur
1236 2317 1315 2344 eos,
1357 2305 1417 2350 qui
1450 2305 1596 2337 modum
1628 2305 1681 2338 sui
1722 2305 1757 2336 in
1795 2306 1941 2339 victoria
1976 2305 2108 2341 habere

1121 2362 1291 2400 potuere,
1319 2368 1383 2388 nec
1411 2363 1461 2389 est
1486 2356 1670 2389 invenuste
1695 2356 1845 2389 dictum:
1881 2357 1942 2391 Bis
1967 2359 2108 2392 vincere

1123 2419 1200 2439 enm
1214 2435 1222 2447 ,
1250 2408 1309 2452 qui
1327 2420 1399 2441 sese
1416 2407 1537 2440 vicerit
1556 2408 1591 2439 in
1611 2407 1770 2440 victoria.
1824 2408 1900 2441 Huc
1917 2423 2027 2455 usque
2044 2417 2107 2445 etc.
