2347 3000
193 91 290 127 1207

195 183 230 210 et
245 173 358 209 alteri.
411 171 511 212 Item,
525 168 589 206 ἶσα
603 166 764 214 πόλεμον
780 165 825 203 οὐ
845 166 939 202 ποιεῖ
947 165 1006 213 ⁰¹).
1060 165 1188 199 Pecca-

195 228 247 260 vit
268 226 376 270 igitur
397 224 543 258 Tubero
572 228 695 256 contra
720 218 950 265 aequitatem.
1038 218 1108 252 Sed
1133 222 1189 251 ta-

197 275 293 324 men]
320 275 381 309 Illa
404 273 555 320 regestio
581 271 739 307 criminis
763 270 881 304 reddit
904 281 1046 304 causam
1072 268 1191 301 Tube-

200 328 297 362 ronis
320 327 434 372 magis
459 324 684 359 invidiosam.
787 324 906 368 Itaque
930 317 1049 367 prius]
1087 319 1191 353 Clau-

200 381 288 414 sula.
365 380 404 420 Q.
424 373 548 423 ἐρίων]
577 374 755 407 Hactenus
772 374 840 406 suit
857 372 1061 409 exordium;
1098 382 1192 404 nunc

201 430 361 477 sequitur
379 427 540 462 narratio
553 453 562 466 ,
589 426 625 458 in
644 436 714 470 qua
732 424 817 457 dicit
835 422 1001 457 honestas
1024 421 1192 461 rationes,

204 494 314 528 quare
343 480 387 524 Q.
417 478 579 522 Ligarius
612 477 790 521 profectus
819 475 925 508 suerit
955 474 990 507 in
1023 473 1192 507 Africam.

204 529 370 579 Leyutus]
399 528 620 568 Stadhalter,
653 527 714 573 qui
737 527 936 559 addebatur
958 523 1195 569 magistratui,

205 591 245 617 ut
262 584 371 615 vicem
390 581 584 619 obtineret,
616 578 645 612 si
670 578 897 622 magistratus
923 576 1006 609 alibi
1030 581 1119 610 esset
1138 587 1194 607 oc-

206 640 373 679 cupatus,
412 633 501 666 sicut
525 629 602 664 Itali
626 628 758 663 habent
782 629 1015 673 provisorem.
1081 626 1196 669 Argu—

206 691 385 719 mentatur
403 685 446 716 ab
464 682 571 727 ipsius
588 681 777 725 probitate.
857 676 1031 725 Considio]
1059 677 1091 710 A
1106 676 1197 709 veri-

208 736 325 771 simili.
377 735 456 768 Mos
475 734 569 766 euim
587 738 681 771 erat,
706 738 743 764 ut
767 730 872 773 legati
890 743 969 763 cum
995 728 1198 762 consulibus

208 788 244 820 in
263 786 465 832 provincias
483 784 584 817 irent.
664 780 794 829 Sociis]
812 781 962 815 Partitio
983 787 1017 814 et
1031 779 1198 814 redditio.

207 842 324 884 ltaque
350 839 390 878 Q.
415 832 598 881 Liyarius]
633 834 759 867 Obiter
792 832 926 877 spargit
953 832 990 865 in
1023 830 1198 864 narratio-

208 902 291 923 nem
317 893 545 932 argumenta,
570 891 604 919 et
631 885 788 931 primum
815 890 866 918 est
889 881 1152 917 commendatio
1180 893 1199 914 a

210 941 323 974 factis.

314 990 345 1035 ἓ.
363 991 398 1024 3.
425 987 575 1036 Bellum]
604 986 789 1032 Separatio
809 992 860 1020 est
879 984 1067 1030 proprium
1085 984 1201 1028 splen-

212 1041 309 1076 doris
329 1039 482 1076 schema.
559 1036 696 1085 Subito]
724 1037 852 1076 Addit,
879 1043 918 1069 ut
942 1036 1039 1068 nulla
1063 1034 1202 1068 ratione

212 1095 372 1128 futurum
390 1092 522 1124 bellum
540 1089 705 1134 Ligarius
721 1089 901 1121 videretur
918 1086 1074 1131 potuisse
1091 1084 1203 1129 suspi-

214 1144 299 1178 cari.
397 1139 564 1188 Exarsit]
599 1139 804 1173 Translatio
829 1144 880 1171 est
904 1136 1204 1176 commodissima,

213 1207 305 1242 quae
321 1206 400 1229 cum
417 1192 570 1227 subitam
589 1204 629 1225 ex
646 1191 725 1235 igne
741 1191 924 1224 flammam
943 1188 1098 1233 erupisse
1123 1193 1204 1220 ante

216 1247 338 1281 oculos
353 1251 484 1291 ponat,
511 1243 650 1277 ardoris
666 1242 773 1276 etiam
797 1253 836 1274 ac
858 1239 1113 1284 magnitudinis
1131 1239 1205 1282 ple-

215 1311 261 1332 na
281 1304 343 1332 est.
429 1292 614 1341 Liyccrc'us]
646 1292 900 1328 Narrationem
926 1291 1009 1324 facit
1032 1290 1204 1324 verisimi-

215 1350 285 1383 lem
319 1347 538 1386 rationibus,
587 1357 680 1391 quae
717 1357 735 1377 a
773 1341 1045 1377 circumstantiis
1080 1342 1206 1375 fluunt.

216 1403 318 1435 Atius
328 1397 403 1446 65)]
431 1398 562 1433 seilicet
586 1396 646 1441 qui
674 1395 778 1440 gessit
799 1394 931 1428 bellum
956 1394 1122 1426 adversus
1139 1392 1206 1425 Cu—

218 1453 370 1485 rionem.
453 1451 494 1484 Si
514 1445 617 1494 illud]
652 1446 847 1480 CorrectiO.
907 1445 1009 1479 Nunc
1035 1443 1207 1488 cupidita-

218 1511 289 1536 tem
313 1501 399 1534 Vari
423 1506 545 1544 auget,
578 1505 618 1532 ut
642 1511 683 1532 ex
707 1496 771 1532 hac
795 1496 1022 1531 contentione
1049 1495 1207 1540 probitas

219 1553 353 1599 Ligarii
366 1552 479 1595 magis
498 1549 664 1584 emineat.

323 1603 354 1647 ᾗ.
374 1603 409 1637 4.
433 1599 646 1647 conquievit]
664 1598 794 1634 scilicet
809 1597 939 1631 mansit
956 1597 993 1629 in
1012 1595 1208 1641 provincia.

323 1655 409 1699 Cap.
427 1652 467 1686 ll.
495 1651 525 1696 §-
544 1651 578 1686 4.
607 1648 744 1697 Adhuc]
771 1648 973 1693 Applicatio
993 1649 1036 1680 ad
1054 1659 1208 1686 causam,

221 1719 281 1741 seu
296 1703 542 1743 commonitio,
568 1700 636 1735 hoc
654 1707 716 1741 est,
743 1701 859 1733 brevis
878 1700 1052 1745 quaedam
1072 1710 1208 1738 eorum,

221 1770 312 1804 quae
330 1757 421 1790 dicta
449 1760 549 1794 sunt,
583 1751 749 1798 repetitio
773 1752 816 1784 ad
838 1751 982 1793 longam
1009 1749 1207 1783 orationem

221 1805 600 1842 accommodatissima.
711 1800 917 1849 Expecta-et]
957 1798 1210 1846 Enthymema,

222 1873 296 1893 non
319 1859 385 1893 suit
411 1858 442 1891 ei
466 1869 554 1902 opus
577 1855 684 1889 bello.
773 1850 1033 1899 Necessitatem]
1067 1851 1210 1885 Caesari

221 1910 378 1945 mirabili
391 1908 539 1943 artificio
557 1904 778 1952 purgationis
794 1904 945 1949 speciem
965 1903 1125 1943 subiicit,
1152 1902 1210 1935 Li-

222 1962 381 2008 garium,
408 1961 438 1995 si
453 1959 625 2005 potuisset
644 1970 685 1991 ex
702 1956 820 1990 Africa
838 1956 989 2000 effugere
1001 1981 1010 1995 ,
1039 1967 1117 1987 cum
1141 1955 1211 1986 sra-

222 2015 334 2048 trihus
346 2013 533 2047 Caesarem
549 2016 750 2044 secuturum
766 2007 883 2041 fuisse.
951 2009 1070 2046 Unum,
1094 2005 1210 2051 quum]

222 2065 372 2100 Divisio.

325 2115 356 2160 ἓ.
375 2113 409 2149 5.
437 2109 678 2158 Necessitatis]
706 2109 799 2156 Quia
825 2121 903 2142 cum
924 2114 1011 2141 esset
1030 2106 1211 2152 praeposi-

222 2175 278 2202 tus
294 2165 499 2212 provinciae
516 2176 535 2196 a
552 2162 720 2197 Considio
733 2188 741 2202 ‚
769 2173 843 2194 non
858 2159 957 2193 licuit
971 2159 1003 2192 ei
1022 2159 1211 2192 discedere.

224 2222 279 2253 An
312 2216 386 2265 ille]
424 2214 678 2254 Confirmatio,
721 2225 795 2245 non
830 2223 989 2256 peccasse
1014 2209 1211 2254 Ligarium,

225 2271 322 2316 quod
338 2269 466 2303 restitit
482 2267 517 2300 in
534 2265 664 2299 Africa.
717 2263 779 2297 Est
803 2269 918 2296 autem
943 2263 1086 2295 ductum
1109 2273 1210 2304 argu-

223 2327 382 2354 mentum
399 2332 417 2353 a
436 2318 650 2353 coniectura.
704 2314 832 2353 ἄλλως.
886 2313 1042 2358 Obliqua
1070 2318 1103 2345 et
1126 2313 1210 2355 figu-

224 2380 300 2407 rata
319 2370 504 2406 translatio
522 2367 680 2403 criminis
696 2373 766 2407 est,
795 2372 828 2399 et
843 2364 1007 2410 purgatio
1032 2376 1072 2396 ex
1095 2376 1211 2396 neces-

261 2508 309 2535 62)
330 2507 385 2530 Hoc
410 2506 451 2527 est
479 2501 588 2526 Solonis
614 2498 828 2530 apophthegma,
866 2495 1086 2526 quemadmodum
1118 2493 1211 2517 scribit

295 2539 457 2565 Plutarchus
469 2538 496 2561 in
511 2536 588 2559 huius
603 2534 660 2557 vita
672 2540 695 2558 c.
713 2534 751 2556 14.
762 2549 769 2562 ‚
788 2532 935 2555 admoneus
950 2530 1047 2553 dictum
1061 2530 1110 2552 hoc
1125 2529 1211 2551 fuisse

295 2575 378 2603 vulgo
397 2573 511 2596 celebre.
547 2569 687 2593 Laudatur
706 2567 788 2591 etiam
808 2567 841 2590 ab
854 2567 970 2590 Erasmo
989 2564 1067 2591 adag.
1090 2563 1150 2587 chit.
1166 2563 1210 2586 lv.

295 2610 366 2633 cent.
382 2607 413 2632 11.
431 2612 508 2635 prov.
522 2605 564 2628 96.

259 2662 307 2688 65)
327 2658 425 2685 Atius]
451 2656 487 2679 sic
506 2656 555 2678 Ed.
580 2653 684 2682 Orell.;

294 2698 379 2724 supra
398 2699 420 2722 p.
439 2691 512 2714 1205.
532 2691 596 2712 nota
609 2689 651 2711 be.

721 2652 770 2676 Ed.
790 2651 862 2676 1568.
883 2651 909 2674 et
928 2649 963 2674 al.
981 2649 1101 2679 Actias,
1139 2648 1208 2672 conf.

767 79 889 116 PHlL.
923 77 1036 115 MEL.
1076 75 1278 113 SCRIPTA
1311 75 1646 112 PfflLOLOGICA.

2134 77 2229 113 1208

1242 163 1356 199 sitate.
1410 163 1516 210 Quod
1533 163 1625 199 enim
1645 175 1686 197 ex
1703 164 1907 198 necessitate
1932 164 2092 208 cogimur
2108 165 2235 203 facere,

1243 215 1442 250 iudicamur
1458 228 1531 250 non
1549 215 1672 249 fraude
1690 222 1752 249 aut
1769 216 1852 249 dolo
1870 215 2002 250 senisse.
2088 214 2231 263 Romae]

1245 267 1344 313 quasi
1367 267 1476 301 dicat:
1504 280 1589 301 non.
1642 267 1837 301 Necessitas
1862 267 2084 300 mansionem
2108 267 2234 299 confir-

1244 326 1318 352 mat
1341 331 1404 363 per
1429 319 1660 352 coniecturas.
1738 318 1895 364 Atiofflst)
1919 316 2037 364 ψιαιη]
2067 318 2233 357 Collatio,

1245 382 1314 416 qua
1334 369 1431 403 auxit
1448 369 1661 403 orationem.
1738 368 1962 416 BIafflisseH]
1992 368 2236 408 Continuatio,

1246 433 1325 455 cum
1359 421 1478 454 omnia
1510 420 1667 454 membra
1702 421 1807 452 unico
1834 421 1940 453 xerho
1965 421 2237 454 concluduntur.

1247 474 1354 514 Quum
1378 469 1517 519 Ieyntio]
1549 471 1782 505 Confirmatio
1807 471 1955 505 rationis
1980 478 2031 506 est
2053 484 2070 504 a
2098 478 2237 504 contra-

1247 523 1323 563 rio,
1350 523 1538 567 dupliciter
1555 534 1573 555 a
1594 522 1768 565 legatione
1793 535 1831 555 ac
1854 522 2024 567 dignitate
2051 524 2095 556 ad
2121 522 2238 567 priva-

1249 581 1323 607 tum
1339 571 1522 613 habitum,
1550 586 1568 606 a
1593 586 1678 618 pace
1706 574 1749 606 ad
1767 573 1910 608 bellum.
1990 571 2150 621 Legatio]
2175 572 2239 608 sci-

1249 625 1329 658 licet
1349 625 1552 658 vicariatus.

1354 674 1384 720 ξ.
1404 676 1438 710 6.
1464 673 1622 723 Nullum]
1652 674 1840 709 Conclusio
1857 674 2157 715 confirmationis,
2179 687 2240 709 seu

1251 727 1409 772 epilogus
1433 726 1660 760 narrationis.
1753 724 1890 774 Meam]
1925 726 1961 759 id
1987 733 2057 766 est,
2086 738 2240 761 causam.

1252 781 1279 813 0
1295 775 1523 825 clementium]
1551 777 1726 812 Excursus
1743 778 1785 810 de
1801 777 1986 810 clementia
2004 777 2176 818 Caesaris,
2205 777 2241 810 in

1253 842 1324 875 quo
1343 835 1491 874 occupat
1518 842 1596 861 rum
1616 829 1774 861 Caesaris
1798 835 1871 861 tum
1895 828 2018 862 iudicis
2041 829 2083 861 de
2107 841 2142 862 se
2167 829 2242 874 opi-

1252 881 1410 913 nionem.
1464 879 1592 918 ἄλλως.
1654 880 1865 923 (j)biurgatio
1891 879 2112 920 Tuberonis,
2146 881 2243 927 quod

1254 938 1356 976 turpe
1376 931 1406 963 ei
1423 931 1466 964 sit
1481 937 1667 963 consecuto
1687 930 1966 964 misericordiam
1978 957 1986 970 ‚
2014 943 2178 966 accusare
2195 932 2244 964 al-

1254 990 1390 1021 terum,
1416 988 1450 1014 et
1466 980 1579 1014 videri
1597 982 1774 1014 crudelem
1799 994 1870 1015 esse
1895 982 1931 1014 in
1947 982 2110 1017 alterum.
2160 982 2242 1017 Non

1255 1033 1373 1067 statim
1392 1031 1533 1072 obiicit,
1561 1032 1656 1077 quod
1680 1032 1787 1065 suerit
1809 1030 1919 1066 hostis
1936 1033 2107 1067 Caesaris.
2160 1033 2243 1067 Ideo

1256 1084 1411 1128 primum
1437 1082 1522 1116 dicit
1545 1083 1587 1116 de
1609 1095 1665 1124 se,
1705 1083 1802 1128 quod
1826 1090 1860 1116 et
1884 1083 1957 1128 ipse
1988 1084 2095 1117 suerit
2120 1082 2245 1119 hostis.

1256 1133 1540 1168 Pulcherrimum
1559 1140 1610 1168 est
1628 1134 1813 1168 consilinm
1832 1135 2012 1169 Ciceronis
2030 1134 2066 1168 in
2083 1133 2148 1170 hac
2165 1147 2246 1169 ora-

1258 1187 1373 1227 tione,
1402 1197 1471 1232 qua
1490 1183 1579 1218 nihil
1595 1185 1788 1230 simplicius
1807 1192 1841 1219 et
1858 1186 2001 1220 suavius
2025 1186 2095 1219 dici
2117 1193 2245 1232 potest.

1259 1239 1310 1271 De
1336 1236 1404 1270 hoc
1430 1237 1508 1269 loco
1535 1237 1614 1270 vide
1641 1236 1792 1281 Quintil.
1816 1237 1876 1271 lib.
1893 1237 1927 1271 9.
1950 1250 2025 1282 cap.
2058 1239 2100 1271 de
2124 1239 2244 1283 figuris

1258 1288 1515 1323 sententiarum
1524 1287 1583 1333 66).
1662 1290 1690 1322 0
1707 1287 1936 1336 clementiam]
1963 1288 1995 1322 A
2013 1289 2117 1324 rebus
2133 1290 2246 1323 maio-

1258 1341 1375 1379 ribus,
1409 1350 1499 1385 quae
1526 1338 1669 1373 Caesari
1692 1338 1824 1383 gloriae
1848 1340 2009 1380 fuerant,
2043 1341 2088 1373 ad
2110 1341 2249 1376 miseri-

1260 1391 1418 1425 cordiam
1445 1390 1606 1435 impellit.
1657 1389 1892 1424 Clementiam
1914 1391 2007 1424 enim
2025 1391 2184 1427 Caesaris
2209 1392 2249 1426 in

1261 1443 1466 1476 manifestos
1500 1440 1616 1476 hostes
1650 1441 1856 1486 praedicat,
1908 1449 1947 1476 ut
1983 1443 2249 1478 clementiorem

1261 1495 1375 1539 ipsum
1409 1492 1446 1526 in
1470 1492 1653 1538 Ligarium
1683 1494 1831 1534 reddat,
1874 1494 1933 1540 qui
1961 1495 2016 1527 vel
2043 1493 2150 1536 nihil,
2192 1496 2249 1528 vel

1261 1552 1401 1578 coactus
1417 1544 1586 1589 peccavit.
1628 1543 1753 1577 Obiter
1768 1551 1933 1578 extenuat
1952 1545 2097 1581 crimen.
2161 1549 2249 1581 Gon·-

1257 1594 1392 1643 fitetur]
1415 1595 1509 1639 Ergo
1526 1596 1604 1640 plus
1620 1595 1781 1639 peceavi,
1809 1608 1915 1641 quam
1933 1596 2106 1641 Ligarius.
2154 1597 2249 1631 llaec

1263 1647 1382 1680 omnia
1408 1646 1509 1685 dicit,
1552 1653 1592 1680 ut
1617 1652 1696 1690 apte
1719 1647 1828 1691 possit
1850 1649 2038 1692 pervenire
2061 1649 2103 1681 ad
2131 1661 2249 1693 repre-

1261 1697 1469 1732 hensionem
1492 1697 1705 1731 Tuberonis.
1763 1697 1884 1742 Turpe
1910 1699 2003 1731 enim
2030 1706 2080 1733 cst
2100 1700 2252 1740 doctori,

1261 1750 1290 1783 si
1315 1749 1416 1793 culpa
1442 1748 1622 1792 redarguit
1644 1748 1771 1793 ipsum.
1850 1752 1902 1783 Ne
1925 1748 2079 1797 taccs⁶⁷)]
2115 1750 2251 1795 Aperit,

1263 1806 1436 1846 quantum
1461 1800 1633 1839 confidat,
1662 1799 1723 1845 qui
1742 1799 1796 1832 vel
1820 1800 1862 1832 de
1888 1801 2008 1834 animo
2036 1801 2144 1847 ipsius
2163 1801 2249 1835 Cae-

1262 1851 1350 1886 saris
1367 1850 1553 1884 certiorem
1572 1863 1607 1884 se
1625 1862 1696 1884 esse
1716 1851 1879 1885 ostendit.

1369 1902 1455 1947 Cap.
1472 1900 1529 1935 III.
1557 1900 1586 1946 ⁸3.
1607 1901 1640 1935 6.
1684 1904 1782 1942 Vide,
1817 1901 2023 1950 q11a›1tu⁰⁸)]
2051 1903 2250 1937 Collatione

1263 1953 1317 1988 sui
1335 1953 1492 1987 defendit
1504 1952 1640 1997 LigarIi
1658 1953 1836 1987 delictum.
1914 1955 2112 1999 Oboriatur]
2140 1954 2250 2000 Quasi

1264 2005 1410 2039 diceret:
1447 2004 1541 2037 Haec
1569 2016 1643 2037 non
1667 2005 1833 2037 auderem
1859 2004 1992 2045 dicere,
2028 2005 2095 2039 nisi
2119 2005 2250 2039 iudica—

1265 2069 1339 2090 rem
1359 2063 1392 2090 te
1412 2056 1528 2089 virum
1551 2067 1622 2089 esse
1647 2055 1945 2100 sapientissiumm
1970 2063 2003 2090 et
2027 2057 2252 2092 clementissi-

1263 2120 1381 2148 mum,
1410 2107 1491 2153 quia
1518 2106 1690 2151 cupiditas
1715 2107 1890 2141 vindictae
1914 2120 1987 2140 non
2012 2109 2103 2142 cadit
2128 2109 2164 2141 in
2187 2107 2251 2142 lio-

1264 2159 1376 2193 mines
1393 2158 1579 2203 sapientes.
1633 2157 1678 2191 Et
1700 2171 1782 2191 vere
1804 2165 1854 2192 est
1875 2159 2047 2203 sapientia
2071 2160 2249 2205 despicere

1265 2222 1388 2244 omnes
1405 2209 1628 2244 offensiones.
1689 2207 1873 2257 Quantum]
1890 2211 2019 2244 scilicet
2037 2211 2117 2244 volo
2133 2224 2251 2244 meum

1264 2268 1446 2307 peccatum
1463 2273 1672 2304 exaggerare
1689 2261 1781 2294 clara
1798 2274 1894 2295 voce.

1368 2311 1398 2357 §-
1417 2313 1451 2347 7.
1477 2313 1652 2356 Suscepto]
1677 2311 1933 2356 Exaggeratio:
1969 2312 2050 2346 feci
2068 2312 2199 2346 iudicio
2218 2320 2251 2346 et

1264 2364 1459 2398 voluntate.
1512 2362 1640 2403 ἄλλως.
1693 2362 1894 2409 παῤῥησία,
1918 2376 2007 2410 quae
2024 2361 2130 2397 habet
2145 2365 2251 2409 signi-

1264 2415 1485 2455 ficationem,
1528 2426 1600 2448 esse
1631 2414 1804 2447 infinitam
1836 2416 2013 2461 quandam
2040 2415 2248 2456 bonitatem,

1299 2552 1333 2576 65
1342 2553 1366 2581 ³]
1386 2549 1467 2583 Atio]
1488 2551 1536 2575 Ed.
1558 2551 1631 2577 1568.
1651 2552 1743 2576 Actio.

1297 2596 1344 2623 66)
1366 2594 1475 2624 Quintil.
1498 2594 1583 2618 instit.
1605 2597 1673 2618 orat.
1692 2595 1740 2625 lx,
1760 2594 1786 2625 2,
1805 2595 1850 2618 51.

1297 2638 1344 2665 67)
1365 2637 1409 2662 Ne
1427 2638 1510 2665 tuas]
1531 2636 1571 2660 sic
1591 2637 1638 2660 Ed.
1661 2638 1750 2667 15634
1780 2638 1826 2660 Ed.
1848 2639 1932 2664 Orell.
1954 2646 2003 2663 nec
2022 2640 2098 2665 tuas.

1296 2680 1344 2708 68)
1363 2679 1488 2711 quanta]
1509 2678 1549 2702 sic
1568 2677 1615 2701 Ed.
1637 2678 1727 2710 1568.;
1757 2679 1805 2702 Ed.
1822 2680 1906 2704 Oreu.
1926 2687 2021 2712 quum.
