2347 3000
254 120 328 155 991

256 207 375 239 minor
402 204 445 237 ad
469 208 598 237 statum
626 195 914 233 coniecturalem:
957 192 1050 239 Quia
1083 199 1134 226 est
1164 192 1246 225 sacti

257 256 437 302 quaestio,
463 261 542 287 uter
561 251 662 285 alteri
684 248 868 281 insidiatus
895 246 949 279 sit.
1012 244 1100 277 Cum
1127 250 1244 276 autem

258 309 329 341 duo
346 307 415 341 sint
439 306 475 338 in
504 314 641 338 summa
666 299 733 332 loci
760 304 869 332 status
893 295 1159 333 coniecturalis,
1187 307 1247 326 vo-

259 359 376 392 luntas
402 363 432 389 et
456 355 622 391 facultas,
663 349 768 383 sumit
796 348 919 381 Cicero
941 351 1148 389 argumenta
1178 345 1248 389 pri-

261 422 357 442 mum
386 420 402 440 a
431 407 612 437 voluntate
635 401 838 445 utriusque,
874 398 1001 431 deinde
1030 408 1048 429 a
1072 396 1249 434 facultate,

260 461 387 505 quibus
404 458 506 489 tidem
524 455 606 487 facit
625 451 789 486 Clodium
805 450 924 483 fecisse
948 447 1093 482 insidias
1109 447 1248 480 Miloni.

259 510 403 553 Singula
422 511 628 550 argumenta
645 515 709 537 suo
726 502 804 534 loco
821 499 1110 534 monstrabimus.
1160 498 1250 531 Cau-

259 574 295 595 sa
315 566 389 593 acta
408 564 458 591 est
474 568 604 600 magno
623 553 797 592 tumultu,
825 551 906 597 quia
920 550 1035 583 Clodii
1050 549 1155 582 factio
1174 554 1251 581 erat

262 618 404 655 potens,
431 615 464 641 et
481 607 653 640 Milonem
673 604 839 637 atrociter
861 601 1073 646 deposcebat
1098 601 1141 632 ad
1166 611 1250 643 poe-

259 674 356 695 nam.
410 659 530 703 Quare
549 664 582 691 et
599 654 902 691 senatusconsulta
923 652 1096 698 quaedam
1106 651 1136 697 ⁵)
1159 652 1248 683 facta

261 719 360 751 sunt,
395 721 484 755 quae
514 709 617 741 valde
643 706 928 751 praegravabant
944 703 1129 736 Milonem.
1197 700 1250 733 De

261 762 314 796 his
347 760 574 806 praeiudiciis
605 757 766 804 queritur
789 756 933 795 Cicero,
969 765 1058 800 quae
1082 765 1145 786 suo
1173 753 1250 784 loco

262 824 491 858 exponemus,

602 891 911 926 Exordium.

364 964 512 998 Constat
537 973 596 994 sex
620 959 807 992 membris:
837 956 1011 1002 Querela,
1038 954 1252 994 inversione,

263 1015 510 1050 extenuatione
521 1011 714 1045 Clodianae
730 1009 893 1042 factionis
905 1034 914 1045 ,
939 1005 1190 1038 adhortatione
1208 1006 1252 1036 ad

260 1068 370 1100 libere
401 1062 684 1098 decernendum,
720 1057 989 1101 exaggeratione
1020 1053 1253 1096 indignitatis,

264 1125 296 1151 et
323 1115 524 1149 reiectione.
579 1110 650 1156 1.⁶)
685 1108 883 1154 Querela
914 1112 980 1139 est:
1013 1105 1254 1138 Commoveor

263 1179 356 1201 nova
371 1167 486 1199 forma
506 1161 637 1196 iudicii.
691 1161 781 1194 Nam
799 1164 897 1191 metu
913 1168 1097 1189 armorum
1114 1161 1147 1188 et
1164 1154 1255 1187 iudi-

266 1231 344 1252 cum
382 1223 416 1249 et
449 1216 602 1248 aliorum
637 1211 834 1244 amicorum
869 1208 985 1242 studia
1017 1208 1254 1240 deterrentur.

267 1273 301 1304 2.
332 1266 547 1301 inversio:
577 1264 644 1297 Sed
665 1270 785 1295 tamen
802 1273 840 1293 ea
861 1265 912 1292 est
928 1258 1093 1302 Pompeii
1110 1256 1254 1296 iustitia,

265 1327 323 1359 ut,
350 1331 428 1352 cum
450 1329 549 1350 reum
570 1315 606 1347 in
625 1313 793 1347 iudicium
814 1309 1012 1349 adduxerit,
1039 1320 1114 1341 non
1131 1308 1168 1340 in
1186 1305 1255 1340 hoc

266 1382 364 1404 arma
391 1365 671 1412 comparaverit,
711 1370 751 1397 ut
775 1374 856 1396 eum
877 1373 940 1405 per
964 1360 1037 1392 vim
1063 1359 1255 1403 opprimat.

266 1421 387 1466 Quare
418 1418 505 1452 haec
536 1428 636 1450 arma
660 1414 831 1459 disposita
854 1418 954 1452 sunt,
988 1417 1028 1444 ut
1051 1410 1254 1445 seditiosam

265 1471 484 1517 plebeculam
532 1467 809 1501 tumultuantem
851 1475 917 1507 pro
961 1462 1088 1495 Clodio
1132 1458 1256 1494 coher-

268 1521 428 1567 ceant'),
457 1526 490 1553 et
506 1525 545 1553 ut
559 1530 642 1563 pars
659 1523 809 1561 utraque
828 1514 938 1547 tutior
952 1513 1008 1547 sit.
1060 1513 1095 1546 3.
1122 1511 1256 1545 Exte-

267 1572 424 1607 nuatio
454 1570 645 1605 Clodianae
664 1567 826 1601 factionis
845 1565 960 1598 aditus
980 1570 1031 1597 cst
1057 1564 1102 1596 ad
1126 1561 1256 1596 adhor-

267 1624 456 1658 tationem:
486 1622 573 1654 Cum
591 1631 655 1652 nec
674 1618 803 1650 armati
823 1616 925 1648 nobis
944 1616 1194 1652 adversentur,
1223 1619 1256 1645 et

268 1675 421 1707 inermes
437 1670 578 1705 honesti
593 1670 684 1701 cives
700 1680 822 1700 omnes
838 1666 939 1697 nobis
954 1665 1025 1697 sint
1040 1663 1255 1708 aequissimi,

269 1733 303 1759 et
320 1724 471 1757 maxime
490 1721 635 1765 cupiant
650 1718 783 1752 servari
800 1716 970 1749 Milonem
982 1741 990 1753 ,
1018 1726 1092 1747 non
1112 1719 1163 1746 est
1185 1714 1256 1745 sor—

269 1775 438 1809 midanda
460 1772 565 1805 factio
585 1770 777 1808 Clodiana,
811 1778 901 1812 quae
927 1763 1033 1798 habet
1055 1771 1194 1798 tantum
1220 1763 1258 1796 in

269 1826 429 1872 partibus
460 1835 592 1867 paucos
627 1820 799 1866 quosdam
832 1817 1054 1850 turbulentos
1083 1814 1258 1853 homines,

271 1878 332 1923 qui
347 1874 594 1918 largitionibus
611 1871 725 1905 Clodii
749 1882 784 1903 se
808 1873 1061 1902 sustentarunt.
1114 1866 1148 1899 4.
1173 1865 1258 1897 Ad-

270 1927 325 1962 ho
337 1926 494 1960 rtatio:
525 1925 663 1969 Quare,
690 1922 840 1959 iudices,
867 1919 976 1951 libere
995 1924 1029 1951 et
1046 1917 1185 1950 sortiter
1200 1917 1258 1948 de-

273 1979 424 2017 cernite,
451 1983 485 2009 et
500 1981 636 2009 servate
659 1973 792 2010 civem,
821 1970 882 2015 qui
904 1976 937 2002 et
960 1969 1034 2013 ipse
1059 1968 1183 2002 solitus
1209 1973 1259 2000 est

270 2029 409 2063 fortiter
439 2027 600 2060 resistere
628 2022 838 2057 turbulentis
861 2027 895 2054 et
919 2019 1090 2064 improbis
1115 2016 1258 2051 civibus.

271 2080 348 2113 Hac
365 2080 401 2111 in
416 2090 454 2111 re
473 2089 551 2110 mea
569 2075 675 2109 etiam
703 2085 805 2106 causa
815 2072 846 2118 ὃ)
870 2072 1007 2104 laboro.
1061 2069 1153 2104 Nam
1170 2069 1257 2101 Milo

274 2138 308 2165 et
350 2142 413 2174 ego
454 2128 589 2173 pariter
631 2123 911 2170 depugnavimus
952 2133 1030 2155 cum
1073 2120 1258 2154 seditiosis.

274 2181 394 2227 Quare
435 2177 503 2212 hoc
539 2183 677 2212 servato
713 2188 769 2208 me
804 2185 946 2219 quoque
982 2172 1149 2205 tutiorem
1183 2172 1259 2203 sore

274 2244 388 2277 spero,
468 2228 501 2263 5.
535 2225 839 2272 Exaggeratio
874 2223 1112 2267 indignitatis:
1163 2222 1213 2254 Ac
1227 2221 1258 2267 9)

274 2283 432 2328 profecto
451 2278 650 2313 miserabile
672 2284 758 2311 esset
768 2276 813 2322 ¹⁰)
830 2276 1002 2308 Milonem
1019 2285 1113 2306 nunc
1130 2273 1166 2305 in
1184 2273 1259 2317 ipso

312 2393 344 2418 5)
364 2390 509 2422 quaedam]
530 2388 571 2412 sic
589 2385 745 2415 Ed.1568.;
770 2384 797 2408 in
815 2383 897 2409 Editt.
915 2382 1006 2413 1553„
1029 2382 1103 2406 1554.
1123 2382 1205 2405 deest.

310 2435 342 2461 6)
364 2434 402 2461 1.)
421 2432 463 2456 hic
481 2436 610 2455 numerus
630 2430 657 2452 et
675 2434 749 2458 seqq.
773 2427 800 2450 in
819 2426 868 2450 Ed.
885 2426 958 2449 1568.
978 2424 1110 2454 adscripti
1127 2425 1160 2448 ab
1178 2423 1260 2448 Editt.

349 2468 439 2496 1553„
461 2467 534 2490 1554.
553 2465 660 2488 absunt.

312 2508 342 2536 7)
362 2507 537 2534 coherceant]
558 2506 597 2529 sic
616 2504 772 2530 Ει1.1568,ς

346 2542 418 2567 (scil.
439 2540 605 2569 Pompeius).

312 2584 341 2614 8)
363 2589 423 2606 mea
441 2584 521 2606 etiam
541 2582 640 2610 causa]
661 2580 702 2604 sic
720 2580 770 2605 Ed.
787 2579 877 2607 1568.;
904 2578 985 2601 Editt.
1001 2576 1091 2604 1553..
1113 2576 1186 2600 ¹554.
1205 2581 1262 2599 men

345 2623 428 2640 causa
451 2617 539 2639 etiam.

312 2661 343 2688 9)
363 2660 415 2688 Ac]
437 2658 478 2681 sic
495 2658 579 2682 Editt.
599 2657 690 2687 1553.,
712 2657 801 2685 15513
828 2655 875 2679 Εὐ.
892 2655 964 2678 1568.
985 2655 1027 2677 At.

315 2703 361 2729 10)
382 2702 470 2729 esset]
489 2700 529 2724 sic
547 2700 629 2723 Editt.
647 2698 736 2729 1553„
758 2699 847 2727 1554.;
873 2698 921 2722 Ed.
938 2696 1012 2720 1568.
1030 2696 1080 2719 est.

808 2502 892 2526 Editt.
912 2500 1001 2529 1553„
1023 2500 1096 2523 155⁴.
1120 2499 1262 2522 coherceat

835 108 958 145 PHIL.
991 106 1104 142 MEL.
1141 105 1342 140 SCRIPTA
1376 106 1713 143 PHILOLOGICA.

2210 108 2284 144 992

1298 192 1428 226 iudicio
1446 193 1659 237 periclitari,
1687 205 1764 226 cum
1784 204 1844 226 sua
1862 191 1990 225 virtute
2008 204 2147 237 semper
2170 194 2287 227 desen-

1299 243 1389 276 derit
1407 244 1534 276 iudicia
1552 251 1585 277 et
1603 245 1693 288 leges
1709 246 1875 277 adi-ersus
1891 244 2093 283 seditiosos,
2121 245 2181 288 qui
2197 245 2287 278 iudi-

1300 295 1350 326 cia
1379 301 1409 326 et
1439 295 1531 338 leges
1555 296 1696 327 abolere
1715 296 1946 328 conabantur.
2001 294 2034 327 6.
2062 294 2285 327 Reiectio:

1300 346 1365 377 Sed
1389 346 1422 377 in
1442 344 1508 378 liac
1525 357 1626 378 causa
1645 358 1716 377 non
1737 347 1922 378 defendam
1943 345 2114 378 Milonem
2136 357 2288 378 comme-

1300 397 1500 429 moratione
1527 396 1748 440 publicormn
1775 396 2006 435 meritorum,
2046 397 2106 429 sed
2130 402 2210 428 utar
2231 396 2290 428 de-

1300 447 1472 486 fensione,
1502 459 1606 492 quam
1625 453 1751 479 natura
1773 444 1976 480 bominibus
1993 447 2166 486 concedit,
2194 447 2290 492 quod

1302 497 1544 531 insidiatorem
1564 498 1639 530 iure
1660 497 1884 530 interfecerit.

1404 549 1498 581 llaec
1526 548 1727 581 distributio
1756 547 2011 581 sententiarum
2043 549 2145 581 affert
2170 548 2291 581 lumen

1304 599 1458 632 orationi
1473 626 1481 639 ,
1517 606 1550 632 et
1575 599 1747 638 ostendit,
1784 599 1869 644 quid
1885 595 2058 631 'hahuerit
2080 599 2217 632 consilii
2235 598 2291 631 Ci-

1303 662 1395 683 cero.
1441 651 1551 694 Queri
1564 650 1606 694 ¹¹)
1625 649 1746 689 voluit,
1764 650 2066 694 quemadmodum
2082 650 2210 682 merito
2231 662 2293 694 po-

1304 707 1406 741 terat,
1424 702 1465 733 de
1483 701 1662 745 dispositis
1683 701 1802 733 armis.
1864 700 2056 745 Nunquam
2075 701 2168 732 enim
2186 707 2289 732 antea

1304 753 1373 785 ulla
1402 758 1515 785 aetate
1540 752 1729 797 quisquam
1756 752 1803 783 ita
1827 751 2008 797 dixer-itm)
2032 763 2173 784 causam
2201 751 2292 783 inter

1306 810 1472 837 armatos.
1532 803 1668 835 Deinde
1686 802 1799 835 voluit
1816 803 2026 835 confirmare
2041 803 2241 835 dubitantes
2259 807 2293 834 et

1305 853 1465 887 infirmos
1487 854 1637 892 iudices,
1681 853 1741 898 qni
1764 854 1969 886 metuebant
1993 865 2091 885 arma
2118 853 2292 897 Pompeii,

1306 911 1335 937 et
1359 905 1472 937 Clodii
1490 905 1679 938 factionem
1692 904 1748 950 ¹³).
1807 904 1944 937 Deinde
1963 916 2041 937 cuin
2058 905 2218 937 videmus
2237 915 2294 935 or-

1305 956 1386 989 dine
1405 956 1575 1000 disposita
1592 955 1772 992 membra,
1800 955 1952 988 imitatio
1971 961 2022 988 est
2039 955 2188 988 facilior.
2240 953 2292 986 lta

1306 1007 1400 1037 enim
1425 1005 1628 1050 cognitisfl)
1650 1004 1905 1047 principalibus
1927 1005 2097 1038 membris
2123 1006 2294 1043 videmus,

1307 1056 1489 1100 quomodo
1507 1055 1622 1087 oratio
1638 1055 1809 1098 paulatim
1818 1054 1863 1099 l5)
1880 1061 2030 1094 crescat,
2062 1067 2140 1087 cum
2163 1067 2294 1099 propo-

1306 1106 1426 1139 sitioni
1445 1106 1578 1150 positae
1598 1104 1831 1150 addanturffi)
1848 1104 1937 1137 aliae
1955 1105 2112 1144 vicinae,
2139 1112 2178 1138 ut
2191 1118 2293 1149 argu-

1306 1163 1426 1189 menta
1446 1157 1500 1189 vel
1519 1156 1770 1201 consequentia
1785 1155 1842 1201 ¹⁷).
1877 1155 2047 1189 Videmus
2064 1156 2182 1195 etiam,
2201 1168 2291 1201 quae

1307 1209 1439 1251 figurae
1458 1208 1599 1240 additae
1617 1208 1687 1240 sint
1706 1207 1857 1239 ornandi
1879 1219 1980 1239 causa
1993 1233 2001 1246 ,
2034 1207 2123 1240 sicut
2146 1207 2293 1241 lumina.

1308 1259 1402 1292 Haec
1415 1258 1473 1303 qui
1487 1259 1663 1297 observat,
1681 1264 1714 1291 et
1727 1258 1853 1290 rectius
1865 1257 2138 1301 intelligetbona
2150 1258 2293 1302 scripta,

1308 1316 1341 1342 et
1356 1310 1493 1343 facilius
1510 1322 1549 1343 ea
1565 1309 1776 1342 imitabitur.
1821 1309 1893 1342 Nec
1910 1321 1994 1341 vero
2013 1309 2224 1352 compositio
2236 1308 2294 1342 Ci-

1308 1361 1498 1394 ceroniana
1518 1360 1755 1393 animadverti
1772 1366 1905 1403 potest,
1938 1359 2004 1392 nisi
2024 1358 2091 1392 lioc
2108 1360 2215 1393 modo
2234 1360 2296 1393 ob-

1307 1418 1445 1445 servata
1469 1412 1592 1458 fine¹⁸)
1618 1412 1875 1444 membrorum.
1928 1410 2080 1444 Facilius
2105 1410 2210 1443 etiam
2236 1423 2297 1444 au-
2333 1435 2335 1438 -

1308 1469 1427 1497 torum
1445 1463 1639 1497 sententiae
1657 1462 1734 1495 aliis
1760 1461 1874 1495 verbis
1896 1461 1996 1494 reddi
2020 1467 2188 1506 possunt,
2216 1474 2295 1495 cum

1308 1514 1494 1547 intervalla
1512 1514 1756 1546 membrorum
1775 1513 1946 1546 videmus.

1411 1573 1497 1617 Cap.
1512 1572 1538 1607 Ι.
1568 1572 1598 1617 ᾗ.
1619 1574 1650 1606 1.
1678 1575 1753 1606 Etsi
1771 1570 1902 1619 vereor]
1932 1571 2104 1616 Querela:
2131 1571 2297 1605 Commo-

1308 1637 1394 1657 veor
1408 1623 1474 1657 hac
1490 1636 1582 1656 nova
1601 1625 1715 1656 forma
1735 1623 1866 1655 iudicii.
1940 1621 2079 1668 Terret]
2106 1621 2295 1666 Empliasis

1309 1681 1359 1707 est
1382 1675 1419 1707 in
1444 1673 1510 1707 hac
1534 1686 1630 1707 voce.
1709 1676 1786 1707 IVon
1801 1670 1908 1718 enim]
1938 1672 2115 1716 Repetitio
2140 1673 2295 1706 eiusdem

1309 1731 1514 1758 sententiae.

1415 1774 1444 1819 ἓ.
1461 1778 1495 1810 2.
1533 1772 1677 1821 Cotiara]
1713 1774 1769 1806 vel
1795 1773 1964 1806 collocata
1978 1772 2022 1817 ¹⁹)
2050 1772 2216 1818 (Dubitat
2237 1785 2297 1807 au-

1312 1832 1379 1858 tem
1406 1824 1562 1869 Philipp.
1589 1822 1819 1863 Melantlion,
1856 1831 1974 1857 utrum
1999 1824 2185 1867 legendum
2212 1823 2297 1870 sin).

1312 1879 1405 1918 Quae
1426 1879 1456 1910 si
1483 1873 1649 1921 opposita]
1686 1875 1869 1908 Correctio
1896 1887 1956 1908 seu
1980 1875 2152 1908 inversio:
2187 1875 2297 1908 Arma

1311 1928 1480 1971 disposita
1505 1933 1587 1960 sunt
1611 1938 1676 1970 pro
1703 1926 1883 1959 communi
1909 1926 2182 1971 tranquillitate,
2209 1926 2299 1959 scili-

1312 1985 1384 2019 cet,
1409 1985 1449 2012 ut
1466 1978 1597 2011 iudices
1614 1977 1723 2010 libere
1741 1977 1877 2021 possint
1899 1978 2107 2015 decernere,
2142 1983 2176 2010 et
2202 1984 2298 2010 utra-

1312 2042 1380 2075 que
1397 2041 1479 2074 pars
1495 2029 1604 2061 tutior
1624 2029 1679 2062 sit.
1758 2026 1883 2075 Reum]
1913 2029 1947 2061 id
1973 2035 2042 2068 est,
2074 2040 2147 2061 non
2172 2034 2223 2062 est
2248 2028 2299 2062 iu-

1311 2088 1403 2114 stum
1420 2080 1527 2113 armis
1544 2080 1643 2113 illum
1662 2079 1884 2124 opprimere,
1911 2080 1953 2113 de
1971 2079 2069 2113 cuius
2088 2091 2191 2113 causa
2208 2079 2301 2114 diiu-

1348 2216 1394 2244 11)
1414 2213 1513 2244 Queri]
1531 2213 1570 2238 sic
1588 2213 1673 2239 Editt.
1690 2215 1781 2246 1553„
1803 2215 1892 2245 15514
1918 2216 1966 2239 Ed.
1985 2216 2057 2240 1568.
2077 2215 2185 2245 Quaeri.

1349 2258 1395 2286 12)
1415 2257 1529 2285 dixerit]
1550 2257 1589 2280 sic
1607 2257 1690 2282 Editt.
1707 2257 1797 2289 1553.,
1818 2259 1907 2287 1554.;
1936 2258 1983 2282 Ed.
2001 2258 2073 2281 1568.
2093 2257 2210 2283 dixerat.

1349 2300 1394 2331 13)
1415 2300 1574 2327 factionem]
1595 2299 1635 2323 sic
1655 2300 1703 2323 Ed.
1720 2300 1811 2331 1568.;
1834 2300 1920 2325 Editt.
1936 2300 2026 2324 1553..
2048 2300 2120 2324 1554.
2141 2301 2295 2326 factionum.

1346 2345 1393 2371 14)
1414 2342 1548 2373 cognitis]
1569 2342 1609 2365 sic
1626 2343 1711 2366 Editt.
1728 2342 1817 2373 1553.,
1839 2343 1929 2372 1554.;
1957 2342 2004 2366 Ed.
2022 2343 2096 2365 1568.
2114 2343 2227 2373 agnitis.

1350 2386 1397 2414 15)
1418 2384 1506 2408 oratio
1526 2384 1671 2413 paulatim]
1692 2384 1732 2407 sic
1750 2385 1934 2415 Editt.1553.,
1955 2384 2045 2412 1551.;
2070 2385 2118 2410 Ed.
2137 2387 2209 2411 1568,
2228 2393 2298 2418 pau-

1382 2419 1456 2442 latim
1476 2418 1575 2442 oratio.

1350 2463 1396 2490 16)
1415 2461 1565 2489 addantur]
1584 2460 1623 2483 sie
1641 2460 1723 2483 Editt.
1741 2460 1830 2490 1553.,
1851 2460 1940 2483 155⁴.:
1961 2461 2007 2484 ild.
2027 2462 2100 2486 1568.
2120 2463 2261 2487 adduntur.

1350 2505 1396 2532 17)
1415 2503 1609 2533 consequentia
1629 2502 1669 2526 sic
1687 2503 1768 2525 Editt.
1789 2502 1862 2525 155³.
1875 2518 1882 2532 ,
1908 2503 1999 2531 1554.;
2034 2505 2082 2527 Ed.
2103 2505 2176 2529 1568.
2200 2512 2298 2530 eonse-

1384 2538 1519 2567 quentiae.

1353 2582 1397 2609 125)
1418 2581 1567 2603 observata
1586 2579 1653 2607 fine]
1673 2579 1713 2602 sic
1731 2577 1814 2602 Editt.
1836 2579 1927 2609 lam,
1955 2580 2044 2610 ¹55⁴.;

1386 2616 1497 2638 servata
1515 2614 1595 2638 serie.

1353 2658 1398 2685 19)
1416 2657 1463 2680 Ed.
1485 2656 1570 2680 Oreii.
1587 2655 1739 2679 collocata.
1760 2668 1793 2673 —
1830 2656 1976 2685 Sequentia
1996 2658 2079 2681 verba
2096 2658 2174 2682 uncia
2193 2659 2295 2685 inclusa

1387 2690 1501 2722 adiecit,
1520 2689 1565 2719 qui
1583 2690 1646 2713 haec
1665 2689 1767 2713 scholia
1785 2690 1950 2720 conseripsit
1970 2692 2012 2715 vei
2036 2692 2127 2716 edidit.

2078 2581 2127 2606 Ed.
2150 2582 2224 2607 1568.
2246 2585 2296 2608 ob-
