2347 3000
234 124 305 159 407

236 211 346 243 Valde
364 210 456 244 bona
480 222 534 243 res
550 217 631 244 sunt
646 209 758 251 leges,
786 209 843 241 sed
864 206 890 239 si
911 205 988 250 quis
1006 204 1110 237 nimis
1128 203 1223 236 ‹luri-

238 269 290 295 ler
308 263 398 303 leges
419 261 578 303 inlelligit
592 288 600 300 ,
629 261 665 292 tit
681 257 919 304 sycoplnuila,
946 263 980 288 nl
1001 254 1121 288 Iudaei
1143 262 1224 288 sunt

236 312 493 358 sycophantae,
522 312 627 344 nimis
647 310 780 343 duriter
797 308 1030 351 intelligentes
1051 307 1162 349 legem
1182 308 1223 339 de

235 366 394 398 sabbalo.
462 361 635 401 ,ξύνοδος
669 359 964 393 Chalcedonensis
997 358 1131 398 sanxit,
1181 359 1223 390 de

235 415 403 460 Episcopi
439 414 584 446 consilio
617 412 880 444 concedendum
907 423 979 443 esse.
1006 409 1222 442 connubium

238 467 298 507 iis,
329 467 388 512 qni
412 466 621 497 coelibatum
646 463 902 506 promiserant,
928 462 957 495 si
979 461 1156 494 laxatione
1175 460 1224 492 vi-

237 520 381 551 deretur
397 530 484 559 opus
503 514 641 559 essem).
701 513 858 559 Sequens
881 520 976 546 aetas
999 512 1104 545 nimis
1128 512 1223 545 (luri-

239 576 291 602 ιρι·
328 568 488 611 flagitans
527 565 811 599 observationem
842 565 927 609 legis
960 565 1002 596 de.
1037 564 1223 603 coelibatu,

238 618 461 653 confirmarit
479 623 509 649 et
529 617 625 649 auxit
643 629 769 660 magna
788 617 930 650 scelera.

337 670 523 702 Postremo
549 675 583 701 et
609 667 675 702 hoc
700 669 846 707 addam,
882 666 1115 709 lix-angelium
1141 678 1223 710 pro-

237 721 338 766 ponit
359 719 598 754 dulcissimam
624 717 814 754 ἐπιείκειαν
837 719 920 763 legis
944 718 1096 752 divinae.
1147 717 1223 751 Etsi

235 773 328 805 enim
353 773 408 805 lex
428 772 618 816 perfectam
644 771 882 803 obedientiam
907 769 1076 815 requirit,
1104 774 1223 801 tamen

235 822 449 872 εὐαγγέλιον
474 828 622 856 testatur
648 835 712 856 nos
737 822 846 865 recipi
873 827 1020 866 propter
1047 820 1221 852 Mediato-

235 887 309 908 rem
328 875 458 908 Filium
477 873 563 913 Dei,
598 880 630 906 et
656 874 794 917 placere
812 873 887 905 Deo
912 870 1113 904 inchoatam
1142 872 1223 904 olie-

234 927 403 959 dientiam
424 932 570 969 propter
586 925 819 957 Mediatorem
833 951 841 963 ,
870 924 932 957 etsi
951 921 1066 956 adlinc
1092 923 1222 966 imper-

233 979 321 1011 secta
349 984 399 1011 est
425 977 459 1009 in
487 975 551 1009 hac
577 976 666 1016 sita,
711 983 744 1009 et
772 976 891 1009 multis
914 975 1077 1009 sordibus
1102 981 1222 1007 conta-

234 1029 383 1062 minata.

337 1080 431 1112 Haec
450 1085 522 1111 tota
542 1078 702 1110 doctrina
720 1084 770 1109 est
787 1078 961 1123 quaedam
985 1074 1153 1111 ἐπιείκεια
1175 1076 1222 1109 le-

234 1131 305 1173 gis,
340 1138 373 1163 et
397 1143 437 1163 ex
462 1128 528 1162 hoc
554 1131 650 1162 sonte
674 1129 782 1161 inulta
810 1134 1018 1171 argmnenta
1046 1128 1221 1171 explican-

235 1189 308 1215 tur:
353 1182 389 1215 Si
419 1182 469 1214 xis
500 1181 535 1213 in
564 1180 672 1213 xitam
707 1179 860 1223 ingredi,
904 1190 1004 1212 serxa
1035 1180 1220 1215 mandata;

233 1233 347 1267 Nemo
372 1238 489 1267 servat
510 1233 696 1264 mandata:
733 1242 813 1273 erge
837 1242 942 1262 nemo
972 1230 1006 1262 in
1032 1230 1142 1262 vitam
1170 1229 1221 1261 in-

233 1285 402 1327 greditur.
478 1283 648 1325 Keganda
680 1288 730 1315 est
760 1281 895 1314 minor:
941 1281 1074 1314 Paulus
1105 1286 1222 1314 servat

234 1337 401 1368 mandata
420 1334 515 1366 iuxta
534 1332 745 1373 ἐπιείκειαν,
775 1333 811 1365 in
828 1332 1022 1375 Evangelio
1041 1333 1221 1371 traditam,

233 1387 268 1420 id
287 1393 355 1426 est,
383 1397 534 1430 persona
551 1391 698 1429 propter
716 1382 895 1417 Christum
919 1390 1057 1427 recepta
1083 1390 1133 1417 est
1154 1384 1220 1415 fide

233 1445 265 1471 et
284 1437 502 1477 obedientia,
531 1448 736 1482 quanquam
755 1436 978 1479 imperfecta,
1006 1442 1126 1467 tamen
1149 1435 1219 1466 iam

232 1490 345 1534 placet
356 1489 432 1521 Deo
450 1494 597 1532 propter
612 1487 859 1520 Mediatorem.
914 1486 1013 1519 llanc
1029 1484 1220 1520 ἐπιείκειαν

232 1540 427 1584 intelligere
459 1540 622 1583 prodest,
662 1545 695 1571 et
725 1540 767 1570 ad
801 1538 1030 1571 conscIentias
1057 1538 1219 1570 erudien-

231 1594 312 1632 das,
340 1598 374 1624 et
397 1592 440 1624 ad
463 1590 687 1634 cogitandam
713 1589 997 1633 magnitudinem
1020 1589 1219 1622 misericor—

231 1644 310 1677 diae
327 1643 405 1676 Dei.

331 1695 444 1738 Supra
464 1693 595 1725 dictum
615 1698 683 1731 est,
711 1693 804 1724 unde
822 1692 936 1724 sontes
954 1690 1140 1736 aequitatis
1163 1703 1218 1723 su-

230 1753 393 1785 mantur,
426 1744 556 1778 scilicet
579 1756 620 1776 ex
645 1743 832 1775 collatione
854 1743 969 1785 legum
993 1741 1216 1786 superiorum

230 1799 275 1830 ad
294 1796 497 1835 inferiores,
525 1801 559 1828 et
575 1807 616 1828 ex
637 1793 920 1828 circumstantiis.

231 1850 327 1882 iubet
344 1845 527 1881 Abraham
542 1852 697 1879 mactare
717 1846 827 1879 tilium
840 1872 849 1885 ,
877 1845 956 1877 ideo
976 1845 1067 1877 cedit
1087 1844 1142 1877 lex
1166 1844 1218 1876 in-

230 1900 355 1933 ferior:
383 1899 466 1933 Non
484 1897 632 1931 occides.
681 1895 731 1929 Ita
750 1895 913 1941 superior
928 1896 1000 1928 lex:
1029 1895 1217 1930 Neminem

231 1952 365 1991 laedas,
407 1955 503 1982 vetat
530 1948 729 1993 depositum
762 1948 917 1992 gladium
948 1947 1049 1980 reddi
1074 1947 1216 1980 furenti.

229 2002 280 2036 Ita
295 2002 458 2046 superior
476 2001 546 2033 lex:
572 2000 760 2034 Neminem
780 1999 908 2032 iniuste
930 1999 1068 2038 laedas,
1096 1999 1217 2031 mode-

228 2060 329 2087 ratur
345 2052 564 2091 inferiorem,
591 2051 770 2084 videlicet:
799 2051 924 2084 Sei-ves
938 2050 1094 2084 foedera.
1133 2048 1214 2082 Ideo
1240 2056 1244 2100 ,Ι

228 2105 423 2139 Pausanias
433 2103 479 2149 66)
504 2115 579 2136 non
601 2103 746 2135 adiuvat
770 2103 819 2136 50
844 2108 1034 2146 tyrannos,
1077 2102 1214 2135 tametsi

229 2157 510 2190 confoederatus.

261 2274 309 2301 65)
329 2273 451 2296 Historia
475 2274 502 2296 et
525 2274 587 2296 acta
612 2270 726 2295 Consilii
752 2269 983 2293 Chalcedonensis
1006 2276 1030 2294 a.
1047 2270 1106 2293 ⁴5¹.
1132 2270 1214 2293 hahiti

297 2307 470 2336 reperiuntur
490 2308 517 2330 in
535 2306 624 2329 Mansi
644 2311 784 2328 sacrorum
804 2305 977 2328 conciliorum
997 2311 1085 2327 norae
1104 2307 1129 2327 et
1154 2311 1213 2327 am-

296 2342 436 2371 piissimae
453 2341 623 2365 collectionis
641 2340 722 2362 Tomo
743 2339 788 2362 Vl.
809 2340 956 2368 p.5·29sqq.
978 2341 1004 2362 ct
1020 2339 1076 2362 vn.
1099 2339 1212 2368 lulsqq.
1238 2348 1239 2356 κ

298 2379 372 2404 Quae
391 2377 416 2398 h.
431 2376 446 2399 l.
467 2377 499 2399 tle
517 2375 648 2398 connubio
663 2380 770 2398 eorum,
790 2374 832 2402 qni
846 2374 1003 2396 coelibatum
1019 2373 1212 2402 promiserant.
1237 2400 1239 2408 ⁴

296 2410 457 2433 dictasunt.
478 2412 603 2438 spectare
621 2408 748 2431 videntur
767 2408 800 2429 aa
819 2413 947 2430 canonem
970 2408 1066 2432 ..XVL
1086 2406 1130 2431 De
1147 2409 1212 2431 l'ir-
1237 2414 1239 2433 ὲ

294 2444 408 2474 mnibus
427 2446 455 2468 et
475 2443 634 2468 Manat-lais.
672 2442 726 2465 Nec
745 2447 804 2464 eam
823 2448 891 2471 quae
906 2448 936 2464 se
952 2442 1064 2465 Domino
1079 2442 1135 2464 Deo
1154 2442 1211 2464 vir-
1237 2436 1239 2471 Ι

300 2478 387 2505 ginon»
408 2479 500 2502 vovit.
529 2478 622 2500 eodem
641 2477 719 2500 modo
748 2482 799 2499 nec
822 2476 959 2498 monachis
986 2477 1086 2499 nubere
1112 2476 1210 2499 licebit.
1236 2474 1239 2506 ξ

297 2512 323 2535 Si
345 2517 410 2534 vero
429 2512 476 2534 hoc
496 2512 586 2535 facere
605 2510 761 2537 voluerint,
793 2515 809 2532 a
833 2510 1017 2533 communiore
1042 2510 1210 2539 suspendan-
1236 2507 1238 2550 ξ

296 2548 349 2569 tur.
397 2546 592 2569 Confitentihus
616 2547 705 2569 autem
728 2544 898 2567 decrevimus
917 2547 945 2567 nt
963 2545 1058 2568 habeat
1075 2545 1211 2567 autorita-
1236 2554 1237 2564 1

296 2582 348 2602 tem
369 2580 488 2602 eiusdem
509 2580 558 2602 lori
578 2580 720 2608 episi-opus
738 2578 950 2601 misericordiam
967 2579 1210 2607 humanitatemque

299 2611 429 2643 largiri.⁰
451 2613 517 2643 (vid.
532 2614 618 2636 Mausi
641 2614 656 2636 1.
672 2614 688 2636 1.
709 2613 803 2637 auvil.
824 2620 847 2642 p.
860 2613 917 2637 397.
939 2614 966 2637 T.
978 2613 1024 2636 w.
1043 2620 1067 2642 p.
1086 2613 1184 2639 122³.)
1234 2617 1237 2652 l

258 2664 306 2690 66)
326 2665 365 2688 De
385 2664 424 2686 liis
443 2665 522 2686 relius·
544 2670 557 2686 a
575 2663 711 2686 Pausania
733 2669 798 2689 rext-
812 2664 1084 2687 Lacedaemoniorum
1106 2664 1210 2687 (⁴0⁴—

295 2700 344 2722 394
358 2705 382 2721 a.
399 2697 476 2728 cnr)
497 2699 584 2724 gesti<
604 2699 672 2720 cons,
688 2698 811 2725 xenoph.
828 2699 931 2720 Hellen.
945 2699 973 2721 ll.
994 2706 1015 2720 ν.
1029 2701 1052 2721 4.
1075 2698 1141 2727 §.20
1152 2706 1208 2728 sqq,
1234 2694 1235 2698 ’

296 2733 390 2757 lustin.
410 2733 471 2756 hist.
493 2732 524 2755 V.
548 2740 568 2755 c.
589 2733 625 2754 10.
646 2733 669 2759 ἢ·
687 2732 702 2754 6
717 2738 774 2760 sqq,
801 2732 875 2756 Diod.
890 2733 966 2755 le.
985 2733 1028 2756 33.
1230 2738 1234 2754 ι

503 121 704 157 SCRIPTA
731 121 805 157 PH.
834 120 945 155 MEL,
973 119 1038 153 AD
1065 116 1273 153 ETHICEN
1301 117 1364 152 ET
1392 117 1649 154 POLITICEN
1676 118 1988 155 SPECTA'NTIA.

973 1793 1144 1837 Superior
1165 1793 1219 1825 lex
1244 1837 1245 1842 1

2183 121 2257 158 408

1377 204 1473 239 Hace
1505 205 1646 239 collatio
1678 205 1795 250 legum
1827 205 2083 240 consideranda
2115 211 2166 241 est
2195 206 2262 243 hoc

1276 255 1374 296 loco,
1409 257 1502 303 ac⁶⁷)
1525 258 1731 292 Aristoteles
1756 264 1878 301 argute
1901 255 1965 291 hos
1986 258 2102 292 sontes
2124 260 2263 304 quaerit

1277 307 1477 351 disputans,
1507 321 1570 350 an,
1596 310 1625 343 si
1641 308 1798 354 aequitas
1813 316 1907 342 recta
1924 316 1987 349 est,
2012 322 2191 343 summum
2210 310 2263 346 ius

1277 358 1448 392 iniustitia
1466 359 1534 393 sit?
1588 360 1791 404 Respondet
1807 361 2014 394 Aristoteles
2029 373 2155 405 genere
2180 373 2263 395 con-

1277 422 1400 453 gruere
1418 417 1627 456 utrumque,
1654 424 1831 445 snnnmnn
1848 412 1901 446 ius
1917 419 1951 445 et
1965 413 2200 458 aequitatem,
2227 412 2263 446 id

1277 468 1347 502 est,
1373 468 1525 507 utroque
1543 463 1742 506 probantur
1763 470 1874 503 recta,
1902 470 1936 496 et
1955 464 2172 497 damnantur
2190 470 2264 497 tur-

1276 512 1355 557 pia,
1394 515 1455 547 sed
1479 513 1646 557 gradibus
1669 513 1838 546 disserunt
1861 521 2007 559 propter
2033 515 2263 549 circumstan-

1277 564 1360 605 tias,
1388 571 1427 598 nt
1446 566 1487 598 de
1504 566 1598 598 surto
1611 591 1620 605 ,
1647 571 1818 610 utraeque
1835 565 1945 608 leges,
1979 573 2135 600 recentes
2152 573 2186 600 et
2204 578 2262 600 ve-

1277 622 1386 655 teres,
1429 628 1555 659 genere
1577 622 1796 660 congruunt,
1838 617 2010 650 damnant
2032 618 2186 658 furtum,
2229 624 2264 651 et

1276 667 1448 711 puniunt,
1483 669 1541 701 sed
1560 674 1707 712 propter
1725 667 2006 701 circumstantias
2024 668 2163 714 aliquae
2182 675 2264 702 sunt

1277 718 1448 752 mitiores.
1483 719 1586 754 lN'nnc
1602 719 1770 763 pauciora
1787 720 1885 751 frena
1899 725 1982 753 sunt
1995 718 2263 766 disciplinaeae)‚

1277 783 1382 815 qnam
1405 770 1502 810 olim,
1531 777 1564 803 et
1580 768 1646 803 liae
1662 777 1782 815 gentes
1792 770 1837 816 ⁶⁹)
1854 777 1937 804 sunt
1952 771 2155 812 ferociores,
2181 771 2262 804 ideo

1275 821 1330 853 lex
1353 829 1556 866 exasperata
1582 828 1644 855 est.
1701 822 1756 855 Sic
1777 822 1909 856 Paulus
1933 822 1975 855 de
2000 822 2263 866 magistratibus

1275 872 1424 918 loquens
1442 873 1595 907 l'toman.
1614 873 1672 912 13,
1699 872 1766 919 (3.)
1794 880 1932 906 tantum
1959 874 2001 906 de
2025 886 2152 917 genere
2178 885 2262 918 poe-

1275 936 1402 957 narum
1434 924 1610 970 loquitur:
1665 924 1893 968 Magistratus
1920 925 1964 958 sit
1995 922 2125 958 honori
2158 924 2262 959 bonis

1276 976 1459 1019 operibus,
1487 982 1520 1008 et
1540 975 1667 1008 terrori
1684 976 1797 1009 malls.
1850 975 2028 1009 Discernit
2044 976 2135 1020 leges
2152 975 2189 1009 in
2205 987 2263 1020 ge-

1274 1038 1377 1067 nere,
1413 1040 1476 1059 nec
1502 1027 1711 1071 praescrihit
1733 1027 1900 1066 modum,
1931 1028 1993 1060 sed
2018 1027 2180 1060 concedit
2205 1039 2261 1060 ex-

1275 1078 1432 1121 asperari
1463 1078 1576 1120 leges,
1613 1078 1696 1122 quia
1718 1077 1924 1121 politiarum
1951 1079 2157 1122 asperitates
2180 1084 2262 1112 sunt

1274 1140 1410 1172 poenae
1444 1126 1684 1161 humanorum
1718 1134 1944 1172 peccatorum
1969 1128 2091 1161 divino
2118 1129 2262 1169 iudicio,

1274 1180 1311 1211 in
1331 1192 1400 1224 qno
1425 1179 1652 1224 delinquens,
1679 1191 1760 1213 reus
1785 1185 1836 1213 est
1862 1179 2007 1219 mortis,
2035 1179 2141 1213 etiam
2166 1186 2262 1219 tunc,

1275 1244 1352 1264 cum
1371 1231 1463 1274 leges
1479 1228 1656 1263 humanae
1675 1230 1706 1263 ei
1724 1237 1885 1275 parcunt.
1944 1229 2028 1264 Ideo
2055 1231 2183 1265 dicitur
2207 1231 2261 1264 lex

1274 1282 1411 1322 valere,
1438 1282 1569 1326 partim
1594 1288 1742 1327 propter
1766 1282 1963 1322 rationem,
1990 1282 2138 1323 scilicet,
2165 1283 2262 1328 quod

1274 1334 1318 1366 ad
1334 1346 1441 1377 genus
1457 1333 1600 1373 attinet,
1628 1333 1759 1377 partim
1777 1339 1924 1378 propter
1940 1333 2168 1366 autoritatem
2186 1345 2260 1366 ma-

1273 1384 1450 1428 gistratus.
1501 1383 1555 1417 Ex
1570 1382 1624 1418 his
1647 1384 1746 1417 facile
1767 1384 1915 1429 intelligi
1939 1391 2054 1429 potest
2076 1384 2260 1430 responsio

1272 1436 1484 1470 Aristotelis.

1377 1487 1445 1520 Sed
1463 1493 1583 1520 tamen
1601 1487 1687 1521 illud
1702 1487 1813 1520 lector
1829 1487 2029 1520 monendus
2051 1493 2121 1527 est,
2155 1498 2259 1531 saepe

1272 1551 1451 1572 summum
1469 1538 1521 1572 ius
1540 1551 1605 1583 pro
1623 1538 1842 1572 calumnioso
1859 1538 1938 1572 dici.
1997 1536 2036 1571 Id
2053 1537 2260 1582 simpliciter

1272 1590 1440 1623 iniustum
1459 1596 1528 1629 est,
1555 1597 1594 1623 nt
1610 1597 1718 1623 noctu
1733 1590 1918 1634 populari,
1953 1601 2033 1623 cum
2053 1589 2191 1622 dierum
2207 1589 2260 1622 in-

1272 1642 1395 1674 duciae
1421 1647 1544 1684 pactae
1567 1648 1645 1673 sunt
1659 1641 1721 1685 70);
1758 1641 1862 1680 ilem,
1898 1652 1976 1673 cum
1996 1640 2154 1674 Herodes
2175 1652 2257 1684 pro-

1273 1699 1350 1736 pter
1373 1692 1618 1724 iusiurandum
1644 1691 1809 1724 interficit
1827 1690 2062 1736 l‹›annem⁷¹).
2114 1690 2160 1724 Et
2174 1691 2259 1725 Saul

1272 1750 1417 1787 propter
1433 1756 1533 1776 suam
1551 1743 1693 1776 stultam
1717 1742 1967 1782 traditionem,
1994 1742 2126 1782 silium,
2152 1754 2258 1788 quem

1271 1794 1366 1827 Deus
1384 1800 1573 1826 ornaverat
1591 1794 1736 1826 victoria
1749 1820 1757 1833 ,
1785 1793 2032 1826 interfecturus
2049 1792 2166 1839 est72).
2212 1792 2259 1826 Et

1272 1845 1390 1879 Iudaei
1408 1851 1530 1878 vetant
1549 1843 1726 1877 Christum
1751 1845 1787 1877 in
1806 1845 1953 1878 sabbato
1972 1856 2096 1878 curare
2106 1844 2164 1890 ⁷³).
2217 1843 2257 1877 In

1270 1898 1398 1930 talibus
1424 1896 1559 1929 casibus
1583 1908 1656 1929 non
1681 1902 1882 1940 congruunt
1905 1908 2050 1939 genere,
2077 1908 2257 1930 summum

1272 1949 1323 1982 ius
1355 1955 1388 1981 et
1417 1947 1594 1993 aequitas,
1636 1947 1718 1993 qnia
1756 1947 1973 1981 calumniosa
2008 1947 2256 1992 interpretatio

1269 2012 1414 2045 prorsus
1434 2005 1529 2031 extra
1545 1999 1655 2042 legem
1673 2005 1742 2039 est,
1777 2005 1810 2031 et
1834 2005 1885 2032 est
1907 1998 2098 2039 iniustitia,
2134 1996 2256 2043 prohi-

1270 2052 1341 2084 hita
1359 2051 1435 2084 aliis
1450 2050 1596 2093 legibus.
1648 2050 1762 2083 Multa
1779 2056 1812 2083 et
1828 2062 1955 2094 magna
1971 2049 2154 2083 volumina
2173 2055 2254 2084 sunt

1269 2104 1370 2147 plena
1398 2100 1526 2134 harum
1547 2101 1829 2145 disputationum
1851 2102 1894 2135 de
1918 2114 2058 2135 summo
2081 2101 2176 2141 iure,
2220 2106 2254 2133 et

1268 2156 1310 2187 de
1334 2152 1574 2197 mitigatione,
1617 2153 1678 2186 sed
1703 2150 1756 2185 his
1777 2153 1933 2187 fontibus
1955 2152 2120 2196 cognitis,
2163 2163 2252 2197 quos

1267 2203 1435 2239 hactenus
1452 2203 1631 2245 recensui,
1658 2203 1795 2237 facilior
1813 2204 1880 2237 erit
1895 2203 2092 2249 explicatio.

1299 2322 1470 2379 67)ta;?]⁶gic
1488 2322 1569 2379 12:11}st
1591 2321 1663 2345 15⁴5.
1684 2323 1710 2345 et
1733 2322 1823 2352 ¹5⁴6.;
1858 2321 2046 2347 Editt.155o.,
2068 2321 2156 2351 ¹55⁴„
2178 2320 2251 2344 ¹557.

1335 2363 1349 2379 e
1397 2364 1412 2379 ο
1450 2374 1456 2379 .
1475 2363 1490 2379 ιι
1507 2375 1513 2380 .

1298 2408 1345 2435 6⁸5]
1366 2410 1429 2430 sunt
1449 2407 1622 2436 disciplinae]
1642 2407 1682 2431 sic
1700 2408 1782 2432 Editt.
1800 2407 1890 2435 tana,
1912 2407 2001 2430 1550..
2024 2407 2117 2435 1554„
2138 2405 2212 2430 1557.
2225 2409 2251 2428 et

1336 2442 1427 2471 1560.;
1454 2442 1524 2466 Edit.
1543 2443 1616 2466 1545.
1637 2443 1686 2465 liae
1706 2442 1872 2470 disciplinae.

1297 2491 1343 2523 69)
1365 2493 1414 2515 hae
1429 2494 1539 2521 gentes]
1553 2493 1590 2515 sic
1605 2493 1688 2516 Editt.
1704 2492 1792 2521 1546.,
1815 2492 1905 2522 1550„
1927 2492 2011 2516 1554..
2031 2491 2104 2516 1557.
2119 2493 2144 2515 ot
2160 2491 2250 2519 1560.;

1332 2527 1404 2550 Edit.
1419 2527 1491 2550 1545.
1511 2531 1634 2557 egentes

1296 2578 1344 2606 70)
1364 2578 1440 2602 Cous.
1461 2584 1544 2608 supra
1563 2585 1590 2609 p.
1603 2579 1662 2602 400.
1682 2580 1746 2602 nota
1763 2577 1805 2602 20.

1297 2628 1345 2656 71)
1364 2629 1458 2652 Matth.
1474 2629 1515 2659 14,
1534 2629 1559 2652 9.

1295 2678 1341 2710 72)
1365 2680 1386 2702 l.
1402 2683 1474 2703 Satn.
1492 2680 1532 2703 14.
1552 2680 1593 2702 44.

1295 2731 1343 2759 73)
1364 2731 1442 2755 conf.
1465 2731 1547 2753 Marc.
1563 2728 1588 2752 3.
1611 2728 1701 2752 2—5.
