2347 3000
208 148 282 182 967

215 234 310 280 quod
337 232 494 265 omnium
519 233 611 266 salus
639 228 798 265 Caesaris
829 228 940 261 salute
965 227 1200 260 contineatur.

219 284 335 330 Casus]
364 285 462 330 quasi
487 284 632 315 diceret:
667 283 783 324 Opto,
810 285 845 312 ut
874 291 981 324 quam
1005 277 1201 311 diutissime

216 336 326 370 viras.
406 335 585 379 Dolcoque]
613 331 782 371 Collatio,
811 342 878 375 qua
897 331 1017 363 ruinas
1035 328 1201 373 reipubli-

218 399 278 420 cae
295 387 429 419 confert
447 398 524 417 cum
549 383 656 415 veteri
681 389 774 415 statu
798 388 831 413 et
857 381 1028 423 dignitate
1047 380 1201 412 Romani

218 438 391 476 nominis,
419 438 590 480 docetque
607 434 744 467 restitui
762 445 835 466 non
856 444 976 477 posse,
1002 431 1071 465 nisi
1096 442 1202 476 opera

219 489 390 523 Caesaris.

321 540 405 582 Cap.
424 535 512 569 Vlll.
541 534 570 579 ξ.
587 536 647 570 23.
683 535 822 578 Omnia]
858 534 963 567 Ratio
990 532 1205 579 propositio—

219 591 288 623 nis:
319 590 410 633 Quia
435 589 564 621 belluni
584 587 684 619 civile
703 587 857 629 graviter
875 586 996 618 afflixit
1015 584 1207 628 rempubli-

221 655 294 673 cam
310 667 317 679 ‚
345 653 451 685 quani
473 652 576 671 nenio
593 651 654 671 sua
673 638 863 670 autoritate
883 643 993 681 potest
1012 637 1207 673 restituere,

221 691 286 724 nisi
314 698 361 724 tu.
439 691 584 733 Iudicia]
619 689 776 721 Secunda
804 701 883 732 pars
909 686 1012 720 liuius
1035 686 1208 719 orationis

222 742 332 785 magis
363 741 584 775 consumitur
608 741 644 773 iu
669 741 872 772 laudatione
898 746 931 771 et
957 736 1208 771 adhortatione

222 793 399 830 Caesaris,
441 805 546 837 quam
581 791 812 835 purgatione,
855 797 887 823 et
915 790 972 822 illa
1006 790 1109 822 laude
1142 786 1209 821 hoc

221 845 291 888 agit
307 871 314 883 ,
343 850 381 876 ut
404 845 447 875 ad
463 843 743 876 moderationem
757 868 766 882 ,
799 840 1057 874 humanitatem
1075 846 1107 873 et
1124 839 1210 872 leni-

222 903 329 928 tatem
349 895 463 927 flectat
482 901 510 927 et
536 892 756 926 adhortetur.
817 892 919 925 Extat
945 892 1070 925 similis
1093 891 1209 923 oratio

222 946 377 980 Sallustii
404 947 447 978 ad
477 946 514 979 C.
543 945 729 978 Caesarem
757 945 799 976 de
828 943 1006 988 republica
1044 943 1211 975 ordinan-

223 1000 265 1031 da
282 998 340 1041 Ἠ).
419 997 531 1040 Fides]
559 996 689 1029 scilicet
717 996 933 1028 creditorum
949 1001 981 1027 et
997 994 1212 1032 debitorum,

223 1055 420 1093 pactorum.

327 1096 356 1141 ἓ.
373 1096 433 1133 25.
461 1098 592 1142 Itaque]
620 1095 858 1139 Amplisicatio
877 1107 917 1128 ex
938 1106 1025 1127 voce
1042 1092 1213 1126 Caesaris.

223 1149 533 1193 Sapienti-ssimum]
569 1147 665 1180 Dicit
690 1152 836 1190 propter
859 1143 945 1185 hoc,
979 1146 1075 1190 quod
1099 1143 1214 1188 sequi-

224 1208 302 1240 tur,
330 1199 410 1245 quia
431 1206 479 1232 est
499 1199 670 1231 fortitudo
689 1204 720 1229 et
738 1197 911 1241 sapientia
930 1209 1004 1228 non
1021 1195 1214 1228 formidare

225 1258 390 1284 mortem.
470 1250 582 1294 Satis]
611 1248 810 1282 Concessio,
881 1249 941 1292 At]
969 1244 1214 1291 Reprehensio

226 1315 266 1336 ex
285 1314 386 1335 causa
409 1300 518 1334 finali.
596 1303 638 1334 Iu
656 1298 908 1343 contemnenda]
935 1298 1012 1331 Alia
1032 1304 1084 1331 est
1102 1296 1216 1342 publi-

227 1366 286 1386 cae
306 1353 398 1386 vitae
422 1352 534 1391 ratio,
569 1351 637 1384 alia
662 1351 836 1395 privatae.
895 1350 1081 1383 Publicam
1106 1348 1215 1381 vitam

225 1404 375 1449 publicis
398 1403 594 1436 commodis
617 1403 825 1441 metiamur,
852 1401 1027 1446 privatam
1046 1401 1217 1434 libertate.

226 1456 347 1500 Saepe]
366 1454 628 1498 Repetitiones:
656 1453 883 1486 Incolumitas
902 1452 1117 1496 reipublicae
1134 1463 1219 1495 pen-

231 1509 289 1539 det
314 1520 332 1539 a
356 1513 414 1539 tua
441 1506 563 1539 salute.
630 1504 740 1548 Igitur
772 1516 845 1536 non
873 1504 1025 1537 debebas
1048 1509 1219 1547 spectare,

231 1558 344 1604 qualis
371 1557 433 1589 tibi
458 1556 598 1601 privato
628 1556 834 1589 conveniret
864 1555 1036 1588 fortitudo
1069 1555 1106 1586 in
1137 1566 1219 1586 con-

231 1609 419 1642 temnenda
465 1613 592 1640 morte.
717 1610 759 1640 [⁷1
795 1606 1031 1650 fundamenta]
1071 1605 1219 1639 Noema.

232 1659 425 1705 Aeqw‘tate]
455 1656 488 1692 h.
507 1671 536 1692 e.
551 1657 834 1702 Aequabilitate,
862 1662 1069 1700 contemptu
1085 1655 1220 1688 mortis.

234 1708 346 1753 Quid?
373 1712 402 1742 si
419 1710 521 1752 istud]
548 1708 743 1741 Correctio.

338 1763 366 1803 ᾗ.
391 1759 451 1794 26.
490 1759 702 1805 Ρανιι7η76)]
736 1757 934 1802 Occupatio
962 1769 1021 1790 seu
1055 1756 1221 1789 inversio.

235 1813 353 1854 Immo]
389 1810 594 1850 (Lon-ectio,
637 1809 738 1855 quasi
764 1809 913 1841 diceret:
956 1815 1037 1841 tuae
1064 1821 1118 1841 res
1142 1813 1224 1840 sunt

236 1862 429 1900 eiusmodi,
458 1862 552 1906 quod
579 1861 627 1894 e1s
653 1858 768 1893 adhuc
795 1860 929 1905 aliquid
956 1860 1056 1893 desit.
1114 1857 1224 1902 Igitur

236 1926 309 1947 non
326 1911 432 1945 habes
450 1914 638 1956 perfectam
656 1912 819 1955 gloriam.
886 1910 1063 1958 Quicquid]
1092 1910 1225 1943 Minor.

239 1964 391 2008 Quodsi]
421 1964 551 1997 Minor.
618 1962 810 2009 Siquidem]
839 1962 967 1995 Maior.
1033 1962 1225 2007 Siquidem]

237 2014 419 2048 Definitio.

344 2065 428 2109 Cap.
446 2063 502 2098 IX.
537 2062 566 2107 ἓ.
583 2064 644 2099 27.
675 2066 766 2098 Haec
793 2063 911 2107 iglitur]
945 2062 1115 2107 Epilogus
1138 2063 1227 2095 dilu—

242 2116 366 2155 tionis‚
408 2129 468 2150 scu
498 2115 676 2149 conclusio
710 2112 814 2147 huius
843 2114 1048 2158 syllogismi.
1132 2117 1228 2148 Satis

241 2168 313 2212 din]
351 2167 471 2200 Tertia
500 2179 580 2210 pars
604 2166 804 2205 dilutionis‚
849 2178 915 2209 qua
944 2165 1087 2201 refellit,
1132 2166 1226 2210 quod

243 2219 348 2259 dicit,
383 2231 419 2251 se
441 2218 524 2251 satis
549 2217 609 2250 diu
631 2216 769 2250 vixisse.
854 2218 941 2257 Quid
959 2215 1125 2261 enim⁷⁷)]
1161 2216 1228 2248 Γω-

244 2267 432 2314 prehensio
452 2268 645 2312 particulae
661 2270 740 2308 diu,
768 2267 868 2312 quasi
887 2267 1035 2300 diceret:
1070 2266 1152 2300 Non
1171 2268 1228 2299 (le-

244 2321 304 2354 bes
322 2320 440 2353 metiri
455 2326 612 2364 teinpus,
639 2320 699 2353 sed
716 2318 888 2362 respicere
906 2318 1168 2357 aeternitatem,
1197 2325 1230 2351 et

247 2378 297 2405 est
311 2377 450 2415 sumpta
467 2383 507 2404 ex
524 2370 710 2403 collatione
724 2369 819 2402 witae
838 2369 1016 2413 periturae
1035 2376 1068 2402 et
1085 2369 1229 2401 immor-

249 2422 404 2456 talitatis.
480 2421 702 2468 Quamquam]
731 2419 935 2464 Castigatio.
1008 2421 1230 2466 Quamquam]

249 2473 466 2506 Antecedens
496 2485 558 2506 sen
591 2472 726 2511 maior,
770 2471 869 2516 quasi
895 2471 1044 2503 diceret:
1088 2471 1145 2504 illa
1171 2478 1228 2504 tua

251 2524 318 2556 vita
339 2530 388 2556 est
406 2524 575 2556 memoria
597 2523 823 2568 posteritatis.

284 2625 333 2651 75)
352 2625 427 2648 Duae
444 2624 479 2647 ad
498 2624 526 2648 C.
547 2624 693 2647 Caesarem
714 2623 746 2646 de
765 2622 902 2652 republica
921 2621 1074 2646 ordinanda
1092 2622 1231 2646 orationes

321 2658 452 2682 sallustio
471 2658 626 2686 adscriptae
644 2658 670 2680 in
690 2657 768 2680 huius
787 2657 913 2686 operibus
931 2658 1050 2680 exstant.

284 2702 332 2728 713)
353 2701 475 2727 Parum]
494 2699 531 2721 sic
550 2699 597 2721 Ed.
616 2699 704 2725 ¹58⁸,2
731 2698 779 2722 Ed.
801 2699 886 2723 orell.
908 2698 1060 2723 Parumne.

284 2743 332 2771 77)
353 2743 428 2773 Quid
446 2743 534 2771 euim]
555 2741 594 2764 sic
613 2742 660 2765 Ed.
681 2741 771 2771 156&st
795 2741 844 2765 Ed.
865 2741 950 2765 orell.
968 2741 1044 2772 Quid
1062 2742 1104 2767 est
1122 2741 1206 2767 enim.

789 141 911 177 PHIL.
941 139 1055 175 MEL.
1089 136 1292 174 SCRIPTA
1322 137 1659 175 PHILOLOGICA.

2161 144 2235 179 968

1358 224 1388 269 ἓ.
1406 226 1467 260 28.
1495 229 1586 268 Quae
1602 227 1748 273 quidem]
1775 226 1881 259 Redit
1897 227 1940 259 ad
1961 226 2149 262 discrimen
2168 230 2241 273 glo-

1256 276 1328 309 riae
1345 283 1377 309 et
1394 277 1639 311 admirationis
1656 290 1718 321 per
1737 277 2036 312 distributionem.

1360 327 1390 371 ξ.
1409 328 1468 362 29.
1497 331 1572 361 Non
1591 329 1738 372 habebit]
1766 329 1802 361 id
1820 335 1887 368 est,
1922 342 1994 362 non
2012 327 2156 362 habebit
2174 342 2246 363 cer-

1258 385 1329 411 tam
1357 379 1631 422 rempublicam,
1661 379 1694 411 in
1719 392 1786 424 qua
1814 382 2056 424 praedicetur,
2084 382 2158 420 wl,
2184 379 2247 414 lia-

1258 430 1353 462 lwbit
1385 430 1679 470 admirationem,
1719 431 1779 464 sed
1814 437 2029 464 tamennon
2055 434 2246 476 perfectam

1259 481 1426 522 gloriam:
1468 481 1637 514 llomincs
1659 481 1902 522 mirabuntur,
1940 484 1999 515 sed
2025 490 2143 515 tamen
2169 489 2243 515 tum

1260 533 1474 571 laudabunt,
1509 532 1537 565 si
1562 532 1816 576 rempublicam
1843 534 2076 568 constitueris.
2169 536 2248 568 Erit

1261 584 1364 626 inter]
1391 583 1583 627 lixpolitio.
1662 585 1778 627 Serri]
1807 583 2006 619 Conclusio.
2079 587 2144 626 Qui
2162 586 2248 618 mul-

1260 636 1318 679 tis]
1346 634 1517 678 Epilogus
1536 632 1812 668 adliortatorius.

1364 685 1393 729 ξ.
1420 686 1480 719 30.
1516 687 1556 719 Id
1584 687 1708 730 autem]
1744 685 1957 730 Occupatio:
1999 685 2095 730 Quid
2122 686 2165 718 ad
2192 697 2249 718 me

1263 735 1431 781 pertinet,
1472 736 1557 782 quid
1589 743 1708 780 postea
1735 734 1896 770 homines
1928 738 1970 769 de
2000 749 2056 769 me
2082 737 2250 776 iudicent,

1263 787 1343 833 quia
1364 788 1482 820 nullus
1499 800 1618 821 sensus
1637 788 1711 821 ost?
1753 787 1961 832 Respondet
1978 788 2119 821 Cicero:
2150 788 2253 821 Certe

1264 840 1307 871 ad
1339 845 1370 871 te
1397 838 1566 883 pertinet,
1595 838 1677 883 quia
1697 845 1745 872 est
1766 839 1892 884 aliquis
1915 851 2035 872 sensus
2058 846 2138 883 post
2162 837 2254 871 hanc

1265 890 1372 922 vitam
1386 917 1394 929 ‚
1429 890 1528 935 quasi
1548 889 1695 923 diceret:
1734 890 1838 923 debes
1857 890 1925 922 iam
1945 902 2016 923 esse
2034 887 2102 923 lioc
2118 890 2253 929 animo,

1264 948 1302 974 ut
1328 942 1413 973 velis
1437 939 1621 973 honestam
1652 941 1859 984 opinionem
1892 941 2105 986 relinquere.
2213 944 2255 974 st

1265 995 1397 1038 (jusdam
1412 992 1515 1035 falso]
1543 992 1758 1034 Occupatio:
1787 991 2056 1025 Platonicorum
2078 991 2252 1025 sententia

1267 1044 1348 1081 tuit,
1383 1054 1460 1081 eos,
1497 1042 1557 1086 qui
1582 1042 1670 1073 bene
1698 1041 1884 1081 vixissent,
1923 1048 2003 1086 post
2027 1040 2118 1075 hanc
2142 1042 2252 1075 vitam

1266 1092 1393 1125 merito
1424 1092 1584 1136 praemio
1610 1092 1720 1131 affici,
1764 1098 1869 1137 atque
1894 1091 1942 1124 ita
1967 1099 2105 1136 partem
2133 1105 2254 1126 rerum

1267 1145 1355 1176 benc
1373 1149 1551 1185 gestarum
1575 1144 1618 1174 ad
1643 1142 1778 1176 autoris
1800 1143 2021 1176 voluntatem
2044 1144 2257 1178 redundare.

1268 1194 1305 1227 ld
1331 1207 1416 1227 vero
1443 1199 1646 1227 constanter
1667 1200 1774 1238 negat
1794 1193 2000 1228 Aristoteles
2022 1195 2140 1239 primo
2157 1192 2259 1228 Ethi-

1269 1245 1459 1291 (οι-1111175).
1512 1244 1716 1290 Amplificat
1732 1257 1750 1278 a
1768 1246 1951 1290 paradoxo
1969 1247 2124 1291 quodam
2142 1244 2257 1291 philo-

1269 1295 1426 1342 sophico.

1372 1348 1457 1392 Cap.
1472 1347 1514 1381 X.
1550 1345 1580 1391 ἓ
1596 1346 1656 1380 30.
1690 1346 1870 1392 Diversae]
1904 1347 2048 1391 Repetit
2071 1359 2259 1392 argumen-

1270 1406 1345 1433 tum
1362 1400 1405 1432 ab
1427 1399 1578 1431 utilitate
1598 1397 1738 1442 publica
1764 1404 1915 1431 tractum
1941 1398 1978 1431 in
2006 1396 2097 1432 hanc
2119 1405 2260 1432 senten-

1272 1452 1375 1484 tiam:
1420 1449 1523 1483 Salva
1549 1461 1622 1483 esse
1646 1449 1844 1493 respublica
1868 1461 1943 1482 non
1966 1456 2102 1494 potest,
2134 1450 2202 1483 nisi
2224 1456 2258 1484 te

1272 1503 1382 1536 salvo.
1437 1501 1722 1534 Consentaneum
1739 1500 1847 1544 igitur
1862 1513 1936 1534 non
1955 1507 2026 1541 est,
2059 1512 2131 1536 esse
2155 1513 2261 1546 quos-

1273 1555 1374 1593 dam,
1403 1552 1461 1598 qui
1489 1558 1569 1585 tuae
1594 1551 1699 1584 saluti
1726 1550 1950 1587 insidientur.
1984 1551 2112 1592 ἄλλως.
2166 1552 2261 1586 Con-

1274 1604 1382 1637 clusio
1394 1630 1402 1643 ,
1436 1604 1472 1635 in
1490 1615 1557 1647 qua
1576 1602 1704 1646 repetit
1719 1614 1797 1635 cum
1815 1603 1969 1648 quadam
1986 1603 2261 1648 amplificatione

1274 1656 1381 1694 illud,
1429 1655 1524 1699 quod
1557 1658 1608 1686 est
1635 1653 1670 1685 in
1701 1665 1804 1686 causa
1838 1653 2090 1698 praecipuum,
2130 1654 2261 1688 scilicet

1275 1706 1370 1751 quod
1387 1716 1447 1738 sua
1459 1703 1617 1737 bonitate
1635 1703 1889 1747 rempublicam
1905 1704 2097 1738 restituerit
2115 1705 2151 1738 in
2166 1712 2264 1740 tran-

1276 1757 1443 1802 quillum,
1471 1768 1560 1800 quae
1579 1755 1736 1788 funditus
1758 1755 1945 1789 videbatur
1966 1756 2154 1790 interitura
2177 1769 2264 1793 esse.

1276 1808 1346 1841 lies
1365 1807 1458 1840 enim
1477 1806 1596 1839 divina
1616 1812 1666 1839 est
1681 1805 1864 1839 restituere
1889 1807 2158 1851 rempublicam.
2210 1808 2265 1842 Ex

1278 1860 1335 1892 illa
1366 1857 1610 1901 magnitudine
1639 1857 1891 1890 beneficiorum
1926 1858 2058 1902 colligit
2085 1859 2266 1894 neminem

1278 1922 1372 1950 esse,
1407 1908 1468 1955 qui
1492 1908 1524 1941 ei
1546 1907 1748 1947 insidietur;
1784 1908 1814 1942 si
1840 1915 1958 1942 autem
1981 1909 2071 1950 sint,
2106 1909 2265 1955 ingratos

1279 1974 1363 1995 esse.
1459 1959 1640 2004 Diversae]
1671 1959 1905 2003 Exaggeratio
1929 1960 2151 2005 publicarum
2175 1962 2267 1996 cala-

1280 2013 1443 2046 mitatum
1459 2023 1521 2055 per
1539 2011 1809 2045 incrementum.
1881 2013 2084 2058 Espediret]
2110 2012 2267 2058 Exagge-

1281 2064 1373 2097 ratio
1392 2069 1461 2102 est,
1489 2063 1584 2108 quod
1600 2062 1711 2095 animi
1726 2062 1855 2095 fuerint
1872 2063 1984 2105 dubii,
2008 2063 2045 2096 in
2061 2076 2167 2109 quam
2184 2076 2266 2109 par-

1281 2123 1351 2148 tem
1371 2112 1516 2147 honeste
1535 2126 1569 2146 se
1589 2115 1748 2147 conferre
1765 2114 1944 2149 deberent.
2021 2116 2171 2161 Liceret]
2198 2113 2266 2150 hoc

1282 2173 1351 2207 est,
1377 2165 1437 2198 alii
1453 2165 1682 2198 conserebant
1699 2177 1734 2199 se
1752 2166 1796 2198 ad
1822 2163 1989 2200 honestos
2012 2173 2047 2199 et
2069 2166 2183 2201 bonos
2203 2167 2267 2200 (lu-

1282 2230 1354 2258 ces,
1389 2228 1463 2249 non
1488 2216 1605 2250 studio
1630 2216 1864 2260 reipublicae,
1899 2218 1959 2251 sed
1982 2228 2084 2251 causa
2110 2217 2268 2261 privato-

1281 2281 1361 2302 rum
1379 2268 1625 2312 negotiorum,
1654 2273 1687 2301 et
1706 2268 1912 2312 perficiendi
1934 2280 2006 2308 res,
2034 2280 2123 2314 quas
2148 2269 2267 2314 cupie-

1282 2321 1379 2353 bant.

1386 2368 1415 2414 ἓ.
1435 2370 1493 2404 31.
1521 2370 1651 2414 Iratus]
1678 2368 1980 2403 commemoratio
2002 2370 2268 2407 beneficiorum.

1282 2422 1414 2466 Posita]
1443 2421 1543 2466 quasi
1567 2420 1714 2454 diceret:
1743 2420 1887 2466 quidam
1905 2421 1998 2454 ultro
2025 2434 2098 2455 sese
2125 2422 2269 2456 dedide-

1283 2478 1378 2506 runt.
1431 2472 1553 2505 Cicero
1570 2471 1725 2505 discessit
1740 2472 1833 2504 ultro
1849 2472 1892 2505 ab
1909 2472 2035 2513 armis,
2069 2479 2103 2506 et
2119 2473 2268 2508 contulit

1284 2536 1318 2557 se
1344 2524 1388 2556 ad
1411 2523 1609 2556 Caesarem.
1713 2523 1910 2568 Liberatus]
1947 2523 2174 2570 Consequens
2199 2531 2266 2559 est:

1284 2573 1445 2618 Ingratus
1464 2574 1522 2607 ille
1541 2580 1607 2613 est,
1633 2572 1694 2618 qui
1710 2579 1742 2605 te
1760 2571 1873 2606 adhuc
1895 2574 1988 2615 odit,
2015 2576 2076 2609 sed
2092 2575 2174 2621 quia
2195 2575 2269 2609 bel-

1284 2627 1355 2659 lum
1372 2627 1532 2659 sedatum
1557 2630 1607 2658 est
1629 2630 1686 2656 tua
1712 2625 1904 2669 aequitate:
1942 2638 2025 2671 ergo
2049 2638 2171 2661 omnes
2192 2627 2268 2661 sani

1318 2740 1366 2770 78)
1386 2741 1464 2766 Cous.
1483 2740 1568 2768 Arist.
1587 2741 1647 2765 Ettu.
1667 2740 1726 2766 Nic.
1739 2740 1760 2771 l,
1782 2741 1804 2765 1.
