2347 3000
78 142 153 181 253

78 230 123 262 ad
138 240 328 274 personam
343 227 539 268 vendentis,
552 233 585 261 et
600 227 698 260 addit
706 226 945 267 Innocentius,
960 228 1064 260 talem

78 287 298 314 contractum
322 292 396 313 non
420 291 491 313 esse
515 279 740 320 usurarium,
773 291 852 313 cum
878 279 914 312 in
937 291 978 312 eo
996 279 1066 313 sint

77 344 176 365 merx
202 338 235 364 et
257 331 430 376 pretium,
464 336 498 363 et
521 330 604 363 talia
628 331 705 364 iura
730 331 839 364 realia
863 331 997 364 licitum
1022 330 1065 364 sit

79 397 92 415 x
103 384 242 416 endere.

178 433 250 468 Nee
266 433 334 466 alia
350 433 537 466 difficultas
554 432 590 465 in
600 430 666 465 hac
676 433 789 466 forma
809 439 871 473 est,
888 431 957 466 nisi
969 432 1064 478 quod

78 486 261 530 aliquanto
286 485 468 518 obscurius
494 490 562 525 est,
598 485 693 529 quod
718 484 865 524 dicitur,
898 483 1062 516 universa

76 537 171 568 bona
189 533 320 568 habere
337 536 513 568 rationem
531 535 702 579 corporis,
719 548 825 580 quam
844 535 939 580 quod
957 546 1063 578 supra

77 587 260 620 dicebatur
287 593 422 619 certum
448 587 595 620 fundum
608 613 616 626 ,
652 587 688 619 in
720 598 790 631 quo
821 585 907 618 certi
929 585 1063 618 reditus

77 644 263 677 emuntur,
291 636 421 671 habere
443 638 618 670 rationem
644 636 822 680 corporis,
850 642 889 668 ut
911 648 989 669 cum
1013 637 1063 671 20

77 689 249 723 medimni
267 689 301 721 in
318 701 403 732 agro
421 695 514 722 certo
533 694 715 727 emuntur,
743 700 813 732 quo
834 694 1003 731 pereunte
1018 687 1062 720 si-

76 742 152 775 mul
169 741 261 784 perit
279 740 431 784 emptori
446 740 498 773 ius
516 752 629 772 snum.
664 737 703 771 In
721 736 788 770 hoc
806 739 965 783 exemplo
985 751 1062 782 per-

78 792 244 837 spicuitas
262 798 323 831 est,
342 792 399 824 sed
419 797 537 823 tamen
555 797 588 822 et
607 795 700 823 totus
713 790 872 823 cumulus
882 790 1061 823 bonorum

80 850 193 887 potest
210 856 244 876 se
261 841 388 874 habere
404 847 443 874 ut
460 847 593 874 certum
612 853 750 885 corpus,
766 842 873 873 modo
890 848 929 874 ut
940 853 1062 874 onere-

78 901 136 927 tur
151 906 215 938 pro
234 892 476 937 proportione,
504 898 537 925 et
555 892 615 937 qui
633 892 760 936 accipit
774 893 940 933 reditum,
960 892 1062 926 susti-

77 951 158 978 neat
173 944 367 988 periculum
382 956 447 987 pro
464 944 710 987 proportione.
737 943 939 977 I'tecitemus
956 944 1062 988 igitur

75 995 250 1034 rationes,
290 1006 380 1039 quae
409 996 620 1035 ostendunt,
661 993 755 1028 hunc
780 1001 1001 1028 contractum
1029 1001 1063 1027 et

75 1045 290 1090 emptionem
309 1057 381 1079 esse
393 1072 401 1086 ,
430 1052 464 1078 et
479 1058 683 1080 concessum
700 1059 783 1080 esse.

174 1096 311 1129 Prima:
347 1097 435 1131 Pars
452 1097 569 1143 aliqua
587 1104 678 1131 certa
697 1104 814 1141 potest
831 1097 974 1131 onerari
991 1110 1062 1130 ser-

75 1147 196 1182 vitute.
248 1147 343 1192 Ergo
368 1155 402 1181 et
424 1155 518 1182 totus
541 1150 719 1181 bonorum
744 1149 905 1182 cumulus
923 1155 1060 1182 servata

74 1198 307 1243 proportione
325 1200 468 1233 onerari
486 1206 619 1244 potest,
647 1212 710 1233 nec
734 1201 825 1233 ratio
843 1200 1062 1234 dissimilitu-

74 1250 166 1283 dinis
190 1256 349 1294 apparet.

176 1302 335 1334 Secunda
353 1301 444 1334 ratio
461 1301 613 1335 sumitur
627 1314 667 1334 ex
680 1302 898 1346 proprietate
915 1301 1063 1345 emptio-

73 1352 140 1385 nis.
192 1351 336 1396 Emptio
355 1359 405 1386 est
419 1359 639 1392 contractus,
668 1366 738 1398 quo
762 1365 835 1392 res,
863 1366 934 1397 quo
959 1354 1004 1385 ad
1016 1353 1062 1397 ⁹²)

75 1403 274 1437 dominium
291 1404 514 1443 transfertur,
532 1416 597 1447 pro
616 1410 710 1436 certo
730 1403 857 1447 pretio,
877 1416 940 1436 nec
956 1401 1063 1436 habet

75 1460 214 1498 emptor
234 1454 288 1487 ius
312 1461 374 1487 aut
396 1461 533 1498 tempus
555 1455 665 1487 ullum
691 1454 873 1499 repetendi
895 1454 1062 1498 pretinm.

74 1505 110 1538 Si
127 1505 222 1538 enim
237 1512 396 1549 repetere
413 1505 599 1549 pecuniam
618 1505 751 1545 liceret,
768 1506 943 1538 mutuatio
963 1512 1062 1545 esset,

73 1568 148 1589 non
165 1556 310 1600 emptio.
348 1557 396 1589 At
412 1557 449 1589 in
467 1563 590 1590 nostro
609 1569 690 1590 casu
706 1557 862 1602 pretium
884 1557 932 1589 ita
949 1563 1062 1590 trans-

71 1608 202 1647 fertur,
240 1614 280 1641 ut
302 1614 460 1652 repetere
486 1620 559 1641 non
582 1608 696 1642 liceat.
764 1607 827 1642 Est
849 1608 955 1652 igitur
979 1620 1061 1641 vera

74 1658 219 1702 emptio.
270 1658 317 1692 Et
334 1665 374 1692 ut
393 1659 437 1692 sit
454 1659 647 1704 aequalitas
660 1687 668 1699 ,
697 1672 787 1705 quae
804 1661 883 1693 sons
898 1666 948 1693 est
965 1659 1061 1693 iusti-

73 1710 141 1742 tiae
156 1709 194 1742 in
210 1711 461 1750 contractibus,
471 1723 609 1744 necesse
627 1717 689 1751 est,
700 1711 851 1744 vicissim
872 1711 908 1744 in
926 1717 1062 1755 empto-

72 1773 148 1794 rem
170 1761 222 1794 ius
240 1761 384 1807 aliquod
403 1762 613 1795 translatum
634 1775 717 1796 esse.
770 1763 846 1796 Hoc
875 1775 1062 1806 argumen-

73 1819 148 1846 tum
172 1824 214 1845 ex
239 1812 314 1857 ipsa
337 1819 465 1846 natura
483 1814 673 1857 emptionis
689 1821 888 1858 sumptum,
918 1815 1060 1847 firmum

73 1875 146 1897 esse
164 1863 308 1898 iudicio.
376 1864 444 1897 Sed
467 1862 554 1897 haec
580 1866 821 1898 controversia
844 1865 955 1909 magis
983 1877 1062 1909 per-

72 1915 191 1960 spicua
209 1915 294 1956 erit,
321 1915 461 1959 agitatis
479 1916 666 1949 contrariis
688 1916 918 1960 argumentis.

174 1965 319 2006 Contra,
337 1966 465 1999 Codice
475 1967 558 2000 Plus
574 1968 690 2000 valere
706 1969 801 2013 quod
817 1967 1060 2012 agitul‚q11am

73 2018 169 2063 quod
185 2017 301 2051 simul
296 2024 347 2050 ¹ite
366 2018 576 2062 concipitur,
590 2019 708 2064 inquit
724 1994 856 2064 lexffis?
870 2018 1061 2063 Emptione

71 2068 232 2113 pignoris
248 2081 351 2102 causa
367 2070 470 2109 sieta,
487 2082 560 2102 non
577 2072 673 2115 quod
690 2071 873 2115 scriptum,
889 2071 949 2103 sed
967 2070 1061 2115 quod

72 2126 208 2165 gestum
227 2126 289 2160 est,
312 2120 448 2165 inspici
441 2120 543 2166 ίι596).
594 2121 633 2154 ln
653 2122 757 2155 tertio
777 2134 805 2154 c¹
808 2134 859 2154 usu
873 2122 910 2154 fit
929 2123 1061 2165 emptio

72 2171 231 2216 pignoris
256 2183 380 2211 causa,
408 2172 443 2204 id
465 2179 534 2212 est,
569 2173 608 2205 fit
635 2172 886 2217 oppignoratio
910 2179 1061 2213 tantum,

73 2235 146 2256 non
163 2222 308 2266 emptio.
361 2222 455 2266 Ergo
480 2235 624 2267 prorsus
647 2231 697 2257 est
721 2225 905 2257 simulatus
922 2231 1061 2256 contra-

75 2281 159 2308 ctus.
198 2274 377 2306 Blixlorein
397 2275 561 2318 probant.
603 2275 694 2319 Quia
713 2277 807 2308 bona
824 2275 903 2315 illa,
932 2275 968 2307 in
985 2275 1061 2320 qui-

75 2326 138 2358 lius
164 2325 296 2370 emptio
323 2325 486 2369 fingitur,
514 2333 595 2358 sunt
618 2339 654 2358 rc
674 2327 747 2371 ipsa
766 2333 904 2359 tantum
922 2327 1061 2371 pignus,

77 2376 212 2409 etistmsi
234 2388 367 2409 nomen
389 2377 579 2420 emptionis
610 2384 810 2421 praetextus
832 2390 935 2411 causa
964 2379 1062 2411 addi-

77 2433 144 2459 tur.
196 2426 270 2460 Imo
295 2427 529 2461 instrumenta
555 2429 730 2469 fatentur,
766 2430 862 2474 quod
889 2430 1062 2474 oppigno-

76 2483 152 2510 rata
170 2477 240 2510 sint
256 2479 374 2511 omnia
392 2479 498 2514 bona.

110 2580 156 2606 94)
180 2585 241 2607 res,
262 2584 312 2608 quo
330 2579 378 2608 ad]
397 2579 436 2604 sic
453 2579 521 2603 Edd.
543 2579 636 2610 1554„
658 2579 733 2604 1557.
754 2580 781 2603 et
795 2578 885 2610 1560.;

145 2619 208 2638 res.
227 2618 295 2642 quae
314 2618 363 2642 quo
383 2615 424 2638 ad.

109 2648 156 2675 95)
176 2647 293 2671 Coith.
313 2647 352 2670 tit.
362 2647 403 2671 22.
418 2648 556 2678 inseripti:
576 2649 642 2672 Plus
656 2648 762 2677 valere,
779 2648 847 2677 quod
862 2647 964 2678 agitur.
985 2653 1062 2677 quam

145 2682 213 2711 quod
234 2681 359 2703 simulate
378 2683 536 2714 concipitur,
555 2684 599 2706 lex
617 2684 642 2708 3.
673 2683 769 2712 (Corp.
789 2683 840 2705 iur.
861 2682 912 2706 civ.
933 2683 974 2705 etl.
992 2683 1062 2706 neck

144 2717 174 2740 T.
194 2716 223 2738 11.
244 2715 272 2738 P.
292 2715 310 2738 l.
331 2722 355 2744 p.
375 2716 456 2743 3560.

109 2750 156 2778 96)
176 2750 329 2780 inspicias]
349 2749 389 2772 sic
407 2750 489 2775 Etlitt.
508 2751 613 2783 Ethie.;
639 2753 666 2776 in
685 2751 750 2776 Cod.
770 2750 888 2781 legitur:
910 2750 1062 2780 inspicitur.

912 2579 960 2603 Ed.
973 2579 1046 2605 1550.
1056 2587 1062 2603 z

638 141 679 176 H.
722 140 929 176 ETHICAE
956 140 1236 177 DOCTRINAE
1262 140 1538 176 ELEMENTA.

2028 140 2103 177 254

1219 228 1432 272 Respondeo
1451 228 1495 261 ad
1513 227 1708 261 Minorem:
1737 226 1814 261 Etsi
1831 225 1897 260 hoc
1916 238 2101 270 argumen·

1118 286 1191 313 tum
1210 280 1406 324 speciosum
1423 286 1492 320 est,
1520 286 1553 312 et
1570 292 1672 323 saepe
1690 280 1745 319 fit,
1770 285 1809 311 ut
1828 278 1974 311 nomine
1997 276 2101 312 liuius

1120 337 1319 365 contractus
1337 332 1529 364 abutantur
1547 329 1728 370 homines,
1757 336 1876 362 tamen
1897 329 2018 362 Minor
2040 342 2101 361 ne-

1117 383 1230 425 ganda
1248 389 1309 422 est,
1327 389 1360 415 et
1378 389 1578 416 constanter
1596 382 1780 416 retinenda
1797 381 1982 420 sententia,
2005 382 2099 426 quod

1118 431 1173 465 hic
1204 440 1403 467 contractus
1433 434 1477 467 sit
1506 447 1587 467 vera
1621 433 1753 478 emptio
1765 460 1774 473 ,
1810 445 1885 465 non
1913 431 2102 466 mutuatio.

1116 484 1209 517 Nam
1232 485 1306 525 ille,
1345 485 1405 530 qui
1432 487 1492 518 dat
1520 493 1661 525 mutuo,
1699 483 1805 518 habet
1832 484 1885 518 ius
1917 483 2100 528 repetendi

1117 536 1338 569 tantundem.
1391 535 1429 568 In
1445 544 1566 570 nostro
1583 544 1700 570 autem
1725 549 1807 570 casu
1835 542 1974 580 emptor
2002 534 2102 568 sundi

1117 593 1177 619 aut
1202 587 1354 626 reditus,
1390 599 1463 619 non
1489 586 1596 621 lialwt
1621 589 1672 622 ius
1704 588 1887 632 repetendi
1910 586 2034 631 pretii,
2069 592 2103 618 et

1116 644 1263 670 manent
1284 636 1341 670 hic
1358 650 1462 670 verae
1486 640 1674 683 emptionis
1694 639 1949 673 substantialia.
2000 637 2101 670 Merx

1116 696 1164 722 est
1184 689 1235 722 ius
1253 689 1447 733 accipiendi
1465 691 1655 735 quotannis
1674 697 1806 723 certum
1822 690 1988 724 reditum.
2026 689 2102 721 Hoc

1115 741 1300 774 fundatum
1319 747 1367 773 est
1385 741 1420 773 in
1435 741 1599 774 omnibus
1614 742 1729 781 honis,
1745 742 1834 774 sient
1850 742 1915 773 iter
1931 747 1991 773 aut
2006 746 2102 773 actus

1115 792 1151 824 in
1168 799 1243 825 toto
1262 804 1347 836 agro
1366 793 1532 826 fundatus
1549 799 1609 826 est.
1642 782 1747 826 ⁸Sicut
1762 799 1878 825 autem
1898 804 1936 824 ea
1954 792 2102 825 servitus

1115 843 1152 875 in
1168 856 1251 887 agro
1269 844 1454 884 constitui,
1481 844 1606 884 vendi,
1635 844 1762 876 donari
1781 844 1881 877 alteri
1897 850 2027 887 potest:
2054 843 2101 875 ita

1116 895 1214 928 etius
1232 895 1315 928 certi
1334 895 1467 929 reditus
1485 896 1643 929 solvendi
1662 895 1697 928 in
1716 895 1879 928 omnihus
1899 895 2001 927 bonis
2020 906 2102 926 eon-

1115 947 1210 980 stitui
1228 953 1354 991 potest,
1371 954 1507 980 servata
1525 947 1770 992 proportione,
1785 954 1823 979 ut
1839 947 1933 979 hona
1952 946 2102 978 tolerare

1115 1010 1191 1031 eam
1211 999 1414 1032 servitutem
1434 999 1580 1042 possint.
1634 998 1728 1031 Haec
1753 998 1936 1042 perspicua
1965 1003 1997 1029 et
2020 1008 2102 1029 vera

1115 1056 1216 1090 sunt,
1250 1049 1278 1083 si
1301 1050 1421 1082 dextre
1449 1050 1635 1083 indicetur.
1690 1050 1796 1094 Quod
1821 1056 1937 1082 autem
1961 1047 2104 1080 additur

1115 1101 1218 1134 etiam
1238 1102 1501 1145 ol‘tpignoratio,
1516 1115 1560 1134 ne
1577 1102 1612 1133 id
1631 1101 1773 1147 quidem
1789 1101 1869 1133 sarit
1887 1100 2103 1144 emptionem

1115 1153 1292 1186 x‘itiosam.
1346 1153 1468 1186 Potest
1494 1154 1588 1185 enim
1614 1152 1865 1197 oppignoratio
1889 1158 1982 1184 recte
2008 1162 2103 1183 aece-

1115 1205 1196 1237 dere
1216 1205 1259 1236 ad
1276 1204 1505 1248 emptionem,
1519 1211 1558 1238 ut
1575 1211 1747 1238 testantur
1763 1204 1894 1237 multae
1910 1201 2104 1237 sententiae

1116 1255 1459 1289 iurisconsultorum.

1218 1306 1322 1339 Aliud
1343 1307 1579 1339 contrarium:
1616 1305 1672 1340 Ius
1690 1307 1793 1339 debet
1809 1319 1881 1340 esse
1900 1306 1935 1338 in
1955 1316 2103 1349 corpore

1117 1364 1230 1397 certo,
1259 1370 1329 1402 quo
1347 1359 1484 1391 sublato
1498 1385 1506 1398 ,
1536 1358 1587 1390 ius
1603 1359 1779 1390 sublatum
1798 1357 2027 1401 intelligatur.
2064 1354 2104 1387 ln

1115 1407 1182 1441 hoc
1208 1409 1312 1441 tertio
1347 1421 1427 1442 casu
1452 1410 1588 1441 nullum
1620 1416 1753 1442 certum
1778 1421 1906 1453 corpus
1930 1415 1997 1447 est,
2031 1407 2104 1439 imo

1117 1460 1254 1493 etiamsi
1269 1460 1363 1492 lvona
1380 1460 1436 1492 illa
1454 1460 1583 1501 insigni
1599 1461 1730 1492 damno
1748 1460 1870 1492 affecta
1882 1465 2104 1499 sunt,tamen

1117 1511 1266 1555 exigitur
1283 1511 1417 1555 pensio.
1470 1510 1580 1554 Igitur
1598 1518 1669 1543 tota
1688 1523 1742 1544 res
1760 1517 1810 1544 est
1825 1511 2001 1544 simulata.

1217 1562 1431 1606 Respondeo
1449 1564 1494 1595 ad
1508 1562 1685 1595 Minorem
1700 1576 1705 1595 ;
1734 1562 1797 1595 Est
1810 1569 1944 1596 certum
1963 1573 2103 1606 corpus,

1117 1613 1152 1646 in
1177 1626 1246 1659 quo
1270 1614 1441 1646 fundatur
1472 1614 1525 1647 ins
1556 1615 1661 1653 illud,
1696 1614 1859 1647 videlicet
1893 1614 2013 1646 omnia
2046 1613 2104 1645 illa

1115 1666 1221 1699 bona.
1276 1666 1374 1698 Sicut
1391 1672 1504 1699 certus
1521 1678 1604 1709 ager
1623 1672 1685 1705 est,
1713 1666 1750 1698 in
1770 1678 1840 1711 quo
1856 1666 2005 1698 servitus
2023 1676 2105 1697 con-

1116 1717 1236 1749 stituta
1255 1723 1316 1750 est.
1361 1716 1429 1750 Sed
1447 1718 1750 1762 quemadmodum
1770 1717 1969 1749 amitterem
1989 1722 2105 1749 actum

1116 1775 1176 1801 aut
1194 1768 1259 1801 iter
1277 1768 1313 1800 in
1332 1769 1405 1812 agri
1422 1775 1534 1812 parte,
1553 1781 1642 1814 quae
1661 1768 1821 1813 periisset
1837 1768 2028 1807 alluvione,
2056 1767 2105 1799 ita

1116 1819 1251 1852 silsona
1268 1819 1326 1851 illa
1351 1820 1479 1863 insigni
1504 1821 1635 1852 damno
1664 1820 1788 1852 affecta
1815 1819 1903 1859 sint,
1931 1819 2105 1853 servanda

1116 1877 1166 1904 est
1185 1871 1391 1915 aequalitas,
1410 1877 1447 1903 ut
1463 1871 1615 1905 vicissim
1636 1884 1701 1916 pro
1720 1871 1953 1916 proportione
1971 1869 2105 1915 aliquid

1116 1921 1273 1954 remittat
1290 1928 1440 1966 emptor.

1217 1971 1256 2005 In
1276 1971 1367 2005 hanc
1384 1973 1594 2006 sententiam
1612 1973 1730 2019 inquit
1745 1973 1878 2007 Baldus
1887 1973 1953 2019 9⁷),
1971 1984 2005 2005 se
2024 1983 2106 2016 pro-

1114 2025 1198 2057 bare
1213 2022 1308 2058 hunc
1325 2031 1559 2065 contractum,
1576 2025 1604 2058 si
1620 2023 1706 2058 haec
1725 2026 1919 2070 aequalitas
1936 2030 2106 2057 servetur.

1216 2075 1322 2109 Aliud
1356 2077 1594 2109 contrarium:
1640 2077 1843 2110 Periculum
1866 2076 1917 2108 rei
1942 2074 2105 2107 venditae,

1115 2127 1269 2171 pertinet
1287 2129 1330 2160 ad
1349 2134 1559 2172 emptorem.
1624 2127 1664 2160 ln
1681 2126 1749 2161 lioc
1766 2134 1950 2161 contractu
1967 2132 2105 2159 tantum

1116 2185 1284 2221 gravatur
1303 2180 1479 2219 xenditor,
1506 2179 1587 2225 quia
1605 2186 1745 2224 emptor
1765 2180 1868 2223 exigit
1888 2178 2106 2223 pensionem,

1115 2230 1321 2263 etiamsiilla
1333 2232 1426 2264 liona
1441 2232 1574 2263 domno
1587 2232 1710 2264 affecta
1729 2238 1823 2271 sunt,
1841 2237 1899 2263 aut
1912 2229 2106 2274 perierunt.

1114 2281 1209 2325 Ergo
1226 2294 1299 2314 non
1317 2289 1367 2315 est
1385 2295 1467 2315 vera
1487 2282 1632 2327 emptio.

1152 2408 1199 2436 97)
1220 2409 1319 2431 Halitus
1345 2408 1377 2431 de
1404 2409 1535 2431 [haldis.
1572 2408 1739 2431 Perusinus.
1771 2410 1852 2430 natus
1878 2407 1951 2429 eirea.
1977 2412 2000 2430 a.
2024 2406 2106 2430 1324..

1187 2445 1309 2465 mortuus
1330 2448 1353 2465 a.
1376 2444 1441 2465 15¹2«)
1459 2460 1465 2464 .
1488 2443 1696 2465 iurisconsultus
1717 2442 1830 2465 maxime
1851 2442 1983 2469 insignis.
2005 2441 2107 2464 Bartoli

1184 2477 1341 2506 disripulus.
1362 2477 1502 2503 Perusiae.
1522 2477 1629 2499 I'aduae
1649 2478 1674 2499 et
1694 2477 1773 2499 Pisae
1792 2476 1859 2498 iuris
1879 2475 2028 2498 doctrinan·
2049 2478 2107 2498 tra-

1183 2512 1258 2534 didit.
1296 2511 1410 2534 I‘raeter
1426 2512 1553 2534 nonnulla
1573 2517 1656 2539 opera
1677 2511 1779 2533 minora
1798 2511 1923 2539 seripsit:
1941 2512 2107 2532 conum-nta-

1186 2552 1243 2568 rios
1265 2545 1288 2567 in
1304 2546 1428 2573 Digesta.
1448 2545 1572 2568 Codiwm
1593 2548 1619 2567 et
1635 2545 1839 2569 institutiones:
1859 2546 1890 2567 d<-
1910 2545 2013 2567 feudis:
2033 2550 2107 2566 com-

1186 2580 1319 2603 nientaria
1339 2580 1365 2602 in
1381 2580 1553 2605 Decretales.
1574 2579 1748 2602 consiliorum
1769 2580 1905 2602 volumina
1923 2580 1971 2602 xi:
1994 2579 2025 2601 (ie
2041 2584 2106 2601 rau-

1187 2614 1250 2637 telis
1271 2616 1296 2636 et
1317 2614 1459 2638 remediis:
1479 2614 1603 2636 subtilem
1623 2614 1833 2642 disputationem
1850 2615 1931 2637 rotgo
1946 2615 2106 2636 Accusatmu

1188 2649 1219 2670 de
1234 2649 1258 2670 vi
1278 2649 1479 2676 perturbativa:
1500 2648 1676 2676 repetitione<
1690 2648 1713 2670 in
1728 2649 1815 2675 legem
1827 2649 1957 2677 quandam
1970 2649 2106 2671 [mester.

1187 2686 1212 2705 et
1234 2683 1319 2707 leuem
1337 2683 1451 2705 Coun-is.
1491 2683 1568 2705 (fons.
1590 2684 1620 2705 G.
1642 2683 1702 2705 sar.
1725 2683 1905 2708 Hanihei·⁴.:c=‘:
1926 2678 2108 2711 fittucrlasfige

1186 2714 1357 2746 &taciyriwtcn
1384 2722 1433 2740 ron
1461 2716 1507 2740 ter.
1529 2715 1708 2745 cornetmu‘tcu
1730 2715 1944 2745 &dixiftftcttcrn
1970 2722 2029 2741 ritu
2054 2714 2107 2739 lta:

1186 2749 1254 2783 fang
1275 2752 1318 2776 tec
1338 2750 1412 2776 Qut
1433 2748 1473 2775 bis
1497 2752 1568 2774 iseo.
1597 2752 1623 2774 'rw
1648 2752 1692 2773 tx:
1715 2759 1739 2780 p.
1758 2752 1807 2774 :225
1827 2758 1882 2780 sqq.
