2347 3000
58 144 134 180 177
613 141 656 179 11.

47 235 114 269 alia
132 233 301 267 inferiora
318 233 431 271 bona,
459 242 548 276 quae
573 229 732 264 serviunt
756 229 929 275 agnitioni
955 231 1032 266 finis

48 286 265 332 principalis.

181 369 281 403 Alia
311 367 554 412 responsio
584 368 635 400 ad
663 366 894 401 Minorem.

148 436 376 481 Respondeo:
404 434 477 469 Lex
502 442 535 469 et
557 434 788 479 Evangelium
817 434 1030 479 promittunt

45 489 238 535 principale
270 488 424 527 bonum,
472 493 506 520 et
535 499 711 520 summum
744 488 847 520 finem
861 513 869 527 ‚
912 485 1027 518 Deum

44 542 160 586 ipsum
184 552 258 574 sese
284 537 626 578 comnumicantem,
661 545 695 572 et
715 538 750 570 in
776 536 839 570 liae
857 537 927 570 xita
946 548 1027 569 con-

44 592 173 631 versis,
217 597 251 623 et
275 590 312 622 in
334 589 404 622 vita
431 596 573 623 aeterna
596 589 727 629 beatis,
770 589 864 621 iuxta
895 588 1026 621 dictum

41 643 93 688 (1.
111 643 193 676 Cor.
210 640 268 682 15,
285 640 382 685 280:
416 640 510 674 Deus
527 640 592 673 erit
609 640 729 672 omnia
749 639 785 671 in
805 639 981 672 omnibus.

146 694 211 727 Hic
246 693 324 726 finis
349 691 591 736 principaliter
618 692 832 735 expetendus
858 696 926 729 est,
966 689 1025 734 qui

43 752 94 779 est
112 758 193 778 vere
210 756 386 778 summum
405 743 552 783 bonum,
572 747 611 775 ut
628 742 796 786 scriptum
815 748 864 774 est
881 739 1025 786 (Mindi.

44 797 102 836 19,
124 797 217 842 17.):
247 796 343 828 Unus
361 793 455 827 Deus
470 794 584 827 bonus
601 799 661 826 est.
714 793 841 826 Postea
866 792 1026 838 sequitur

41 848 193 887 laetitia,
222 858 310 891 quae
330 851 381 878 est
396 844 513 878 minus
530 844 725 889 principale
741 845 888 878 bonum.
924 843 1024 876 Hanc

40 911 160 931 veram
180 896 446 941 responsionem
466 895 515 940 pii
527 902 560 929 et
578 895 705 929 eruditi
725 895 874 929 studiosi
892 907 1024 939 expen-

42 951 126 983 dant
142 948 198 993 ¹⁸).

136 1025 358 1069 Quartum
386 1029 696 1067 argumentum
724 1022 923 1066 Epicuri.

88 1092 169 1126 Duo
194 1093 288 1124 bona
307 1090 448 1135 potiora
471 1096 552 1124 sunt
571 1102 655 1125 uno.
708 1090 829 1124 Virtus
850 1097 883 1123 et
900 1103 954 1124 res
972 1102 1023 1123 se-

138 1144 273 1176 cundae
311 1147 392 1175 sunt
423 1142 492 1174 duo
526 1142 641 1182 bona,
684 1141 771 1175 sicut
801 1141 1023 1175 verissimum

140 1201 208 1234 est,
238 1194 359 1237 ingens
377 1199 625 1226 ornamentum
649 1204 722 1226 esse
741 1193 880 1226 x‘irtutis
896 1193 1023 1225 floren-

139 1252 210 1278 tem
240 1246 439 1284 fortunam,
483 1250 521 1278 ut
550 1244 654 1287 longe
683 1244 859 1277 antecellit
889 1243 1023 1277 Hunia-

139 1298 199 1330 des
215 1295 259 1341 ¹⁹)
282 1295 506 1339 Sigismundo
531 1293 742 1338 Imperatori
755 1294 822 1340 ²⁰),
859 1301 892 1327 et
916 1307 1022 1327 nemo

139 1360 213 1380 non
237 1346 348 1390 magis
365 1345 495 1390 expetit
511 1346 724 1379 curriculum
741 1343 865 1390 Ioseph
877 1372 885 1385 ,
915 1357 1022 1391 quam

139 1397 320 1431 Ieremiae.

88 1449 183 1494 Ergo
204 1448 314 1481 virtus
330 1460 404 1480 non
422 1453 472 1480 est
488 1459 665 1480 summum
687 1446 821 1479 bonum
834 1472 842 1486 ‚
874 1446 934 1480 sed
951 1447 1022 1479 duo

141 1499 327 1533 coniuncta
344 1499 438 1531 hona
456 1504 537 1530 sunt
556 1498 762 1541 expetenda.

138 1550 363 1594 Respondeo.
397 1548 580 1581 Facillima
597 1555 647 1582 est
662 1547 804 1582 solutio.
840 1547 921 1581 Duo
939 1560 1021 1581 con-

36 1602 154 1635 iuncta
171 1601 282 1645 magis
299 1600 492 1644 expetenda
511 1606 603 1634 sunt.
658 1599 790 1632 Verum
809 1605 859 1633 est
874 1612 937 1633 suo
964 1612 1021 1632 or—

35 1654 135 1694 dine,
172 1659 205 1686 et
222 1652 290 1692 ita,
322 1664 366 1684 ne
388 1651 624 1696 praestantius
648 1651 850 1690 amittatur,
884 1651 913 1684 si
939 1663 1021 1683 con-

35 1705 134 1749 iungi
151 1704 256 1737 ambo
281 1715 355 1736 non
378 1709 536 1747 possunt.
587 1702 631 1735 Et
654 1714 793 1747 semper
814 1702 849 1735 id
873 1714 1020 1747 quaera-

35 1763 109 1796 tur,
134 1756 230 1802 quod
247 1768 309 1788 suo
327 1754 404 1786 loco
423 1766 598 1799 quemque
615 1766 753 1787 neeesse
769 1759 819 1787 est
837 1765 1020 1799 quaerere,

35 1807 118 1853 quia
134 1805 328 1840 necessaria
344 1805 503 1838 facienda
521 1811 614 1845 sunt,
643 1805 678 1837 id
694 1811 756 1845 est,
784 1817 874 1850 quae
894 1804 1019 1850 cuique

36 1871 98 1892 suo
116 1858 194 1891 loco
210 1858 265 1891 lex
282 1856 349 1890 Dei
365 1856 556 1901 praecipit,
584 1863 622 1889 ut
645 1856 778 1889 dictum
802 1862 851 1889 est
871 1856 1019 1902 (Psalm.

37 1909 121 1950 119,
150 1907 268 1954 lO5.):
296 1907 456 1941 Lucerna
473 1908 621 1952 pedibus
639 1908 725 1941 meis
742 1908 888 1941 verbum
906 1913 1019 1941 tuum.

0 1990 1 1994 ,
34 1961 117 1996 Non
146 1960 213 1994 alia
235 1959 399 1993 accersita
422 1955 784 2007 πολυπραγμοσύνη,
813 1958 1019 1999 ambitione,

0 2025 1 2033 ¹
35 2019 95 2046 aut
119 2011 280 2044 avaritia.
332 2010 382 2044 Ut
400 2023 537 2044 necesse
558 2017 591 2043 et
608 2010 810 2055 Scipionem
837 2010 1018 2043 dimicare.

34 2062 219 2097 Ieremiam
250 2074 388 2095 necesse
416 2068 467 2095 est
498 2062 642 2102 docere,
687 2061 825 2095 etiamsi
857 2061 921 2095 scit
954 2061 1019 2095 sibi

34 2122 187 2148 mortem
205 2113 425 2158 propositam
444 2125 527 2146 esse.

137 2166 225 2199 Cum
255 2164 361 2207 igitur
384 2176 457 2197 non
483 2163 649 2208 coniungi
673 2171 864 2209 utrumque
885 2165 1019 2198 bonum

2 2224 3 2261 j
35 2224 169 2262 potest,
205 2217 355 2249 alterum
379 2221 499 2248 tamen
524 2215 761 2259 praestantius
784 2215 937 2249 retinere
961 2228 1020 2248 ne-

71 2302 116 2330 18]
135 2301 197 2325 Alia
216 2301 361 2331 responsio
386 2301 420 2324 ad
439 2300 572 2324 Minorem
586 2313 619 2317 —
643 2301 760 2324 studiosi
781 2301 961 2331 expendant]
981 2301 1020 2325 sic

104 2336 170 2360 Edd.
192 2336 265 2360 1557.
285 2338 312 2359 et
334 2335 424 2365 1560.;
450 2335 476 2358 in
491 2335 556 2359 ΕΜ.
578 2336 650 2359 1550.
671 2337 698 2358 et
720 2336 792 2360 155⁴.
812 2337 878 2359 haee
895 2336 1002 2361 desunt.

72 2379 117 2408 19]
137 2379 252 2402 loannes
279 2378 422 2408 flunyadi,
454 2379 621 2408 gubernator
645 2378 803 2408 flung-ariae
832 2379 1019 2403 1445-1456,

106 2413 269 2442 (Ladislavo
284 2413 316 2436 V.
339 2414 501 2443 regnante),
522 2415 600 2442 pater
615 2413 744 2436 Matthiae
759 2413 777 2436 l.
797 2413 925 2441 Corvini,
946 2413 1020 2443 regis

105 2447 271 2477 uungariae.
320 2447 376 2470 Res
402 2447 460 2470 eius
486 2449 582 2477 gestas
609 2447 765 2470 describunt
783 2447 918 2470 Laeuii-us
938 2448 1021 2471 Chal-

106 2481 240 2510 condylas
260 2481 285 2504 iu
310 2481 370 2505 libr.
386 2481 545 2505 Vl—vul.
571 2481 764 2511 historiarum,
790 2484 815 2504 et
836 2482 888 2504 1011.
908 2480 1020 2505 Maiiam

108 2515 134 2538 iu
154 2515 225 2538 rom.
248 2516 292 2538 111.
319 2523 342 2545 p.
366 2516 375 2538 1
400 2522 457 2546 sqq.
483 2516 560 2539 libri:
595 2515 755 2539 Gesi-liiehte
784 2516 831 2539 der
857 2517 1020 2546 Magyaren,

106 2548 176 2573 cont'.
209 2549 288 2572 etiam
320 2550 371 2573 los.
404 2557 427 2573 v.
456 2551 597 2575 Hamiuer:
638 2549 797 2574 uest-hicme
829 2550 877 2573 des
910 2552 1020 2574 osunen.

109 2583 207 2606 Reiclis
228 2584 300 2607 Toiu.
315 2583 345 2608 11.
366 2591 389 2613 p.
404 2584 438 2607 23
455 2591 513 2614 sqq.

71 2626 118 2652 20]
139 2626 177 2648 De
198 2625 387 2656 sigismundo,
413 2626 505 2650 Caroli
520 2626 566 2650 IV.
589 2625 766 2656 Imperatoris
788 2627 860 2657 filio,
881 2625 1022 2651 Wenzeni

107 2660 220 2683 Rotnani
241 2660 314 2689 regis
334 2660 437 2689 fratre,
457 2661 614 2691 hungariae
632 2667 697 2691 rege
716 2666 755 2689 (a.
772 2661 975 2689 1357—1437.)
996 2663 1022 2684 et

107 2694 304 2718 Germanorum
330 2694 496 2723 Imperatore
521 2698 560 2724 (a.
584 2695 788 2722 1410—1437.)
815 2695 886 2720 conf.
907 2694 1021 2718 Mailath

107 2729 122 2752 Ι,
144 2729 161 2751 l.
191 2729 218 2751 T.
241 2728 271 2752 ll.
301 2735 324 2757 p.
347 2728 377 2751 91
402 2736 460 2758 sqq.
487 2730 512 2752 et
539 2729 722 2753 Melanthonis
748 2729 780 2753 de
803 2736 835 2753 eo
861 2730 1022 2754 declamatio

107 2762 171 2785 Vol.
188 2762 234 2785 XI.
256 2769 280 2791 p.
296 2762 347 2786 316
363 2768 419 2792 sqq.
439 2764 516 2787 huius
537 2764 619 2794 Corp.
638 2764 697 2788 Res.

38 2804 218 2834 Marma.
244 2804 350 2834 Ormi.
379 2805 462 2834 Vm..
486 2806 577 2836 xvi.

704 140 912 179 ETHICAE
940 141 1218 179 DOCTRINAE
1245 141 1523 178 ELEMENTA.

2003 149 2074 184 178

1086 244 1177 266 cesse
1196 237 1264 271 est,
1291 238 1324 265 et
1339 230 1421 277 quia
1439 230 1549 264 virtus
1573 238 1622 265 est
1648 232 1904 276 praestantior,
1932 242 2069 270 constat

1086 283 1252 316 xirtutem
1270 284 1373 316 finem
1397 295 1488 323 esse,
1515 282 1653 317 etiamsi
1677 296 1749 316 non
1773 287 1944 319 accedunt
1966 299 2066 330 prae-

1086 334 1166 368 mia.
1219 335 1314 367 Haec
1332 340 1383 368 est
1398 346 1478 367 vera
1501 334 1650 375 solutio,
1677 348 1750 368 non
1770 337 1884 370 solum
1910 336 2065 382 philoso-

1084 383 1207 429 pliiae,
1235 387 1293 419 sed
1313 386 1418 419 etiam
1437 386 1502 429 legi
1520 386 1586 418 Dei
1604 387 1839 422 consentiens.

1184 437 1331 480 Semper
1349 444 1465 470 antem
1484 437 1656 482 obstrepit
1672 436 1828 471 humana
1844 440 1956 480 ratio,
1978 453 2064 475 num

1081 486 1160 520 ideo
1184 494 1322 521 tantum
1348 494 1440 521 recte
1463 489 1545 521 saeit
1568 488 1752 531 ieremias,
1791 497 1830 523 ut
1854 491 1890 523 in
1913 490 2063 525 nihilum

1081 538 1283 582 redigatur?
1349 539 1414 572 Hic
1450 542 1640 584 respondet
1675 541 1860 586 Evangelii
1891 544 2064 584 doctrina,

1080 601 1153 622 non
1170 590 1349 634 redigetur
1367 590 1402 623 in
1418 588 1567 623 nihilum
1586 591 1762 633 Ieremias,
1789 595 1849 626 sed
1869 594 2065 635 reviviscet,

1080 646 1113 673 et
1129 648 1290 675 servatur
1306 641 1399 681 ideo,
1418 648 1457 674 ut
1471 654 1609 686 semper
1628 644 1915 680 eelelu·etl)e111n.
1944 646 2064 692 Quare

1080 691 1190 726 virtus
1206 692 1443 737 praestantius
1459 693 1593 726 bonum
1613 701 1682 734 est,
1718 696 1809 729 iuxta
1836 697 1939 730 illud:
1975 698 2064 731 Pro-

1079 749 1158 787 pter
1175 745 1271 789 quod
1289 745 1570 789 unumquodque
1589 745 1656 778 tale
1674 753 1735 786 est,
1764 747 1849 780 illud
1867 749 1978 791 magis
1996 750 2063 783 tale

1080 801 1140 828 est.
1184 796 1256 829 Nec
1273 795 1450 841 sequitur:
1480 795 1560 828 Duo
1577 795 1669 828 bona
1691 798 1877 831 coniuncta
1893 807 1975 833 sunt
1991 814 2063 834 me-

1078 845 1180 886 liora,
1205 847 1316 880 x‘irtus
1332 853 1365 880 et
1381 846 1630 892 tranquillitas.
1664 848 1759 889 Ergo
1770 849 1901 883 Paulus
1918 861 2064 896 quaerat

1079 909 1118 930 ea
1146 897 1333 931 coniuncta
1359 910 1504 944 quoquo
1527 899 1647 930 niodo.
1705 899 1862 933 Tantum
1890 902 1982 934 enim
2005 916 2064 937 ne-

1079 949 1226 982 cessaria
1245 949 1492 982 convenientia
1508 962 1571 982 suo
1588 950 1665 982 loeo
1681 950 1794 984 facere
1806 952 1937 986 Paulus
1951 955 2064 995 debet,

1079 1006 1112 1033 et
1130 1007 1273 1034 econtra
1292 1012 1381 1045 quac
1398 998 1578 1044 prohibita
1599 1007 1698 1041 sunt,
1725 1003 1886 1036 oi‘nittere
1903 1005 2016 1039 debet.

1375 1068 1476 1101 Alia
1505 1070 1760 1113 responsio.

1178 1127 1290 1162 Nobis
1308 1127 1508 1162 inEcelesia
1525 1129 1663 1162 facilior
1682 1137 1731 1163 est
1746 1132 1943 1178 responsio.
1982 1132 2063 1167 Duo

1078 1179 1171 1211 bona
1187 1179 1373 1212 coniuncta
1394 1181 1505 1224 magis
1522 1182 1715 1224 expetenda
1736 1189 1828 1216 sunt.
1888 1183 2007 1228 Nego,
2035 1185 2063 1218 si

1077 1230 1226 1263 alterum
1247 1231 1290 1264 sit
1306 1229 1496 1266 inlinitum.
1549 1231 1644 1265 Deus
1662 1239 1710 1266 est
1733 1233 1911 1267 infinitum
1929 1236 2062 1269 bonum

1077 1287 1110 1313 et
1128 1279 1318 1327 αὔταρκές.

1178 1331 1243 1365 Hic
1266 1344 1406 1380 semper
1430 1333 1674 1377 principaliter
1701 1341 1733 1367 et
1760 1336 1871 1379 magis
1901 1344 2064 1383 expeten-

1076 1383 1140 1415 dus
1158 1389 1228 1423 est,
1255 1395 1361 1428 quam
1381 1383 1500 1416 omnia
1519 1391 1633 1417 ereata
1654 1386 1760 1419 hona.
1814 1386 1865 1419 Ex
1884 1385 1950 1421 lioc
1966 1390 2062 1423 sonte

1076 1433 1166 1466 sumi
1182 1440 1298 1478 potest
1315 1434 1498 1478 responsio
1525 1436 1566 1467 ad
1588 1436 1699 1468 inulta
1717 1445 1937 1480 argumenta.
1990 1439 2063 1474 Lex

1075 1483 1142 1517 Dei
1184 1485 1312 1529 scripta
1356 1491 1390 1517 et
1425 1483 1661 1529 Exangelium
1697 1487 1888 1521 clarissime
1925 1491 2064 1527 docent,

1076 1535 1189 1568 Deum
1215 1536 1331 1580 ipsum
1354 1548 1427 1569 sese
1452 1537 1555 1570 nohis
1585 1538 1928 1581 communieantem,
1970 1554 2063 1575 sum-

1076 1600 1172 1621 mum
1189 1588 1294 1621 finem
1311 1585 1467 1621 hominis
1485 1601 1556 1621 esse
1574 1588 1631 1635 21).

1285 1671 1501 1717 Quintum
1529 1680 1850 1716 argumentum.

1125 1741 1299 1775 Ultimum
1318 1741 1354 1773 in
1375 1742 1498 1776 ordine
1514 1743 1691 1776 bonorum
1706 1771 1714 1781 ,
1743 1750 1793 1777 est
1811 1744 1900 1778 finis.

1125 1792 1402 1838 Tranquillitas,
1432 1806 1521 1838 quae
1541 1794 1699 1839 sequitur
1717 1795 1904 1835 xirtutem,
1933 1803 1983 1830 cst
2000 1810 2063 1841 po-

1175 1851 1302 1878 sterior
1323 1850 1464 1878 x‘irtute.

1124 1895 1217 1940 Ergo
1238 1895 1295 1928 illa
1315 1896 1552 1941 tranquillitas
1570 1902 1618 1929 est
1638 1896 1726 1930 finis.

1175 1947 1405 1991 Respondeo:
1441 1947 1539 1990 Nego
1559 1947 1745 1982 Maiorem.
1800 1948 1891 1993 Quia
1911 1961 1984 1983 non
2002 1963 2060 1984 ne-

1073 2011 1166 2033 cesse
1192 2005 1261 2038 est,
1288 1998 1453 2031 ultimum
1479 2005 1638 2042 tempore
1661 2011 1733 2032 esse
1759 2000 1973 2045 principale,
2002 2004 2059 2036 sed

1073 2063 1176 2095 saepe
1202 2049 1408 2095 principalis
1431 2050 1526 2090 finis,
1570 2050 1671 2094 prior
1704 2056 1753 2084 est
1785 2057 1944 2096 tempore
1971 2053 2059 2087 aliis.

1075 2102 1121 2135 Ut
1145 2103 1241 2147 quod
1266 2101 1326 2135 Sol
1351 2101 1507 2134 calefacit
1530 2107 1660 2134 terram
1685 2102 1720 2133 in
1745 2109 1896 2143 aestate,
1931 2104 2060 2148 prinei-

1073 2154 1161 2199 palis
1186 2159 1236 2186 est
1259 2152 1355 2186 finis:
1398 2152 1552 2192 siccitas,
1587 2164 1678 2198 quae
1702 2153 1879 2198 sequitur,
1912 2167 1986 2188 non
2011 2163 2058 2189 est

1074 2203 1278 2250 principalis
1304 2203 1393 2237 finis.
1460 2204 1723 2237 Ambulationis
1747 2205 1826 2238 finis
1855 2205 2059 2250 principalis

1074 2263 1122 2290 est
1148 2255 1309 2289 excitatio
1331 2255 1476 2294 caloris,
1504 2262 1542 2288 ut
1566 2256 1625 2288 fiat
1649 2255 1773 2289 coctio.
1827 2255 1926 2290 Hanc
1944 2258 2058 2303 sequi-

1074 2315 1131 2341 tur
1155 2308 1252 2342 color
1272 2306 1417 2346 melior,
1445 2307 1540 2352 quod
1567 2306 1630 2339 etsi
1654 2306 1828 2350 posterius
1845 2314 1912 2347 est,
1939 2315 2058 2342 tamen
2102 2315 2109 2319 ”

1074 2372 1146 2392 non
1162 2365 1211 2392 est
1229 2358 1434 2403 principale.
1475 2356 1598 2402 Ioseph
1617 2358 1767 2390 abstinet
1784 2358 1826 2390 ab
1844 2358 1957 2391 aliena
1977 2372 2057 2393 eon-

1074 2411 1152 2454 iuge
1186 2409 1374 2454 praecipue
1400 2416 1547 2453 propter
1571 2409 1789 2441 voluntatem
1812 2409 1898 2449 Dei,
1936 2418 2055 2454 postea

1075 2463 1179 2495 etiam
1206 2467 1351 2505 propter
1377 2460 1527 2497 samam,
1568 2461 1661 2505 quod
1697 2460 1759 2493 etsi
1791 2461 1964 2504 posterius
1997 2470 2057 2498 est.

1075 2521 1194 2546 tamen
1212 2524 1285 2544 uon
1301 2517 1351 2544 est
1366 2510 1573 2555 principale.
1627 2511 1713 2543 Tale
1731 2518 1763 2544 et
1780 2509 1847 2544 hoc
1866 2519 1932 2546 est:
1967 2513 2058 2546 Vivit

1075 2577 1175 2598 amor
1208 2562 1363 2607 patriae,
1406 2562 1622 2607 laudumque
1653 2562 1824 2596 immensa
1857 2564 1986 2608 cupido
2003 2565 2059 2608 ²²).

1109 2651 1156 2677 21)
1176 2649 1238 2672 Alia
1258 2646 1411 2676 responsio.
1430 2658 1464 2663 —
1488 2646 1566 2669 finem
1586 2646 1701 2669 hominis
1722 2648 1810 2675 esse]
1837 2647 1876 2670 sie
1895 2647 1960 2671 Edit.
1984 2648 2055 2672 1557<

1144 2686 1171 2706 et
1192 2683 1282 2709 1560.;
1308 2682 1333 2703 in
1353 2681 1418 2703 Edd.
1441 2681 1512 2703 1:25⁰.
1534 2683 1560 2703 et
1584 2681 1655 2704 1551.
1675 2681 1741 2705 haec
1761 2682 1867 2704 desunt.

1108 2728 1155 2754 22)
1176 2725 1274 2752 Yiron.
1294 2723 1404 2746 Aeneid.
1425 2723 1472 2746 w.
1491 2723 1568 2752 t-Zss,
1599 2724 1640 2747 uni
1661 2730 1708 2753 pro
1736 2723 1797 2747 vicit
1825 2724 1937 2755 legitur:
1968 2725 2056 2749 vintet

1144 2761 1199 2789 (ed.
1225 2759 1320 2783 tritt:
1351 2758 1458 2783 vincit).

1423 2794 1467 2827 12
