2347 3000
93 118 171 156 817
653 118 712 154 VI.

183 205 336 249 Quando
371 203 453 237 civis
484 203 668 237 Romanus
701 216 741 237 cx
775 203 943 244 muliere,
979 216 1068 249 quae

82 267 156 288 non
172 254 325 289 habehat
343 255 393 287 ius
404 255 610 298 Quiritium,
634 255 763 287 liberos
779 255 942 298 suscepit,
968 255 1070 287 liberi

83 313 233 339 matrem
257 307 513 350 sequebantur,
540 318 603 338 nec
629 312 729 338 erant
753 305 788 337 in
815 312 986 350 potestate
999 305 1069 350 ²⁸¹³)

84 356 206 401 patris.
258 357 392 389 Rursus
415 355 519 388 etiam
544 357 687 401 quando
710 356 858 396 mulier,
893 368 983 401 quae
1008 354 1070 389 ha-

83 408 189 440 bebat
209 407 262 440 ius
280 406 494 450 Quiritium,
528 413 639 450 nupta
665 413 739 440 erat
765 407 974 450 peregrino,
1010 412 1071 439 aut

84 458 207 497 alicui,
233 469 311 490 cum
328 469 398 501 quo
417 469 489 489 nou
508 464 583 490 erat
599 457 652 491 ius
669 457 850 497 connubii,
877 458 977 490 liberi
998 469 1070 489 ma-

85 515 174 541 trem
192 507 498 554 seque}›ant11r⁴··').
548 508 629 542 Non
646 508 740 541 enim
758 515 833 541 erat
859 508 912 541 ius
937 519 1070 540 connu-

83 559 133 590 bii
149 558 281 591 cithus
293 558 482 597 Romanis,
510 558 578 592 nisi
597 571 674 592 cum
694 557 905 592 habentibus
921 558 973 591 ius
983 558 1070 602 Qui-

84 608 204 642 ritium
217 608 276 653 ⁴³).
345 610 499 653 Quando
525 609 632 653 igitur
658 609 787 643 mulier
817 609 1018 642 discedebat
1049 620 1068 640 a

85 659 182 698 viro,
209 671 282 692 non
302 660 461 703 oportuit
483 673 559 692 eam
582 666 719 705 partem
742 659 834 694 (lotis
857 672 923 703 pro
950 658 1070 691 liberis

84 711 177 753 apud
196 716 331 753 patrem
358 710 570 755 relinquere.
628 710 752 756 Neque
775 710 869 743 enim
893 710 994 743 liberi
1019 722 1070 742 se—

86 762 286 805 quebantur
310 767 461 804 patrem.

190 810 219 853 ξ.
237 812 297 845 21.
324 813 357 844 A
380 807 659 856 repuynanffbus]
686 809 934 854 Repugnantia
956 815 1069 848 vocat,

87 873 176 906 quae
195 873 267 893 non
291 861 338 893 ita
366 861 524 904 proxime
545 861 638 892 iuter
662 873 716 901 se,
751 860 807 893 vel
829 873 870 893 ex
894 860 1069 892 diametro

86 911 271 944 dissident:
307 917 366 950 ut,
399 911 480 945 Non
506 916 557 943 est
583 910 722 950 album,
755 923 838 954 ergo
858 923 930 944 non
950 916 1000 943 est
1017 910 1070 942 ni-

85 974 206 1004 grum,
239 961 399 995 rubrum.
457 960 566 1004 Finge
590 961 673 994 sacti
697 961 861 1005 speciem.
913 961 1069 1007 Quidam

84 1017 294 1044 testamento
318 1012 410 1044 sacto
436 1012 547 1044 filium
570 1009 759 1045 haeredem
780 1012 948 1046 instituit:
990 1013 1070 1045 sub-

83 1061 195 1095 stituit
211 1068 243 1094 et
259 1061 366 1095 alium
379 1089 387 1101 ‚
415 1062 477 1106 qui
493 1063 564 1095 filio
584 1063 765 1096 decedenti
790 1063 883 1096 intra
905 1063 1070 1107 puberta-

84 1119 156 1145 tem
174 1113 393 1153 succederet,
420 1113 448 1145 is
465 1114 637 1146 secundus
654 1111 777 1147 haeres
796 1113 937 1147 dicitur.
977 1114 1070 1146 Con-

85 1163 199 1196 stituit
214 1169 330 1196 autem
350 1163 418 1203 ille,
442 1169 480 1196 ut
496 1163 586 1196 filius
602 1165 821 1208 permitteret
835 1164 937 1197 uxori
952 1177 1070 1197 usum-

84 1214 237 1246 fructum
256 1214 476 1247 aucillarum.
519 1214 630 1248 Filius
647 1215 738 1248 intra
755 1215 977 1259 pubertatem
994 1227 1070 1247 mo-

85 1264 187 1298 ritur.
239 1262 311 1296 Iam
329 1266 501 1298 secundus
519 1262 642 1298 haeres
667 1266 742 1299 vult
767 1267 901 1310 eripere
927 1266 1070 1298 ancilla-

85 1326 165 1347 rum
189 1315 445 1348 usumfructum
463 1316 622 1356 mulieri,
650 1317 731 1361 quia
751 1328 824 1348 non
841 1317 885 1349 sit
902 1316 1070 1349 constitu-

85 1371 160 1397 tum
191 1377 372 1409 expresse,
409 1367 505 1411 quod
536 1368 709 1400 secundus
738 1364 862 1400 haeres
888 1367 1013 1399 debeat
1039 1366 1070 1398 ei

85 1415 291 1460 permittere
316 1418 571 1450 usumfructum
597 1417 825 1457 ancillarum,
852 1417 912 1450 sed
934 1417 1069 1462 primus

87 1465 222 1500 haeres.
276 1466 399 1500 Cicero
421 1474 526 1511 negat
548 1480 648 1512 posse
674 1468 763 1512 eripi
783 1468 945 1507 mulieri,
973 1468 1069 1512 quod

87 1523 298 1550 testamento
315 1519 436 1551 datum
456 1519 511 1552 sit.
564 1518 629 1551 Hic
654 1525 855 1563 repugnant
875 1519 1011 1562 eripere
1037 1524 1070 1550 et

87 1568 291 1602 concedere.
371 1571 403 1602 A
421 1566 525 1615 filia]
554 1568 660 1613 Quod
683 1569 773 1602 filius
799 1570 902 1602 debet
926 1569 1069 1613 permit-

87 1625 172 1652 tere.
269 1621 384 1664 Neque
406 1632 427 1652 a
450 1622 592 1653 secundo
613 1618 785 1667 haerede]
822 1619 859 1652 Id
887 1626 957 1660 est,
996 1632 1070 1652 non

86 1669 168 1702 fecit
197 1669 437 1709 mentionem,
484 1671 580 1715 quod
609 1671 782 1704 secundus
812 1668 937 1704 haeres
968 1671 1071 1703 debet

87 1719 303 1764 permittere·
388 1722 480 1761 Quod
502 1719 623 1768 enim]
657 1721 786 1760 Ratio,
821 1734 904 1754 nam
932 1728 1071 1754 contra-

88 1771 140 1803 ria
164 1782 236 1802 non
261 1771 391 1803 cadunt
414 1771 450 1803 in
475 1770 588 1809 idem;
633 1778 667 1804 et
690 1773 748 1805 illa
773 1779 855 1805 sunt
880 1772 1071 1812 contraria,

89 1822 222 1853 donare
242 1825 275 1852 et
295 1822 443 1854 auferre.

192 1869 220 1914 ἓ.
237 1873 297 1906 22.
324 1873 377 1904 Ab
393 1871 611 1914 efficientibus
626 1869 765 1918 causis]
792 1871 845 1906 Ex
864 1872 976 1906 causis
998 1884 1073 1904 ma-

88 1923 181 1954 xima
196 1921 444 1955 definitionum
460 1933 541 1966 pars
560 1922 760 1959 conficitur;
788 1935 871 1955 nam
895 1923 968 1956 sine
992 1935 1072 1956 cau-

87 1973 133 2006 sis
160 1984 214 2005 res
237 1972 385 2016 intelligi
409 1972 544 2018 nequit.
608 1972 790 2006 Damnum
816 1973 983 2007 infectum
1010 1979 1072 2014 cst,

89 2023 185 2068 quod
201 2024 361 2056 nondum
379 2024 510 2057 sactum
527 2029 597 2063 est,
625 2024 685 2057 sed
703 2023 846 2057 timetur
862 2025 1034 2058 futurum.

199 2076 321 2108 Paries
354 2076 536 2108 communis
571 2080 646 2114 est,
695 2087 798 2120 quem
836 2075 1072 2108 communiter

87 2123 275 2157 aedificant
289 2124 413 2157 vicini:
443 2125 487 2157 ad
507 2136 586 2158 eum
611 2123 704 2157 enim
728 2125 781 2159 ius
805 2123 912 2159 hahet
937 2126 1072 2159 vicinus

89 2174 280 2218 adiungere
304 2175 515 2209 aedilicium.
565 2175 728 2209 Directus
753 2177 867 2220 paries
890 2183 939 2210 est
962 2177 1073 2209 conti-

90 2238 176 2269 guus
194 2226 409 2272 pariessfflss),
439 2226 500 2271 qui
523 2226 618 2259 iuxta
644 2227 793 2260 alterum
818 2228 1012 2267 attollitur,
1041 2234 1072 2260 et

91 2276 123 2308 ei
138 2283 423 2320 coagmentatur,
447 2277 537 2310 sicut
554 2277 778 2311 etVitruvius
796 2278 843 2310 ait
862 2278 951 2311 libro
969 2279 1073 2322 septi-

91 2326 227 2373 m04‘*):
270 2328 570 2372 coagmentorum
601 2328 811 2373 compositio
845 2330 987 2372 planam
1012 2327 1073 2362 ha-

126 2460 192 2492 41³)
212 2463 361 2494 potestate]
380 2462 419 2487 sic
436 2463 592 2493 Ed.1550,;
618 2463 644 2487 in
663 2463 747 2488 Editt.
764 2463 857 2495 15:337
878 2464 952 2489 1541.
971 2465 1056 2490 deest.

125 2511 173 2538 42)
193 2512 341 2542 Sehweppe
358 2512 376 2537 l.
394 2513 411 2537 1.
432 2512 457 2545 §.
472 2514 531 2538 369.
552 2521 575 2543 p.
591 2514 637 2537 66¹
657 2520 698 2543 sq.

126 2561 174 2592 43)
195 2562 280 2584 Adam
299 2561 349 2585 l.1.
369 2562 397 2585 T.
414 2562 432 2586 1.
453 2569 478 2591 p.
493 2562 534 2586 85.

125 2612 240 2639 43²)1n
266 2611 391 2642 margine
410 2612 458 2636 Ed.
473 2613 548 2637 1533.
573 2612 627 2638 Cic.
653 2614 746 2638 verbis
773 2615 912 2646 parietem
936 2615 1076 2641 directum

161 2646 300 2675 adscripta
318 2647 395 2670 sunt:
421 2646 450 2669 ld
469 2649 527 2677 est,
547 2648 711 2673 continuum.

129 2698 178 2724 44)
198 2695 319 2720 Vitruvii
338 2695 370 2719 de
389 2696 570 2720 architectura
589 2697 606 2722 1.
620 2697 679 2722 vn.
699 2704 722 2723 c.
740 2699 763 2729 1,
782 2700 805 2722 4.

97 2738 276 2770 MELANTH.
294 2737 399 2768 OPER.
430 2738 515 2768 Vox..
532 2738 620 2769 XVI.

764 118 964 153 SCHOLIA
998 117 1045 153 IN
1082 116 1329 153 ClCEROMS
1365 114 1552 153 TOPIm.

2032 128 2105 162 818

1122 203 1237 248 liet'ff')
1264 203 1355 236 inter
1379 215 1414 237 se
1437 202 1680 237 directionem.
1745 204 1884 240 Solidus
1908 210 2023 253 paries
2049 220 2110 251 est,

1122 253 1159 286 in
1184 267 1254 298 quo
1283 255 1398 287 nullus
1423 266 1522 287 arcus
1549 261 1615 287 est:
1651 255 1865 298 fornicatus,
1907 262 1966 304 qui
1990 275 2108 295 arcum

1123 302 1240 338 hahet.
1292 305 1329 337 Si
1351 311 1469 337 autem
1487 305 1732 338 aedificaturus
1748 311 1946 343 communis
1967 314 2109 355 parietis

1123 362 1259 398 partem
1291 355 1523 395 demoliatur,
1566 362 1600 389 et
1624 362 1703 388 ruat
1727 358 1884 403 reliquus
1909 363 2024 405 paries
2049 378 2107 397 scu

1123 405 1259 444 fornix,
1286 406 1359 439 sine
1377 406 1592 439 aedificantis
1609 407 1729 450 culpa,
1758 411 1815 441 sed
1839 411 1919 455 quia
1945 414 2108 447 sustiueri

1123 468 1195 487 non
1224 462 1384 499 poterat,
1418 468 1491 489 nou
1523 457 1625 489 dehet
1655 466 1832 500 praestare
1865 463 2034 496 damnum
2070 466 2109 505 is,

1123 506 1182 550 qui
1206 506 1370 549 promisit
1393 506 1514 539 damni
1542 507 1676 547 insecti,
1717 510 1797 553 quia
1821 511 1895 545 sine
1921 526 1981 547 sua
2007 516 2107 560 culpa

1123 557 1319 590 couimunis
1337 557 1452 600 paries
1478 557 1565 594 ruit;
1602 558 1828 601 Digestormn
1846 564 1888 595 de
1905 566 2037 599 damno
2058 567 2108 599 iu-

1122 608 1210 639 secto
1222 633 1231 647 ‚
1257 607 1332 650 lege
1348 607 1552 640 Fluminum
1565 633 1575 646 ,
1597 615 1629 641 et
1646 610 1720 650 lego
1737 609 1831 644 luter
1848 627 1936 658 quos
1948 615 2006 662 ⁴⁶).

1225 656 1254 700 ᾗ.
1270 659 1330 692 23.
1358 659 1410 691 Ab
1427 658 1550 701 efflwb's
1567 657 1695 706 rebem]
1714 659 1779 693 Ista
1800 666 1948 706 pecunia
1967 673 2017 700 est
2034 680 2107 701 ma-

1123 708 1351 748 trisfamilias,
1374 720 1456 751 ergo
1475 715 1525 742 est
1542 709 1645 741 etiam
1666 711 1743 744 viri,
1786 712 1905 747 Probo
1922 717 1964 749 nl,
1983 719 2106 753 effesm

1123 760 1165 791 ad
1185 759 1355 798 efficiens,
1381 759 1462 804 quia
1481 759 1543 792 ista
1564 761 1711 802 pecunia
1732 763 1859 797 dotalis
1877 773 1927 800 est
1950 769 2016 800 viri
2044 777 2107 804 (qe,

1124 812 1180 843 EJ:
1205 807 1482 856 comparatione]
1512 809 1799 853 Comparationis
1826 815 1894 848 loci
1918 819 1960 850 ad
1986 820 2109 853 simili-

1124 860 1262 893 tudines
1281 860 1472 904 pertinent.
1531 860 1567 891 Si
1598 861 1678 894 iusti
1705 864 1939 907 adfliguntur‚
1974 879 2106 914 (planto

1124 910 1234 954 magis
1260 911 1387 954 impii?
1427 910 1463 943 Si
1490 910 1686 954 imperator
1710 925 1781 946 non
1803 923 1938 958 potest,
1974 929 2107 964 quanto

1123 961 1239 995 minus
1253 960 1383 1006 eques?
1434 960 1569 1005 Regula
1586 962 1802 998 Aristotelis:
1839 968 1875 1000 Si
1900 969 1935 1001 id
1958 982 2032 1004 non
2056 973 2108 1006 in-

1123 1018 1193 1052 est,
1222 1014 1318 1057 quod
1332 1011 1444 1054 magis
1461 1011 1573 1046 inesse
1589 1013 1745 1048 videtur:
1782 1018 1893 1051 multo
1919 1021 2037 1056 minus
2062 1023 2108 1064 id,

1123 1063 1218 1108 quod
1241 1063 1358 1096 minus
1381 1062 1493 1096 inesse
1518 1064 1668 1099 videtur.
1746 1068 1787 1100 In
1810 1081 1847 1102 re
1867 1071 2025 1120 maiora]
2058 1081 2109 1115 ut,

1122 1113 1260 1155 Religio
1288 1120 1338 1147 est
1364 1113 1531 1153 colenda,
1571 1127 1654 1158 ergo
1675 1115 1813 1151 litterae
1846 1121 2032 1164 colendae,
2075 1133 2108 1159 et

1123 1162 1305 1198 charitatis
1345 1164 1457 1196 officia
1491 1165 1663 1200 facienda.
1763 1171 1862 1204 Fe'nes
1898 1185 2013 1217 reyere
2057 1184 2106 1210 est

1123 1215 1370 1248 disterminare
1396 1226 1510 1258 agros.
1569 1216 1671 1249 Actio
1699 1218 1817 1264 itaque
1841 1221 1964 1257 finium
1986 1237 2107 1270 regen-

1123 1267 1251 1298 dorum
1275 1267 1317 1298 ad
1342 1278 1444 1309 agros
1468 1266 1639 1309 pertinet,
1680 1281 1753 1302 non
1787 1273 1829 1304 ad
1861 1275 2019 1308 aedificia
2049 1290 2107 1310 ur-

1122 1317 1233 1356 bana,
1261 1316 1349 1349 sicut
1372 1316 1639 1351 iurisconsultus
1663 1320 1712 1352 ait
1732 1320 1769 1353 in
1786 1320 1939 1365 Digestis
1964 1325 2105 1361 Finium

1121 1367 1376 1410 regundorum.
1435 1367 1511 1399 Hoc
1529 1367 1698 1402 iudicium
1714 1371 1830 1406 locum
1847 1371 1954 1408 habet
1970 1376 2007 1410 in
2026 1391 2108 1412 con-

1122 1418 1205 1450 finio
1222 1417 1449 1461 praediorum
1467 1419 1699 1460 rusticorum,
1732 1422 1769 1454 in
1796 1424 2015 1460 urbanorum
2040 1430 2108 1464 dis-

1123 1467 1313 1513 plicuit'fl).
1365 1467 1467 1499 Actio
1487 1480 1600 1513 aquae
1618 1471 1759 1513 pluviae
1785 1477 1957 1509 arcendae
1982 1481 2106 1514 adver-

1122 1532 1179 1552 sus
1203 1531 1283 1551 eum
1312 1519 1500 1562 competit,
1529 1521 1590 1564 qui
1611 1522 1647 1553 in
1673 1533 1758 1566 agro
1781 1524 1909 1560 fossam
1935 1529 2037 1570 facit,
2070 1532 2107 1565 in

1123 1582 1229 1614 quam
1264 1569 1405 1612 colligat
1439 1581 1589 1614 aquam,
1637 1579 1696 1605 aut
1736 1576 1904 1617 deducat,
1956 1592 1996 1612 ex
2038 1595 2106 1628 qua

1124 1623 1294 1653 damnum
1326 1620 1428 1652 alteri
1459 1620 1597 1655 accidit.
1663 1622 1713 1656 Ea
1738 1638 1880 1672 quoque
1901 1635 2038 1665 tantum
2064 1635 2106 1666 ad

1124 1671 1252 1704 rustica
1276 1671 1420 1714 praedia
1447 1672 1621 1714 pertinet,
1654 1674 1743 1708 sicut
1766 1676 2024 1716 iureconsultus
2049 1684 2107 1719 ait.

1123 1721 1208 1754 ltem
1230 1721 1410 1755 sciendum
1438 1728 1507 1761 est,
1535 1720 1626 1755 hanc
1650 1725 1824 1761 actionem
1848 1742 1921 1762 non
1946 1732 2032 1766 alias
2058 1734 2107 1767 lo-

1125 1785 1204 1806 cum
1227 1770 1376 1811 habere,
1415 1784 1522 1817 quam
1545 1773 1574 1807 si
1600 1786 1690 1819 aqua
1711 1777 1831 1820 pluvia
1863 1792 1948 1824 agro
1971 1792 2108 1820 noceat.

1126 1824 1310 1856 Caeterum
1337 1824 1365 1857 si
1394 1823 1552 1856 aedificio
1579 1826 1632 1858 vel
1657 1828 1788 1871 oppido
1814 1838 1958 1872 noceat,
2000 1843 2110 1869 cessat

1125 1874 1216 1907 actio
1234 1871 1332 1907 haec.
1382 1874 1449 1917 Agi
1472 1881 1588 1907 antem
1610 1876 1656 1909 ita
1683 1879 1833 1921 poterit,
1860 1881 1914 1916 ius
1939 1895 2013 1918 non
2037 1898 2109 1920 esse

1124 1924 1298 1959 stillicidia
1324 1924 1376 1956 vel
1398 1925 1544 1958 flumina
1569 1926 1772 1964 immittere.
1822 1931 1888 1966 Est
1904 1941 2020 1969 autem
2034 1949 2111 1971 ma-

1125 1976 1177 2009 ius
1203 1976 1288 2008 fines
1314 1987 1455 2018 regere,
1489 1988 1596 2021 quam
1626 1990 1755 2024 aquam
1784 1982 1943 2026 pluviam
1977 1998 2108 2028 arcere,

1125 2027 1207 2072 quia
1225 2026 1322 2070 prius
1338 2033 1389 2059 est
1406 2028 1491 2060 fines
1508 2027 1766 2065 disterminare.
1818 2032 1959 2069 Etenim
1977 2037 2004 2070 si
2021 2039 2107 2074 fines

1125 2090 1293 2121 agrorum
1309 2090 1382 2110 non
1401 2084 1515 2111 essent
1530 2078 1786 2122 disterminati,
1814 2097 1888 2119 non
1910 2096 2029 2130 posset
2051 2091 2106 2133 agi

1125 2130 1166 2161 de
1185 2140 1275 2173 aqua
1295 2129 1414 2172 pluvia
1431 2131 1599 2163 arcenda:
1636 2138 1675 2165 ut
1689 2133 1718 2166 si
1737 2135 1894 2170 aedificia
1919 2139 2017 2172 nulla
2040 2141 2108 2174 dis-

1126 2181 1243 2213 iuncta
1264 2186 1398 2220 essent,
1431 2192 1505 2213 non
1523 2187 1611 2215 esset
1627 2182 1668 2216 de
1684 2183 1869 2222 stillicidiis
1895 2188 2013 2235 aliqua
2039 2191 2108 2225 dis-

1126 2242 1253 2265 sens10.

1229 2279 1455 2328 Convertere]
1482 2281 1517 2314 Si
1536 2281 1570 2314 in
1593 2283 1679 2316 urbe
1703 2296 1794 2330 aqua
1819 2295 1976 2330 arcetur,
2002 2290 2109 2334 igitur

1126 2334 1211 2365 fines
1228 2336 1409 2374 reguntur.
1462 2332 1698 2378 praescriptio
1725 2343 1774 2369 est
1797 2337 1834 2370 in
1859 2351 1897 2372 re
1922 2340 2108 2384 immobili,

1126 2382 1293 2425 usucapio
1328 2381 1363 2413 in
1394 2393 1431 2414 re
1462 2383 1605 2424 mobili,
1654 2386 1714 2418 sed
1745 2393 1879 2423 veteres
1909 2392 2109 2435 promiscue

1159 2482 1208 2509 45)
1229 2481 1322 2508 hahet]
1341 2479 1381 2503 sie
1399 2479 1482 2503 Edjtt.
1501 2481 1590 2511 1533.‚
1614 2482 1704 2510 1541.,
1728 2483 1817 2515 1550.;
1851 2488 1921 2516 apud
1941 2488 2049 2514 Vitruv.
2069 2492 2108 2515 ed.

1194 2515 1345 2572 ἕζιωίᾶὲὲῐα.
1370 2514 1518 2539 Schneider
1542 2516 1630 2547 (Lips.
1658 2517 1731 2542 1507.
1757 2520 1797 2547 ὃ.)
1823 2521 1851 2544 Τ.
1872 2521 1888 2546 1.
1915 2522 1967 2546 1.1.
1993 2525 2108 2556 legitur:

1162 2592 1209 2618 46)
1228 2590 1334 2620 Digest.
1349 2590 1480 2614 XXXIX.
1500 2590 1540 2615 tit.
1554 2591 1579 2616 2.
1603 2592 1635 2615 de
1649 2592 1752 2617 Damno
1768 2593 1867 2620 inferto
1887 2599 1937 2621 etc.
1957 2599 1972 2622 l.
1987 2599 2028 2623 2⁴.
2043 2600 2108 2624 Flu-

1196 2624 1296 2648 minum
1314 2625 1481 2654 publicorum
1500 2627 1549 2651 etc.
1568 2628 1594 2648 ct
1613 2627 1630 2650 1.
1644 2626 1686 2651 39.
1706 2627 1781 2651 Inter
1801 2636 1868 2658 quos
1890 2632 1979 2661 paries
1998 2636 2047 2658 ete,

1162 2667 1209 2695 47)
1229 2668 1286 2690 Hoc
1304 2666 1428 2690 iudicium
1447 2679 1480 2684 —
1500 2667 1662 2697 displicuit]
1684 2670 1749 2692 haec
1769 2673 1833 2694 sunt
1851 2675 1935 2697 verba
1955 2676 2057 2706 Dignst.
2075 2678 2106 2700 Χ.

1197 2701 1239 2725 tit.
1256 2701 1277 2724 1.
1298 2701 1402 2724 Finium
1422 2702 1621 2731 regundorum,
1644 2702 1713 2733 legis
1730 2705 1753 2727 4.
1773 2703 1798 2736 §.
1818 2706 1855 2729 10.

1453 2736 1501 2770 52
