2347 3000
31 153 102 188 201
591 146 632 182 11.

29 237 100 271 siae
119 249 181 270 suo
200 235 364 269 mirando
389 232 557 273 consilio,
585 245 690 277 supra
717 246 822 278 quam
852 233 1013 275 intelligi-

30 301 108 321 mus
135 295 197 320 etc.
262 287 311 318 Ae
334 284 512 329 diligentia
537 290 569 317 et
597 285 785 328 prudentia
814 283 1012 317 adhibenda

31 346 83 373 est
107 339 142 371 in
167 337 418 371 diiudicatione
449 336 644 375 (lictorum,
675 343 705 368 et
730 336 1012 369 ci1·cumst.¹mti.‘ie

30 390 305 424 considerandae
321 394 420 427 sunt,
449 400 539 433 quae
559 389 762 427 ostendunt,
790 389 831 420 de
851 400 919 433 qna
937 400 1013 431 spe-

29 442 79 475 cie
99 442 246 475 dicatur.

445 524 596 558 Aliud.

79 593 357 628 Proverliiorum
379 593 437 631 16,
459 592 542 638 (4.);
573 592 703 625 Omnia
723 591 805 624 facit
821 589 915 622 Deus
932 601 1013 633 pro-

131 652 206 690 pter
220 658 313 683 sese,
343 645 447 678 etiam
467 644 614 687 impium
632 645 675 675 ad
691 643 783 675 diem
806 642 950 674 malurn.

418 695 670 728 Consideretur
700 693 889 737 particula:
931 703 1013 735 pro-

28 754 106 792 pter
130 761 165 781 se
196 749 322 792 ipsum.
388 746 523 779 Deinde
551 752 581 778 et
608 744 772 789 Syntaxis
797 744 932 776 observi
946 750 1012 775 tur.

28 799 255 832 Manifestum
274 805 324 831 est
339 797 454 830 Deum
473 809 545 829 non
571 797 658 828 welle
684 795 922 839 impietatem,
949 807 1012 826 nec

29 863 128 894 posse
162 850 250 888 dici,
292 849 407 881 Deum
437 849 525 880 velle.
558 847 775 891 impietatem
803 852 950 890 propter
978 857 1012 878 se

30 902 154 944 ipsum.
208 900 275 933 Sed
294 912 444 944 poenam
463 912 523 932 seu
543 899 704 931 ordinem
723 899 797 930 x'ult
820 898 911 930 Dens
932 909 1011 940 pro-

28 959 104 996 pter
119 963 153 984 se
171 951 299 995 ipsmn,
323 958 355 983 et
370 957 409 984 ut
427 951 499 983 eins
517 950 647 983 institia
668 957 697 982 et
717 949 885 983 iudicium
905 960 1012 992 agno-

27 1008 183 1036 scantur:
220 1002 299 1034 idco
324 1004 453 1034 reseras
478 1002 642 1034 xerliuiu:
670 1001 753 1033 facit
779 1002 821 1033 ad
849 1012 1012 1043 poenam,

753 1051 885 1084 Com-io
904 1057 950 1083 esl
970 1052 1011 1082 (le

107 696 261 740 l'tesponi
268 698 273 728 l
281 709 332 730 eo.

26 1054 175 1098 impium
202 1053 344 1085 ordinat
366 1054 407 1085 ad
435 1052 528 1085 diem
551 1053 697 1085 malum.

26 1104 264 1149 providentia,
283 1111 316 1137 et
333 1105 375 1137 de
393 1104 529 1148 poeuis,
548 1116 635 1148 quas
652 1105 817 1136 adfirmat
833 1108 1012 1135 secuturas

26 1170 117 1195 csse,
148 1155 285 1189 etiamsi
308 1155 410 1200 impii
433 1155 689 1200 alitplantisliwr
715 1155 843 1187 florent
869 1153 1012 1197 permit-

28 1214 121 1240 tente
146 1207 222 1240 Deo
240 1207 299 1252 90).

128 1259 323 1303 Postquain
347 1263 555 1301 arguu'ienta
582 1255 771 1300 praecipua
801 1256 843 1287 de
867 1253 1013 1287 necessi-

27 1316 97 1343 tate
120 1310 291 1353 explicata
317 1315 418 1348 sunt,
446 1309 596 1341 fideliter
617 1319 747 1340 moneo
774 1307 940 1345 lectores,
976 1311 1012 1338 ut

27 1374 104 1394 curn
129 1362 337 1393 mandatum
362 1359 427 1391 Dei
453 1360 515 1399 sit,
550 1358 715 1402 amplecti
740 1357 945 1395 xeritatem,
982 1362 1015 1388 et

26 1413 145 1455 sugere
163 1412 267 1445 falsas
282 1411 480 1455 opiniones,
496 1410 592 1442 iuxta
609 1410 694 1441 illud
711 1408 908 1453 (Exod.20‚
923 1407 1013 1452 16.);

26 1464 109 1497 lNon
132 1463 226 1496 dicas
245 1463 371 1495 falsum
390 1461 652 1499 testimonium,
680 1461 898 1491 detestentur
916 1465 1014 1502 petu—

27 1514 173 1547 lantiam
210 1511 475 1546 defendentium
514 1512 683 1544 ahsurdas
720 1510 926 1554 opiniones,
976 1515 1013 1542 ut

26 1571 107 1598 sunt
119 1564 227 1598 Stoici
242 1566 379 1598 furores
396 1564 438 1595 de
455 1563 661 1596 necessitate
674 1589 682 1601 ‚
709 1561 916 1606 praesertim
935 1573 1011 1593 cmn

25 1616 272 1649 contumeliosi
295 1615 366 1649 sint
394 1615 561 1648 adversus
586 1613 722 1653 Deum,
764 1619 795 1645 et
824 1612 1012 1657 perniciosi

25 1668 196 1701 moribus.

331 1750 390 1783 De

128 1819 234 1852 Utilis
262 1824 313 1852 est
337 1817 499 1851 doctrina
526 1819 568 1850 de
592 1816 786 1850 affectibus.
838 1815 1014 1854 Primum,

24 1878 64 1905 ut
90 1871 278 1905 discrimen
301 1870 473 1903 virtutum
498 1875 529 1901 et
553 1869 742 1901 affectuum
770 1874 1014 1910 cognoscatur.

26 1923 183 1962 Deinde,
215 1928 253 1955 ut
272 1922 385 1955 fontes
403 1921 672 1954 considerentur
693 1919 871 1952 bonorum
892 1925 921 1951 et
941 1931 1015 1951 ma-

27 1976 142 2007 lormn
162 1974 363 2006 affectuum.
416 1972 561 2011 Tertio,
587 1978 624 2004 ut
637 1970 747 2005 Stoici
765 1982 904 2003 errores
923 1971 1015 2002 resu—

26 2032 165 2065 tentur,
208 2025 268 2070 qui
292 2036 396 2068 saepe
422 2023 458 2056 in
480 2023 636 2057 Ecclesia
661 2034 811 2066 magnos
843 2022 1015 2055 tumultus

26 2077 233 2110 excitarunt.
283 2075 374 2109 Nam
393 2081 426 2107 et
443 2075 527 2107 olim
550 2074 652 2107 multi
676 2073 819 2106 fanatici
840 2071 1015 2111 homines,

26 2135 60 2162 et
75 2127 328 2171 Anabaptistae
347 2124 400 2159 his
417 2127 588 2170 proximis
606 2126 709 2159 aunis
728 2137 850 2157 omnes
872 2124 1015 2157 affectus

426 1749 691 1782 affectibus.

60 2292 108 2320 90]
127 2287 298 2318 Respondeo.
333 2285 530 2309 consideretur
545 2285 678 2314 particula
693 2297 726 2301 —
746 2284 920 2313 permittente
935 2285 1015 2313 Deo]

96 2326 134 2348 sic
148 2324 213 2347 Edd.
231 2322 314 2351 155⁴„
335 2320 407 2344 1557.
423 2322 449 2343 et
465 2320 552 2347 1560.;
574 2320 621 2343 Ed.
639 2320 726 2343 1550.:
748 2319 918 2348 Respondet).
951 2319 1015 2342 Dis—

97 2358 233 2384 cernenda
252 2358 294 2379 est
320 2356 420 2378 natura
443 2355 476 2377 ab
504 2354 649 2383 impietate.
688 2354 845 2383 Quanquam
872 2354 945 2376 Deus
971 2354 1015 2376 est

95 2393 218 2417 conditor
237 2392 370 2415 naturae.
390 2391 479 2412 tamen
500 2388 624 2417 impietas
642 2387 722 2411 aliam
742 2393 851 2411 causam
871 2388 966 2415 habet,
989 2389 1013 2410 et

98 2427 168 2457 impii
188 2427 273 2450 libere
291 2425 438 2447 aimtuntur
457 2424 564 2446 natura.
607 2423 728 2449 Pharao.
763 2422 827 2445 saul
849 2423 876 2444 et
895 2422 941 2444 alii
963 2428 1013 2444 vo-

97 2463 184 2484 lentes
202 2460 291 2483 ruunt.
328 2459 437 2481 Interea
456 2462 522 2480 vero
543 2457 617 2480 Deus
637 2456 738 2479 tolerat
757 2462 822 2483 eos,
841 2458 868 2478 et
887 2455 1013 2485 aliquau-

98 2496 183 2524 tisper
208 2495 301 2517 furere
326 2492 409 2517 sinit.
441 2493 537 2521 postea
556 2491 682 2520 opprimit
701 2496 748 2513 eos
768 2490 898 2513 mirandis
917 2490 1012 2514 modis.

100 2532 129 2553 ut
143 2530 234 2552 extent
247 2527 403 2550 testimonia
417 2526 506 2550 iudicii
520 2526 585 2554 liei,
606 2528 632 2548 et
651 2525 768 2548 sciamus
788 2531 841 2547 non
862 2525 928 2547 ferri
948 2531 1012 2547 casu

99 2571 143 2587 res
170 2563 306 2585 humanas.
347 2561 406 2584 Non
430 2560 514 2591 igitur
539 2559 677 2589 seqnitur:
710 2559 793 2582 Deum
820 2565 883 2581 esse
903 2564 1012 2581 causam

98 2597 258 2628 impietatis.
278 2595 324 2618 sed
343 2596 447 2618 tantuin
465 2596 514 2618 hoc
532 2595 668 2624 seqnitur:
699 2593 829 2616 Naturam
850 2593 926 2616 initio
945 2599 1012 2615 con-

97 2633 181 2656 ditam
207 2636 270 2654 esse
294 2636 310 2652 a
328 2630 401 2657 Deo,
433 2631 529 2658 postea
552 2635 618 2652 vero
643 2630 785 2657 postquam
810 2627 920 2650 aliunde
948 2633 1012 2650 cor-

96 2669 176 2696 rupta
195 2667 252 2691 est,
285 2664 397 2687 tolerari
424 2664 533 2687 furores
558 2663 774 2692 aliquantisper.
808 2664 835 2683 ut
863 2660 959 2683 deiude
985 2661 1012 2684 in

97 2706 183 2731 poena
200 2698 342 2728 impiorum
368 2699 395 2721 et
419 2698 445 2721 in
469 2697 676 2721 liberationibus
695 2695 838 2719 Ecclesiae
857 2694 1011 2723 conspicia-

98 2739 142 2759 tur
161 2732 318 2764 praesentia
336 2732 395 2759 Dei,
416 2734 443 2755 et
461 2734 628 2762 agnoscatur
648 2731 688 2754 ira
707 2731 842 2754 adversus
864 2731 1012 2759 peccatum,

95 2770 259 2801 agnoscatur
284 2768 308 2790 et
327 2766 515 2790 misericordia
535 2766 560 2790 in
581 2765 726 2790 servandis
741 2764 930 2788 invocantibus
946 2769 1012 2788 eum.

674 145 881 181 ETHICAE
908 144 1188 181 DOCTRINAE
1215 144 1490 180 ELEMENTA.

1979 145 2053 179 202

1067 233 1143 265 tolli
1163 233 1351 265 voluerunt
1365 258 1373 271 ,
1402 243 1513 275 paene
1532 237 1566 263 nt
1587 229 1708 263 Stoici.
1754 229 1913 262 Primum
1933 236 2049 261 autem

1067 286 1163 317 sedes
1179 284 1434 317 consideranda
1455 289 1525 321 est,
1554 282 1715 314 videlicet
1741 280 1859 312 anima
1885 278 2051 317 liominis,

1068 348 1106 367 ac
1131 342 1249 378 postea
1277 335 1539 368 distribuendae
1566 333 1763 378 potentiae,
1792 338 1825 363 et
1846 331 2051 369 videndum,

1067 399 1157 431 quae
1173 387 1242 419 sint
1258 387 1475 428 singularum
1498 385 1735 430 potentiarum
1756 384 1897 427 propria
1918 395 2051 425 organa

1067 444 1099 469 et
1117 437 1281 481 propriae
1299 438 1466 471 actiones.
1520 437 1619 469 Hanc
1643 442 1753 468 totam
1776 434 1974 467 doctrinam
1993 446 2051 465 ne-

1068 489 1252 521 cessariam
1270 489 1305 521 in
1324 490 1419 521 ‹nnni
1441 489 1508 521 vita
1522 515 1530 528 ,
1557 488 1779 520 notissimam
1798 498 1870 519 esse
1887 485 2051 517 omnibus

1068 546 1218 584 oportet.
1290 541 1428 572 Deinde
1465 546 1651 585 postquam
1687 537 1854 570 dicimus:
1909 537 2052 568 allectus

1067 603 1138 624 esse
1159 591 1413 635 appetitiones,
1448 590 1681 624 distribuendi
1698 595 1778 623 511111
1799 590 1928 633 gradus
1946 600 2051 631 appe-

1069 643 1249 675 titionum.

1167 692 1230 726 Est
1246 699 1362 725 autem
1381 692 1508 725 usitata
1535 691 1736 725 distributio
1763 691 1905 735 triplex:
1935 690 2051 733 Appe-

1066 746 1150 778 titus
1173 744 1365 782 naturalis,
1395 756 1560 777 sensuum
1587 750 1620 775 et
1644 743 1840 776 rationalis.
1900 741 2051 776 Natura-

1066 797 1134 829 lem
1161 802 1287 828 xocant
1312 795 1566 839 appetitionem
1596 794 1661 826 1,·1111
1687 800 1719 825 et
1745 799 1866 837 potus,
1895 799 2048 837 quaeest

1066 848 1177 880 suctio
1200 860 1392 885 venarum,
1420 847 1513 879 unde
1533 846 1568 878 in
1587 845 1721 878 orificio
1745 844 1933 876 wau-iculi
1948 844 2052 876 dolor

1067 900 1199 938 oritur,
1228 911 1297 944 quo
1317 898 1466 931 sentitur
1484 898 1604 930 sames.
1652 896 1788 928 Deinde
1807 908 1971 928 sensuum
1993 907 2052 937 ap-

1068 950 1189 994 petitio
1216 950 1345 994 duplex
1370 956 1435 982 est:
1463 948 1533 981 Aut
1560 948 1702 993 propria
1729 953 1861 985 tactus,
1890 958 1979 991 quae
2004 952 2050 977 est

1068 1003 1101 1034 iu
1130 1001 1246 1034 nervis
1271 1008 1345 1035 toto
1375 1013 1524 1044 corpore
1549 999 1699 1044 sparsis,
1727 998 1887 1030 videlicet
1905 997 2052 1029 delecta>

1067 1054 1115 1085 tio
1142 1059 1175 1084 et
1201 1053 1315 1085 dolor.
1368 1052 1438 1084 Alii
1460 1058 1538 1084 sunt
1563 1057 1698 1089 motus,
1726 1055 1911 1094 sequentes
1936 1049 2054 1091 cogniv

1068 1105 1220 1143 tionem,
1250 1111 1281 1136 et
1300 1103 1442 1147 proprie
1458 1109 1538 1136 sunt
1556 1103 1590 1135 111
1609 1103 1732 1141 corde,
1759 1107 1798 1134 ut
1813 1100 1966 1137 laetitia,
1993 1100 2054 1132 tri-

1067 1155 1181 1194 stitia,
1210 1155 1332 1193 irasci,
1371 1167 1509 1193 amare,
1545 1154 1657 1187 odisse
1687 1159 1772 1192 etc.,
1803 1152 1947 1191 timere,
1978 1165 2053 1195 spe-

1067 1219 1157 1239 rare.
1226 1206 1381 1238 Ultimus
1414 1207 1543 1248 gradus
1573 1212 1623 1238 est
1657 1204 1828 1249 appetitio
1851 1203 2055 1236 voluntatis.

1067 1258 1157 1291 Diam
1176 1257 1213 1289 111
1229 1258 1431 1296 voluntate,
1459 1264 1497 1290 ut
1521 1257 1557 1289 in
1582 1258 1707 1295 corde,
1736 1255 1968 1300 prosequutio
1993 1262 2055 1291 est,

1068 1315 1129 1341 aut
1144 1309 1246 1351 suga,
1274 1315 1307 1341 et
1326 1309 1499 1353 quaedam
1522 1314 1571 1341 est
1591 1307 1769 1351 copulatio
1795 1307 1911 1340 cordis
1936 1313 1968 1338 et
1995 1318 2055 1336 vo-

1068 1360 1224 1393 luntatis.
1259 1360 1346 1392 Cum
1365 1366 1482 1392 autem
1501 1361 1542 1392 de
1561 1358 1741 1391 affectibus
1757 1358 1860 1391 lionis
1877 1364 1936 1390 aut
1952 1371 1965 1388 x
1978 1357 2054 1389 itio-

1068 1412 1112 1444 515
1128 1411 1328 1456 loquimur,
1356 1423 1430 1442 non
1448 1411 1596 1443 dicimus
1615 1411 1656 1442 de
1673 1411 1764 1441 same
1782 1411 1872 1442 etde
1889 1408 1964 1447 siti,
1993 1422 2055 1441 nec

1068 1464 1110 1494 de
1128 1460 1200 1499 liis,
1226 1462 1285 1506 qui
1304 1462 1441 1505 proprii
1457 1468 1538 1495 sunt
1552 1473 1758 1494 nerxorum.
1810 1461 1901 1494 Nam
1920 1458 1953 1492 111
1976 1466 2053 1492 sunt

1068 1513 1247 1546 naturales
1279 1513 1533 1557 proprietates,
1576 1512 1623 1546 sic
1649 1511 1811 1543 conditae
1845 1512 1881 1544 in
1915 1518 2055 1547 natura,

1068 1578 1131 1597 nec
1154 1571 1324 1606 reguntur
1343 1564 1510 1603 consilio,
1539 1570 1599 1597 aut
1620 1563 1820 1601 voluntate,
1848 1569 1885 1596 ut
1911 1563 1946 1594 111
1970 1563 2055 1595 lace-

1068 1617 1206 1649 ratione
1227 1628 1419 1649 nervorum
1439 1616 1558 1649 dolere
1580 1627 1718 1648 necesse
1745 1614 1871 1660 estffl),
1899 1627 1962 1647 nec
1982 1613 2055 1645 tolli

1071 1674 1184 1712 potest
1201 1665 1257 1699 hic
1275 1668 1378 1700 dolor
1397 1667 1565 1706 consilio,
1591 1672 1651 1699 aut
1669 1666 1865 1700 voluntate.

1172 1718 1239 1751 Sed
1265 1719 1306 1751 de
1330 1719 1399 1751 alio
1427 1720 1582 1764 quodam
1616 1729 1742 1761 genere
1775 1718 1967 1762 disputatio
1997 1724 2057 1752 est,

1071 1770 1231 1803 xidelicet
1248 1770 1289 1802 de
1309 1770 1508 1809 affectibus,
1538 1769 1596 1814 qui
1623 1768 1767 1812 proprie
1789 1776 1871 1802 sunt
1894 1769 1929 1801 in
1953 1770 2058 1801 corde

1069 1828 1129 1854 ant
1155 1822 1359 1860 voluntate,
1387 1828 1426 1854 ut
1447 1822 1490 1854 de
1515 1827 1633 1860 metu,
1668 1832 1747 1864 spe,
1783 1833 1926 1859 amore,
1963 1820 2057 1855 odio,

1069 1873 1222 1913 laetitia,
1255 1873 1453 1911 moestitia,
1488 1872 1752 1909 misericordia,
1788 1872 1839 1905 ira
1867 1879 1930 1905 etc.
2005 1871 2056 1903 De

1069 1923 1123 1957 his
1146 1924 1305 1956 definitio
1331 1925 1482 1957 tenenda
1515 1930 1582 1957 cst:
1624 1923 1778 1956 Allectus
1803 1930 1853 1957 est
1878 1930 1995 1956 motus
2023 1924 2056 1955 in

1070 1977 1174 2009 corde
1201 1982 1261 2008 aut
1287 1976 1489 2015 toluntate,
1516 1987 1666 2020 sequens
1692 1975 1953 2017 cognitionem,
1988 1988 2057 2019 ‹pio

1069 2027 1331 2072 prosequimur,
1354 2033 1415 2060 aut
1431 2027 1583 2068 sugimus
1601 2039 1674 2059 rem
1694 2027 1863 2065 oblatam,
1886 2033 1917 2059 et
1939 2039 2059 2071 queue

1069 2091 1207 2124 cunque
1224 2079 1332 2111 alium
1351 2079 1515 2111 affectum
1535 2078 1726 2111 comitatur
1743 2080 1785 2111 ad
1809 2085 2002 2111 extremum
2025 2077 2057 2109 in

1069 2132 1174 2163 corde
1192 2130 1323 2163 laetitia
1343 2130 1398 2162 vel
1414 2130 1568 2163 tristitia.
1620 2130 1708 2162 Sunt
1735 2130 1840 2173 igitur
1865 2136 1895 2162 et
1921 2130 2057 2174 praeci-

1069 2182 1129 2226 pui
1153 2188 1186 2215 ct
1210 2182 1326 2215 ultimi
1352 2182 1511 2215 omnium
1538 2182 1747 2221 affectuum,
1783 2181 1936 2218 laetitia,
1970 2193 2060 2225 qnae

1069 2233 1130 2266 alit
1156 2233 1264 2266 vitam
1290 2233 1326 2265 in
1351 2235 1476 2273 corde,
1501 2239 1534 2266 et
1556 2232 1752 2272 moestitia,
1782 2245 1871 2278 quac
1887 2231 2057 2273 extinguit

1068 2285 1189 2318 vitam.
1254 2284 1349 2317 Haec
1375 2284 1420 2317 ita
1447 2284 1617 2317 divinitus
1642 2284 1782 2316 condita
1809 2291 1902 2318 sunt.
1971 2284 2058 2315 Sunt

1068 2336 1162 2369 enim
1187 2336 1223 2368 in
1238 2337 1343 2368 corde
1361 2336 1453 2376 xilli,
1481 2336 1542 2381 qui
1559 2335 1803 2378 astringuntur
1818 2335 1852 2367 in
1872 2335 2060 2371 moestitia,

1068 2395 1101 2420 et
1122 2388 1160 2420 fit
1177 2387 1344 2420 arefactio
1362 2387 1474 2420 nativi
1500 2385 1678 2425 lnnnoris,
1706 2393 1738 2418 et
1762 2387 1928 2419 extinctio
1958 2386 2059 2431 spiri-

1068 2445 1180 2472 tuum.
1237 2438 1392 2471 Econtra
1419 2439 1455 2471 in
1478 2438 1611 2471 laetitia
1639 2438 1804 2471 laxantur
1830 2438 1924 2477 villi,
1955 2446 1985 2471 et
2012 2438 2060 2479 gi-

1067 2497 1224 2533 gnuntur
1257 2491 1401 2534 spiritus
1427 2489 1642 2533 copiosiores
1669 2495 1699 2521 et
1726 2489 1927 2523 lucidiores.
1998 2489 2058 2522 Est

1066 2548 1183 2575 autem
1210 2541 1302 2574 xitae
1327 2541 1530 2585 proximum
1556 2540 1765 2573 alimentum
1794 2542 1957 2585 spiritus,
2001 2542 2059 2585 qui

1066 2600 1114 2626 1·51
1134 2593 1317 2625 flammeus
1334 2590 1474 2630 halitus,
1498 2605 1601 2636 quem
1621 2604 1662 2624 ex
1682 2592 1853 2635 sanguiue
1873 2605 1932 2625 cor
1950 2593 2058 2635 gignit

1066 2656 1193 2676 arcana
1214 2643 1268 2682 xi,
1296 2643 1466 2676 divinitus
1484 2643 1532 2676 sic
1550 2643 1653 2676 insita
1677 2641 1826 2678 homini.

1101 2730 1147 2757 9¹)
1169 2729 1263 2751 dolere
1282 2733 1397 2750 necesse
1416 2727 1489 2755 est.]
1509 2725 1549 2748 sie
1570 2726 1636 2749 mid.
1659 2726 1731 2750 1550.
1751 2728 1778 2749 et
1801 2727 1891 2755 155}.;
1917 2726 1956 2748 Ed
1985 2725 2055 2748 155?

1135 2763 1227 2787 dolere
1248 2768 1377 2787 neccsse:
1397 2762 1444 2785 Ed.
1468 2760 1540 2784 1560,
1562 2761 1658 2784 dolore
1679 2767 1800 2784 neccsse.
