2347 3000
214 116 310 152 1159

217 203 324 237 tinuit
353 214 388 236 se
421 208 501 246 post
523 202 790 235 damnationem
815 212 953 234 summa
982 212 1061 232 cnm
1087 200 1209 232 mode-

217 255 295 290 stia.
366 253 436 298 Qui
469 266 547 287 cum
574 253 760 286 dissimiles
790 252 941 291 suerint,
977 263 1041 294 ego
1068 263 1209 296 quoque

220 318 297 340 sum
316 305 506 339 dissimilis.
561 303 599 336 In
617 304 866 347 respondendo
886 302 974 336 solet
991 303 1036 335 ita
1056 302 1145 341 fieri,
1174 307 1211 334 ut

221 357 511 390 accommodetur
529 354 643 387 oratio
663 355 708 387 ad
730 354 829 395 illos,
865 353 994 399 quibus
1020 353 1211 396 responde-

222 415 298 446 tur;
335 408 483 452 ideoque
503 406 611 438 multa
631 405 822 445 immiscet,
851 411 1041 450 antequam
1067 405 1109 436 ad
1132 416 1212 436 cau-

222 472 297 493 sam
315 459 422 491 venit.
475 457 530 489 Sic
549 455 615 489 hoc
635 457 711 489 loco
728 457 830 490 diluit
848 456 1011 489 cavillum
1032 456 1210 501 quoddam

224 510 421 555 Torquati,
449 509 509 553 qni
527 508 663 541 dixerat
688 520 723 541 se.
750 520 897 551 reguum
918 507 1097 540 Ciceronis
1122 508 1212 539 l'erre

228 574 300 594 non
326 572 437 604 posse.
517 559 655 592 Pioniae
687 559 771 592 illud
802 572 932 591 nomen
958 571 1095 602 refluum
1123 557 1212 589 male

228 611 358 651 audiit,
398 617 431 643 et
454 617 634 654 receptum
663 617 713 643 est
738 623 802 655 pro
829 610 1028 655 tJrannide.
1089 608 1212 641 Cicero

227 664 269 695 de
306 674 415 705 reguo
449 663 639 705 respondet
670 662 824 705 primum
859 674 920 705 per
956 660 1212 693 inversionem:

227 714 300 746 lmo
319 726 383 757 ego
403 713 522 745 consul
544 725 614 745 uon
639 713 803 755 regnari,
832 714 889 746 sed
912 712 1027 757 potius
1047 709 1213 755 prohibui

228 776 396 808 regnum,
424 764 586 796 videlicet
603 764 795 803 Catilinae,
832 764 891 809 qui
916 763 1130 795 moliebatur
1142 761 1214 793 Ro-

227 828 306 849 inae
331 827 500 857 regnare,
541 815 645 860 idque
669 813 855 859 prohibui,
891 815 1043 859 ideoque
1067 824 1214 855 regnum

230 865 409 910 prohibui.
456 865 501 898 Et
517 866 611 899 illam
631 867 729 910 regni
746 866 1020 910 appellationem
1040 865 1135 897 ducit
1154 876 1216 908 per

230 918 288 950 illa
322 924 503 960 tempora,
540 930 630 962 quae
663 924 738 961 post
774 917 995 950 consulatum
1029 921 1214 949 consecuta

230 975 323 1002 sunt.
390 968 458 1001 Sed
492 968 641 1002 sortasse
665 968 831 1012 intelligis
856 981 911 1001 me
936 981 1000 1012 pro
1026 980 1108 1011 rege
1133 978 1217 1005 esse,

232 1021 328 1065 quod
353 1019 404 1052 tui
424 1019 583 1052 damnati
609 1026 710 1059 sunt,
753 1020 881 1064 quibus
911 1019 1026 1052 dixisti
1060 1018 1217 1051 testimo-

230 1071 353 1110 nium,
387 1076 421 1103 et
443 1082 507 1114 ego
531 1082 605 1103 non
630 1070 724 1104 visus
748 1083 824 1103 sum
851 1071 1002 1103 clemens
1017 1069 1075 1113 83).
1162 1071 1217 1101 An

229 1123 314 1165 tum]
341 1119 409 1154 hoc
424 1127 494 1161 est,
520 1121 668 1155 sortasse
683 1127 722 1155 tu
745 1133 819 1153 non
844 1122 961 1165 arguis
985 1119 1219 1153 consulatum.

229 1173 367 1216 Reyem]
407 1172 537 1205 scilicet
570 1185 636 1206 me.
728 1174 794 1206 llic
818 1173 881 1206 tibi
903 1169 976 1218 eqo]
1014 1170 1220 1204 Communi-

234 1224 345 1263 catio,
383 1236 452 1268 qua
487 1223 727 1256 communicat
751 1224 890 1267 culpam
916 1236 995 1256 cum
1021 1223 1220 1267 Torquato.

237 1277 282 1308 Te
300 1277 334 1308 ἱη
351 1274 457 1319 eosffl')
475 1273 625 1323 dixisse]
648 1273 714 1307 hoc
731 1281 793 1315 est,
822 1274 888 1307 erit
903 1274 1102 1307 communis
1119 1273 1220 1316 culpa

236 1332 296 1358 tua
319 1338 396 1358 cum
424 1338 483 1365 ea,
520 1326 601 1371 quia
624 1333 662 1359 tu
686 1337 828 1371 quoque
851 1326 947 1359 testis
970 1326 1087 1364 suisti,
1127 1329 1222 1368 post-

235 1389 342 1422 quam
359 1376 548 1411 interfuisti
566 1377 765 1410 narrationi
780 1377 947 1412 iudicum.
1026 1374 1148 1421 Se‘1235)
1170 1387 1222 1408 ve-

235 1427 324 1472 rum]
353 1428 444 1472 Quia
463 1429 523 1474 qui
542 1441 664 1462 verum
683 1429 778 1468 dicit,
801 1441 875 1461 non
890 1435 1033 1473 regnat,
1061 1427 1120 1461 sed
1139 1426 1223 1469 legi-

236 1479 299 1512 bus
324 1479 557 1524 obtemperat.
653 1478 825 1527 Reymcre]
860 1480 895 1513 id
923 1486 991 1519 est,
1026 1479 1079 1512 uti
1103 1478 1222 1523 aliqua

236 1531 437 1575 tyrannide.
492 1530 560 1564 Ista
575 1537 657 1564 sunt
674 1532 853 1575 generalia
865 1531 922 1577 ²³⁶).

341 1580 369 1624 ἓ.
385 1584 446 1616 22.
473 1585 526 1616 De
550 1583 650 1616 huius·
670 1585 741 1627 spe]
773 1583 828 1615 Ad
852 1583 1017 1615 cavillum
1044 1580 1144 1624 regni
1171 1592 1224 1612 re-

238 1633 388 1676 spondet
404 1645 467 1676 per
484 1633 745 1666 infitiationem.
824 1634 972 1676 Indicia]
1001 1633 1036 1664 id
1055 1638 1123 1670 est,
1151 1643 1223 1663 non

237 1683 341 1717 dicta.
440 1687 519 1718 Uter
540 1686 674 1717 tandem
697 1697 763 1717 νωι-
783 1683 909 1729 est⁸⁷)]
940 1682 1090 1727 Egregia
1101 1682 1147 1727 ⁸⁸)
1172 1682 1224 1714 in-

237 1735 369 1767 versio:
398 1733 473 1767 Imo
488 1741 525 1768 tn
543 1733 693 1781 (inquit)
711 1747 771 1767 rex
783 1761 792 1775 ,
819 1732 886 1767 boc
904 1741 966 1775 est,
987 1741 1160 1779 tyrannus
1178 1745 1224 1773 es,

238 1785 298 1830 qui
330 1786 486 1829 postulas
518 1784 681 1820 homines
710 1786 916 1819 innocentes
948 1785 1012 1818 tibi
1041 1797 1115 1817 non
1141 1784 1225 1818 resi-

239 1843 346 1874 stere3
376 1849 438 1881 ego
455 1849 530 1870 non
546 1849 624 1870 sum
639 1849 712 1878 rex,
737 1838 819 1883 quia
837 1837 1044 1870 innocentes
1062 1837 1224 1869 defendo.

239 1891 283 1921 At
300 1887 407 1934 leia-⁸⁹)
425 1889 543 1934 etiam]
570 1887 686 1922 Diluit
708 1889 873 1921 cavillum
892 1890 933 1922 de
950 1900 1041 1931 rege.
1096 1886 1224 1926 ἄλλως.

240 1938 319 1971 Alia
342 1941 537 1973 consutatIO
562 1940 603 1973 de
628 1940 891 1984 peregrinitate.
960 1939 1101 1973 Obiecit
1131 1938 1223 1971 enim

241 1990 405 2024 Ciceroni
435 1991 660 2037 Torquatus,
703 1993 798 2037 quod
831 1991 901 2023 iam
933 1997 1056 2035 regnet
1087 1989 1225 2022 Romae

239 2041 362 2076 tertius
386 2043 593 2087 peregrinus
618 2055 691 2076 rex.
752 2043 784 2077 1.
821 2043 950 2076 Numa.
1003 2045 1039 2077 2.
1073 2041 1225 2086 Tarqui-

241 2092 332 2128 nius.
385 2094 420 2129 3.
449 2094 590 2135 Cicero,
618 2094 646 2128 si
673 2107 750 2128 sum
777 2094 1004 2138 peregrinus,
1031 2105 1104 2126 non
1126 2092 1226 2137 potui

276 2228 324 2257 83)
347 2225 442 2255 ἄλλως.
478 2227 575 2252 Cicero
593 2227 725 2251 versatur
749 2225 775 2250 in
800 2227 916 2257 quatuor
935 2224 1003 2249 locis
1020 2237 1053 2242 —
1073 2225 1149 2249 visus
1169 2233 1227 2250 sum

311 2263 457 2291 clemens]
474 2263 541 2286 haec
559 2262 645 2286 verba
662 2263 689 2285 et
707 2263 723 2285 4
741 2262 822 2285 notas
842 2262 989 2291 sequentes
1008 2261 1068 2284 sola
1087 2261 1136 2285 Ed.
1154 2261 1226 2285 1568.

310 2297 426 2322 exhibet.

277 2340 325 2367 8⁴)
345 2341 407 2368 eos]
426 2339 466 2363 sic
485 2339 534 2362 Ed.
553 2338 627 2364 1568.
648 2340 675 2362 et
693 2338 745 2368 al.;
770 2337 820 2361 Ed.
841 2337 926 2362 oren.
946 2337 1064 2361 eosdem.

276 2381 471 2442 ὃόἰὸἒίηἶςεὶο
489 2382 538 2406 Ed.
561 2381 634 2405 1568.
662 2382 689 2405 et
707 2381 756 2406 Ed.
778 2380 880 2411 Orell.;
915 2380 999 2404 Editt.
1021 2380 1112 2410 1539.‚
1143 2380 1227 2408 1553..

360 2418 384 2441 4.
425 2416 444 2441 i.

277 2461 419 2516 δκὶι-Ηεῖεα
443 2460 509 2483 nota
533 2459 560 2483 et
586 2459 654 2482 duae
673 2459 819 2489 sequentes
844 2457 872 2481 in
897 2457 958 2481 sola
976 2457 1025 2481 Ed.
1048 2457 1122 2481 1568.
1148 2457 1227 2480 inve-

310 2500 374 2517 num
389 2499 430 2517 ur.

279 2536 327 2564 87)
346 2536 399 2560 Pro
418 2537 459 2559 his
475 2536 530 2561 Cic.
545 2535 654 2564 verbis,
673 2541 742 2566 quae
755 2535 805 2559 Ed.
823 2535 898 2559 ¹568.
916 2535 940 2558 h.
953 2535 971 2558 1.
991 2535 1085 2561 habet.
1106 2533 1130 2556 in
1145 2534 1227 2557 Editt.

317 2570 402 2600 1539„
423 2571 508 2599 ¹553..
529 2571 602 2594 1554.
622 2570 676 2594 Cic.
700 2571 785 2594 verba
803 2569 997 2600 subsequentia
1014 2570 1091 2598 isne,
1115 2567 1163 2592 cui
1183 2569 1228 2591 in-

314 2606 447 2629 nocentes
464 2605 524 2628 huic
542 2606 624 2629 notae
640 2605 767 2635 apposita
784 2605 856 2629 sunt.

280 2648 328 2676 88)
347 2647 482 2678 Egregia]
502 2648 569 2671 hanc
587 2654 680 2671 vocem
699 2648 759 2671 sola
777 2647 825 2671 Ed.
843 2646 916 2670 1568.
936 2646 1025 2670 habet.

281 2690 327 2721 ev)
348 2691 384 2714 At
403 2690 463 2717 hic]
482 2689 521 2712 sic
539 2690 588 2716 Ed.
604 2691 676 2715 1568.
697 2692 724 2715 et
742 2690 792 2715 Ed.
812 2689 914 2720 oreu.;
937 2688 1020 2714 Editt.
1036 2688 1122 2720 1539„
1143 2686 1229 2718 1553„

316 2725 391 2750 155⁴.
410 2724 453 2749 Ad
471 2723 548 2749 haec.

794 114 914 149 I’HlL.
951 113 1063 148 MEL.
1097 111 1299 147 SCRIPTA
1334 111 1669 148 PHILOLOGICA.

2154 113 2250 148 1160

1265 211 1336 232 esse
1354 199 1486 233 consul.
1530 198 1596 233 lsta
1611 206 1691 232 sunt
1708 197 1857 244 ἄτεχνα.

1265 250 1458 294 positiones
1474 252 1515 283 de
1534 251 1734 294 peregrino.

1906 199 2026 243 Fingit
2046 200 2176 234 multas
2196 212 2252 232 ex—

1798 251 1936 284 Tuetur
1952 263 1986 284 se
2008 251 2194 294 exemplis,
2222 251 2252 284 si

1264 314 1304 334 ex
1322 302 1515 345 municipio
1534 314 1605 335 esse
1622 308 1671 335 est
1688 302 1933 345 peregrinum,
1961 301 2254 346 praestantissimi

1265 353 1331 385 viri
1357 359 1437 385 sunt
1463 353 1650 397 peregrini.
1714 352 1849 385 l'xomae
1871 366 1925 386 res
1955 354 2000 385 ita
2028 365 2063 385 se
2090 350 2253 385 babebat.

1266 404 1345 437 Non
1364 410 1529 447 poterant
1556 404 1604 436 ibi
1629 415 1751 436 omnes
1775 401 1955 441 habital-(¹2
1990 404 2107 449 itaque
2134 403 2191 435 alii
2218 403 2254 435 in

1266 454 1342 487 aliis
1369 455 1451 487 loeis
1477 461 1589 488 eram.
1656 454 1702 487 Et
1732 454 1828 498 ipsae
1858 456 1962 488 urbes
1990 453 2167 488 batn-bant
2190 454 2255 487 ista

1537 507 1568 539 1.
1599 506 1713 537 Roma
1739 512 1813 538 erat
1838 512 1954 549 caput.
2008 509 2042 541 2.
2072 505 2254 538 Coloniae.

1267 557 1300 590 3.
1331 556 1522 600 Municipia
1537 584 1545 596 ,
1574 569 1664 601 quae
1683 557 1827 600 capiunt
1845 569 1952 589 onera
1972 569 2049 589 cum
2070 556 2255 595 l'xomanis,

1267 609 1324 640 sed
1344 622 1415 640 non
1434 606 1598 640 bonores.

1266 506 1482 539 discrimina.

1653 608 1686 640 4.
1714 608 1910 649 Nectigales
1927 614 2044 647 erant,
2074 608 2133 653 qui
2156 619 2254 651 pare-

1267 660 1350 691 bant
1385 659 1516 703 populo
1543 659 1726 697 lioinano,
1769 666 1802 691 vt
1834 666 1935 691 erant
1959 665 2128 703 tanquam
2151 658 2254 691 servi.

1268 710 1390 742 Cicero
1419 722 1490 742 non
1518 716 1655 742 tanturn
1678 716 1753 742 erat
1778 710 2020 754 municipalis,
2061 711 2120 743 sed
2150 709 2254 741 etiarn

1269 762 1364 794 rixis.
1432 761 1541 805 Quasi
1566 761 1676 793 dicat:
1714 761 1843 793 Fateor
1867 774 1922 793 nie
1947 774 2017 794 esse
2043 774 2083 793 ex
2108 760 2256 793 munici—

1270 813 1395 857 pioffl’).
1476 814 1581 853 Quam
1599 811 1842 856 e‹ms1‹lem⁹¹)'1
1873 812 1906 844 id
1925 818 1991 851 est,
2020 811 2046 844 si
2063 824 2138 845 sum
2159 823 2256 854 perc-

1270 864 1409 906 griuus,
1447 864 1551 894 etiam
1579 863 1700 895 consul
1726 876 1796 896 esse
1822 876 1894 895 non
1922 875 2076 907 possum.
2143 862 2257 895 Porro

1271 914 1502 957 umni‹·ipium
1523 920 1592 953 est,
1621 915 1715 958 quod
1734 914 1826 957 capit
1844 926 1951 946 onera
1979 926 2056 946 rum
2082 914 2169 947 urbe
2187 913 2259 946 Ro-

1272 979 1349 1003 ma,
1378 972 1411 997 et
1428 978 1499 997 non
1523 963 1688 997 bonores,
1741 964 1860 1010 ltaque
1885 965 1949 998 soli
1978 964 2130 997 Romani
2156 964 2259 1003 cives,

1272 1024 1305 1049 et
1331 1017 1398 1055 illi,
1435 1016 1495 1061 qui
1522 1016 1556 1047 in
1579 1014 1726 1047 coloniis
1752 1022 1872 1055 erant,
1913 1015 2098 1059 capiebant
2121 1015 2258 1048 Romae.

1273 1067 1426 1100 bonores
1451 1073 1483 1099 et
1508 1066 1730 1099 consulatmn
1753 1078 1792 1098 ac
1815 1066 2028 1110 provincias.
2097 1066 2260 1099 Tertium

1273 1131 1381 1160 genus
1398 1124 1471 1150 erat
1494 1117 1738 1160 vectigalium,
1771 1117 1832 1162 qni
1848 1123 1982 1150 tantum
2004 1117 2194 1161 parebant,
2228 1122 2262 1148 et

1275 1170 1404 1202 tributa
1423 1169 1575 1208 dabant,
1603 1174 1636 1201 et
1659 1174 1760 1200 erant
1785 1168 1888 1201 servi.
1950 1168 2055 1201 Multi
2080 1174 2197 1202 autem
2224 1179 2261 1200 re

1275 1233 1356 1253 vera
1383 1220 1473 1253 cives
1499 1220 1533 1251 in
1558 1218 1760 1263 municipiis
1784 1218 2004 1253 habitabant.
2102 1221 2262 1263 Peregri-

1275 1270 1371 1320 num]
1395 1271 1470 1303 Hoc
1489 1271 1600 1313 magis
1615 1270 1747 1303 mirum
1767 1277 1836 1310 est,
1862 1282 1970 1315 quam
1988 1282 2059 1304 esse
2076 1270 2261 1315 regemffl).

1379 1321 1407 1366 {-
1434 1322 1494 1356 23.
1532 1325 1589 1355 Ex
1621 1322 1673 1366 eo]
1708 1321 1840 1354 scillcet
1873 1334 1914 1354 ex
1938 1322 2088 1366 Arpino.
2171 1323 2263 1355 Unde

1277 1377 1395 1408 ilerum
1415 1376 1481 1406 ium
1496 1373 1602 1417 salus]
1630 1372 1724 1418 Quia
1742 1373 1830 1406 duos
1847 1379 2066 1417 praestantes
2089 1372 2180 1406 cives
2201 1370 2263 1405 ha—

1276 1425 1352 1457 buit
1379 1424 1534 1457 Marium
1566 1431 1599 1456 et
1623 1424 1849 1464 Ciceronem,
1890 1436 1954 1467 ego
1980 1423 2113 1458 servari
2138 1424 2263 1457 urbem

1278 1476 1430 1509 extincto
1459 1475 1628 1515 Catilina,
1671 1475 1806 1508 Marius
1833 1487 1917 1508 vero
1953 1475 2076 1509 deletis
2098 1475 2263 1509 Cimbris.

1277 1529 1389 1562 Missa
1414 1526 1478 1570 est]
1514 1527 1648 1560 Marius
1673 1526 1827 1559 servavit
1847 1527 1971 1559 urbem
2002 1526 2087 1560 susis
2111 1526 2264 1559 Cimbris

1278 1585 1311 1611 et
1328 1578 1535 1618 Germanis,
1564 1578 1625 1623 qui
1641 1578 1847 1611 invaserunt
1872 1577 1909 1610 in
1922 1576 2059 1610 ltaliam
2083 1589 2162 1611 cnm
2188 1589 2264 1610 ma-

1278 1642 1346 1671 gno
1371 1629 1542 1667 exercitu,
1583 1636 1616 1661 et
1643 1640 1810 1671 magnum
1842 1629 2009 1661 timorem
2041 1629 2265 1662 incusserunt

1278 1681 1462 1712 Romanis.
1523 1679 1645 1712 Cicero
1670 1692 1753 1712 vero
1783 1679 1936 1713 servavit
1959 1680 2083 1713 urbem
2110 1679 2263 1712 extincto

1278 1731 1429 1764 Catilina
1447 1730 1505 1777 93).
1616 1733 1722 1765 IVemo
1745 1733 1834 1764 enim.
1862 1733 1946 1764 istuc
1962 1729 2035 1777 9³¹)]
2069 1730 2207 1764 Tnetur
2227 1743 2262 1765 se

1279 1782 1463 1826 exemplis3
1508 1780 1597 1815 nibil
1622 1788 1672 1816 est
1702 1782 1806 1822 novi,
1848 1781 1985 1814 Romae
2012 1793 2084 1814 esse
2107 1781 2199 1816 cives
2223 1794 2264 1815 ex

1279 1833 1491 1877 municipiis.

1382 1884 1466 1928 Cap.
1486 1882 1575 1917 Vltt.
1605 1882 1634 1927 ξ.
1653 1882 1713 1918 24.
1749 1885 1895 1924 Quorum
1922 1885 1990 1917 iam
2011 1889 2043 1917 et
2063 1885 2196 1929 nomen]
2230 1885 2265 1917 id

1279 1942 1341 1975 est,
1370 1936 1430 1981 qui
1448 1948 1567 1968 sumus
1585 1935 1659 1967 nati
1677 1947 1717 1967 ex
1735 1935 1886 1974 civibus,
1913 1947 2129 1980 quamquam
2146 1948 2267 1969 sumus

1280 1987 1422 2020 oriundi
1451 1999 1490 2020 ex
1506 1986 1552 2031 ⁰⁵)
1578 1985 1850 2029 municipalibus
1873 1986 1969 2019 locis.
2054 1988 2108 2020 De
2126 1986 2267 2035 honore]

1280 2039 1314 2070 id
1334 2045 1402 2078 est,
1435 2039 1477 2070 de
1501 2037 1735 2083 praetur:1⁹⁰).
1814 2035 2001 2084 Supwari]
2031 2037 2131 2082 quasi
2154 2037 2266 2071 dicat:

1280 2089 1387 2129 Vide,
1416 2102 1458 2122 ne
1478 2095 1509 2122 te
1528 2088 1704 2133 peregrini
1722 2088 1757 2120 in
1774 2088 1949 2132 suffragiis
1965 2088 2178 2135 vineautffi).

1314 2217 1362 2244 90)
1383 2216 1436 2240 Pro
1456 2216 1504 2238 hac
1523 2216 1588 2238 nota
1607 2213 1744 2241 longiori,
1775 2218 1853 2243 qnam
1872 2213 1920 2236 Ed.
1940 2212 2013 2236 1568.
2032 2213 2126 2241 hahet,
2158 2215 2267 2238 ceterae

1349 2252 1365 2275 3
1380 2251 1463 2274 Editt.
1479 2249 1605 2272 exhibent
1620 2249 1687 2272 hanc
1702 2248 1869 2271 breviorem:
1888 2247 1950 2270 Atia
1969 2247 2117 2271 confutatio
2137 2247 2168 2271 de
2187 2254 2270 2278 pere-

1349 2285 1488 2315 griuitate.

1314 2329 1362 2355 91)
1381 2327 1540 2354 consulem]
1565 2325 1604 2349 sie
1630 2325 1677 2348 Ed.
1701 2324 1774 2349 1568.
1801 2325 1827 2347 et
1852 2324 1900 2347 Ed.
1928 2323 2029 2353 Orell.;

1351 2362 1441 2387 1:253..
1464 2361 1536 2384 1554,
1557 2360 1745 2384 consulentis.

1314 2403 1360 2434 92)
1382 2405 1453 2427 llaec
1474 2404 1538 2426 nota
1558 2404 1584 2426 ct
1603 2408 1720 2432 sequens
1740 2401 1765 2424 in
1786 2401 1846 2424 sola
1864 2400 1914 2425 Ed.
1932 2400 2004 2423 1568.
2025 2402 2141 2426 exstant.

1314 2448 1362 2475 93)
1383 2448 1458 2470 Hanc
1478 2447 1568 2469 notan]
1588 2446 1649 2469 sota
1668 2446 1717 2469 Ed.
1736 2445 1808 2468 1568.
1828 2444 1944 2468 exhibet.

1313 2491 1362 2517 94)
1382 2489 1471 2516 istuc]
1492 2488 1532 2511 sic
1551 2488 1599 2512 Ed.
1617 2488 1691 2512 1568.
1712 2489 1739 2510 et
1757 2486 1807 2512 Ed.
1829 2485 1931 2515 ore11,;
1962 2486 2045 2511 Editt.
2068 2487 2159 2519 1539.,
2180 2489 2265 2520 1553..

1352 2524 1426 2547 1554.
1448 2522 1550 2547 isthuc.

1314 2567 1363 2594 95)
1383 2571 1475 2588 sumus
1501 2564 1608 2587 oriundi
1635 2565 1682 2591 cx]
1711 2563 1751 2587 sic
1768 2562 1817 2587 Ed.
1841 2562 1932 2593 1568.;

1353 2601 1426 2623 1554.
1448 2599 1562 2622 habitem
1583 2598 1618 2621 in.

1315 2644 1362 2670 96)
1383 2643 1435 2665 Pro
1455 2642 1503 2664 hac
1523 2640 1657 2664 Editionis
1678 2639 1752 2663 1568.
1779 2641 1860 2665 nota.
1895 2642 2003 2664 ceterae
2028 2641 2044 2665 3
2063 2642 2145 2667 matt.
2170 2643 2266 2667 liabent

1349 2679 1431 2700 hauc:
1459 2676 1656 2702 Contemlunt]
1677 2674 1782 2697 scilicet
1803 2674 1835 2697 dc
1855 2677 1994 2703 praetura.

1314 2720 1362 2749 97)
1382 2720 1457 2743 nanc
1476 2719 1568 2742 notam
1587 2718 1614 2741 ct
1633 2718 1792 2747 sequentem
1809 2717 1869 2741 sola
1891 2717 1939 2741 Ed.
1957 2718 2030 2742 1568.
2049 2718 2135 2742 habet.

2072 2324 2154 2349 mitt.
2184 2325 2268 2359 1539„

1968 2564 2052 2588 Editt.
2073 2565 2162 2597 15³9.,
2185 2567 2269 2594 1553..

2341 1785 2343 1811 -
2338 972 2344 977 ,
2338 945 2343 953 ,
2338 909 2342 914 ,
2338 883 2342 891 ,
2338 836 2342 870 ..-
2338 653 2343 819 ,ν-ΑΎΆΑᾺἪ,
