2347 3000
214 150 290 188 283

215 243 308 271 artes
325 240 408 269 sunt
425 233 665 278 angustiores,
692 239 725 265 et
742 231 901 266 serviunt
917 229 1137 274 potioribus,
1164 235 1202 262 ut

215 299 272 322 ars
288 286 458 332 equestris
475 285 584 319 servit
607 284 676 318 arti
699 281 962 327 imperatoriae.
1021 280 1113 315 Nam
1139 281 1204 313 im-

217 337 396 384 peratoria
413 336 527 370 multo
544 336 645 381 plura
663 332 920 378 complectitur.
968 330 1036 365 Ars
1051 331 1206 365 sorensis

216 389 325 424 servit
339 388 522 433 politicae:
559 399 641 420 nam
658 384 801 430 politica
822 382 1068 427 complectitur
1086 383 1206 416 soren-

215 453 289 475 sem
319 446 353 472 et
382 439 610 474 senatoriam.
674 435 772 469 Finis
793 433 947 474 ethicae,
983 432 1207 480 videlicet*),

216 493 305 524 bene
318 497 351 524 et
365 491 466 523 beate
475 490 606 528 vix-ere,
625 485 869 532 complectitur
880 484 1040 519 omnium
1054 486 1205 519 aliarum

217 543 315 576 fines.
375 541 457 574 Ideo
482 539 574 573 hanc
596 544 700 571 vocat
725 535 1055 578 architectonicam,
1082 537 1118 570 id
1144 542 1206 576 est,

218 592 501 637 gubernatricem
525 597 559 623 ct
585 588 819 634 principalem
841 594 974 628 artem,
1008 595 1048 622 ut
1071 589 1100 623 si
1128 588 1207 634 quis

218 645 333 683 dicat,
385 642 595 685 religionem
639 653 711 675 esse
756 638 1071 674 architectonicam
1109 639 1207 673 iuris.

217 696 311 728 Haec
327 700 409 727 sunt
424 693 526 727 exilia
546 691 646 726 initia
658 719 668 733 ,
695 704 760 725 nec
779 692 998 735 affingendae
1016 697 1099 725 sunt
1119 691 1208 724 aliae

217 745 454 791 quaestiones.
522 743 591 777 Sed
619 750 660 778 ut
689 743 727 776 in
751 743 974 786 geometricis
996 742 1098 776 initia
1127 747 1210 776 sunt

219 795 421 841 perspicua,
460 795 509 828 ita
533 793 592 829 hic
613 793 704 828 nihil
729 801 780 828 est
804 793 1039 828 obscuritatis.
1108 794 1208 827 Ordo

217 854 337 880 tamen
363 847 652 891 propositionum
680 846 907 885 observetur,
941 851 975 878 et
1001 844 1113 878 sciant
1139 851 1210 878 stu-

217 898 308 932 diosi
324 899 480 942 primum
497 896 592 931 hunc
612 898 746 930 aditum
765 909 805 931 ex
826 894 980 942 physicis
999 896 1099 936 oriri,
1121 908 1209 941 quae

219 951 349 982 docent
384 956 540 995 quatuor
573 962 644 983 esse
675 949 860 982 cuiuslibet
895 953 1045 980 naturae
1077 959 1210 980 causas.

218 1000 406 1046 Quaerunt
436 1000 544 1045 igitur
567 1001 611 1033 ad
637 1012 743 1045 quem
769 1001 894 1039 finem,
937 998 1008 1032 sive
1035 999 1079 1031 ad
1105 1010 1209 1044 quem

217 1051 451 1096 praecipuum
470 1065 573 1086 usum
592 1050 757 1085 homines
778 1055 970 1084 nascantur
983 1048 1027 1096 2).

256 1142 288 1174 ἒξ)
309 1143 449 1171 videlicet]
468 1142 506 1165 sic
524 1142 574 1165 Ed.
594 1141 684 1166 15⁴6*
709 1141 758 1164 Ed.
780 1140 853 1164 1545.
873 1139 986 1164 utinam.

255 1177 285 1208 2)
305 1177 388 1202 Editt.
412 1177 502 1202 1530..
530 1176 605 1199 1532.
625 1177 652 1198 et
673 1176 746 1199 1535.
766 1181 815 1205 pro
835 1175 905 1203 illis,
933 1179 1001 1204 quae
1027 1171 1120 1196 verbis
1145 1188 1164 1202 „
1174 1171 1214 1195 De

290 1210 400 1235 Textu''
421 1213 447 1235 et
467 1210 582 1242 „Caput
601 1207 740 1240 primum''
762 1209 895 1238 inscripta
913 1210 992 1237 suut,
1014 1207 1079 1231 haec
1097 1207 1212 1230 habent:

526 1262 766 1301 Argumentum
791 1259 885 1298 primi
908 1258 987 1288 libri.

358 1312 464 1336 Primus
485 1310 556 1334 liber
576 1310 724 1334 ethicorum
744 1309 822 1332 docet
842 1314 902 1331 esse
921 1307 1037 1337 aliquem
1057 1306 1153 1335 finem,
1180 1304 1214 1328 ad

288 1353 365 1377 quein
386 1346 507 1370 homines
526 1345 636 1374 proprie
655 1343 756 1367 conditi
781 1343 853 1371 sint,
887 1347 1000 1371 eumque
1026 1341 1107 1364 finem
1132 1340 1214 1363 vocat

286 1381 469 1404 foelicitatem.
513 1379 627 1409 Colligit
653 1380 745 1401 autem
769 1379 845 1401 certa
871 1375 1106 1399 demonstratione
1134 1374 1214 1397 finem

288 1415 404 1439 hominis
424 1420 484 1437 esse
502 1413 634 1436 virtutem
655 1418 702 1435 seu
722 1412 856 1435 actionem
876 1410 1003 1433 virtutiS.
1024 1409 1086 1438 quia
1104 1407 1215 1437 propria.

287 1450 358 1473 actio
377 1448 587 1477 uniuscuiusque
606 1447 646 1470 rei
665 1446 727 1469 finis
743 1446 800 1468 eius
820 1447 878 1473 est,
900 1445 969 1467 sicut
988 1443 1054 1466 solis
1073 1443 1214 1465 illustrare

292 1484 436 1508 mundum.
456 1482 517 1506 finis
537 1484 578 1504 est
595 1487 626 1505 ac
639 1481 777 1510 proprium
792 1486 868 1508 opus.
905 1478 1029 1501 Hominis
1042 1479 1131 1500 autem
1148 1482 1213 1505 pro-

291 1518 350 1549 pria
369 1518 438 1541 aetio
460 1518 516 1544 est,
539 1515 610 1539 actio
630 1515 775 1537 secundom
796 1514 934 1536 virtutem.
970 1512 1038 1534 Nam
1057 1511 1214 1539 voluptates

291 1558 420 1576 sensuum
438 1553 501 1573 sunt
521 1550 598 1573 nobis
617 1555 770 1573 communes
789 1554 846 1571 cum
866 1546 1020 1576 pecudibus.
1064 1546 1113 1568 Est
1132 1545 1214 1575 igitur

291 1587 354 1611 finis
372 1585 488 1609 hominis
507 1584 577 1607 actio
598 1583 743 1606 secundum
763 1582 902 1605 virtutem.
952 1581 986 1603 Et
1012 1580 1039 1602 in
1059 1580 1108 1602 hoc
1128 1584 1214 1605 {usu-

292 1623 384 1645 mento
402 1620 461 1643 fere
480 1620 554 1642 totus
576 1618 679 1648 primus
700 1617 767 1640 liber
787 1615 964 1639 consumitur.
1000 1615 1049 1637 Est
1063 1615 1153 1637 autem
1172 1612 1214 1635 iu-

293 1655 407 1679 cundum
436 1653 548 1679 videre,
585 1651 717 1682 quomodo
750 1651 820 1674 ratio
851 1648 1060 1679 deprehenderit
1087 1647 1215 1670 virtutem

292 1690 421 1719 optimum
440 1694 517 1711 csse.
538 1688 563 1710 et
582 1685 790 1717 praeferendam
806 1691 866 1707 esse
882 1683 1004 1707 omnibus
1019 1680 1214 1711 voluptatibus,

293 1726 321 1747 et
342 1723 464 1747 omnibus
487 1721 561 1744 vitae
586 1720 748 1747 commodis,
780 1725 829 1742 nec
857 1723 873 1741 a
897 1718 1000 1740 virtute
1025 1715 1215 1739 discedendum

294 1764 354 1781 esse
373 1759 484 1788 propter
503 1756 575 1778 ullas
595 1754 717 1785 quamvis
736 1759 850 1783 magnas
869 1752 1010 1775 utilitates.
1054 1750 1113 1773 Erit
1132 1749 1214 1779 igitur

295 1793 377 1817 haec.
397 1791 420 1814 si
440 1790 615 1814 Aristotelem
634 1794 793 1818 sequemur,
822 1787 908 1816 prima
928 1788 1042 1809 naturae
1062 1785 1106 1807 lex
1125 1783 1215 1806 virtu-

294 1829 347 1850 tem
366 1820 426 1849 esse
446 1826 525 1848 tinent
546 1823 677 1853 hominiS,
708 1829 756 1845 seu
780 1822 912 1844 virtutem
936 1826 1003 1850 prae
1023 1818 1146 1842 omnibus
1166 1824 1215 1840 ex-

293 1861 348 1891 peti
368 1860 484 1888 debere,
516 1860 597 1888 atque
615 1857 677 1880 binc
695 1858 753 1879 tota
772 1855 881 1878 vivendi
902 1855 972 1877 ratio
992 1853 1103 1883 petitur.
1148 1852 1215 1874 Hinc

295 1895 365 1925 apud
389 1894 539 1923 scriptores
562 1893 663 1915 multae
686 1891 838 1914 sententiae
863 1890 1025 1915 trahuntur.
1061 1886 1149 1917 qualis
1174 1888 1215 1909 cst

296 1930 360 1952 haec
379 1929 449 1958 apud
468 1927 605 1951 Detnosth.
626 1926 648 1948 1.
664 1925 777 1954 Philipp.
811 1925 870 1950 Ego
891 1923 962 1947 enim
981 1921 1106 1945 existimo
1127 1921 1215 1944 maxi-

296 1968 365 1987 mam
385 1962 575 1986 necessitatem
595 1960 696 1983 liberos
714 1959 908 1988 turpitudinem
924 1963 970 1980 seu
986 1956 1103 1979 dedecus
1117 1955 1215 1978 ducere

296 1998 410 2021 debere:
437 1998 463 2019 et
483 1994 669 2018 iurisconsulti
688 1994 758 2016 inter
779 1993 845 2016 iuris
864 1992 1011 2021 praecepta
1029 1990 1145 2020 primum
1163 1995 1216 2012 nu-

296 2033 403 2055 merant
422 2031 536 2054 honeste
555 2029 666 2055 vivere,
686 2030 714 2050 ut
733 2027 887 2053 simiificent
907 2028 1035 2049 naturam
1053 2030 1103 2047 nos
1118 2023 1216 2047 docere

295 2066 441 2090 virtutem.
467 2070 521 2087 non
541 2064 652 2093 propter
671 2062 806 2085 utilitates
824 2061 913 2087 ullaS,
946 2059 994 2082 sed
1012 2060 1126 2088 propter
1145 2063 1216 2087 sese,

297 2100 476 2129 expetendam
495 2104 555 2122 esse
574 2096 718 2122 iustitiam.
741 2096 882 2119 colendam
901 2100 978 2118 esse.
1001 2092 1106 2116 etiamsi
1124 2093 1217 2115 nullae

296 2139 400 2164 poenae
414 2133 440 2156 in
456 2133 573 2156 iniustos
587 2131 751 2154 constitutae
765 2132 865 2153 esseut.
894 2129 959 2152 Item
975 2127 1110 2151 utilitates
1124 2132 1217 2150 omnes

299 2174 360 2192 esse
378 2166 582 2198 postponendas
599 2165 706 2188 virtuti.

367 2203 417 2226 Est
436 2204 461 2225 et
482 2202 531 2225 hoc
548 2199 762 2229 observandum,
783 2198 853 2228 quod
867 2198 943 2228 leges
956 2197 1071 2219 naturae
1087 2196 1149 2218 sunt
1164 2200 1216 2217 no-

297 2237 374 2260 titiae
393 2236 524 2266 quaedam
542 2240 597 2258 non
616 2233 744 2257 affectus.
775 2233 827 2256 imo
848 2239 881 2256 ne
901 2231 1089 2260 obtemperant
1110 2229 1216 2259 quidem

298 2272 339 2294 his
357 2271 478 2294 affectus.
515 2269 599 2293 Nemo
619 2268 689 2292 enim
708 2268 837 2290 virtutem
857 2268 968 2296 propter
983 2271 1013 2287 se
1031 2263 1149 2293 expetit,
1169 2263 1219 2286 sed.

298 2305 426 2335 praemiis
439 2306 485 2328 aut
499 2303 594 2334 poenis
607 2304 751 2325 moventur
766 2307 866 2324 omnes.
906 2300 934 2323 ld
950 2298 1115 2329 significavit
1128 2300 1217 2327 poeta.

298 2340 332 2363 Et
351 2339 397 2362 vix
416 2339 540 2363 invenias
558 2337 651 2361 multis
671 2343 685 2360 e
705 2336 823 2360 millibus
844 2341 934 2365 unum,
954 2334 1083 2357 virtutem
1101 2332 1218 2362 pretium

300 2373 344 2403 qui
363 2375 437 2404 putet
457 2378 517 2397 esse
533 2371 584 2395 sui.

369 2417 441 2445 Qua
459 2414 603 2439 ratione
621 2412 843 2438 Aristoteles
861 2411 906 2434 sit
926 2409 1148 2434 tractandus.

370 2450 534 2474 Aristoteles
565 2449 630 2472 exili
663 2448 777 2477 quodam
802 2452 833 2470 ac
859 2445 933 2470 tenui
959 2451 1061 2475 genere
1085 2444 1219 2468 orationis

301 2490 366 2508 usus
385 2486 442 2511 est,
463 2486 487 2507 et
508 2484 540 2506 de
559 2484 639 2506 rebus
657 2488 712 2506 non
731 2481 844 2504 remotis
861 2486 878 2504 a
895 2479 1132 2510 popularisensu,
1152 2484 1217 2502 ora-

301 2519 375 2542 tione
394 2518 477 2541 utitur
496 2524 548 2540 non
570 2517 678 2540 omnino
699 2515 831 2546 populari.
867 2515 962 2544 Itaque
979 2519 1060 2543 saepe
1080 2513 1217 2542 interpre-

302 2555 345 2576 tes
365 2553 475 2581 propter
495 2551 628 2574 inscitiam
648 2550 782 2574 sermonis
801 2550 834 2574 de
851 2549 943 2573 verbis
962 2548 1104 2577 rixantur,
1125 2548 1150 2571 et
1164 2553 1218 2571 nou

303 2587 380 2611 modo
401 2592 454 2608 non
473 2586 607 2614 explicant
627 2585 807 2608 sententiam.
842 2584 891 2607 sed
909 2582 995 2613 magis
1019 2582 1099 2606 etiam
1118 2581 1218 2605 intem-

303 2621 418 2651 pestivis
434 2620 487 2642 illis
504 2620 646 2642 verborum
661 2619 802 2642 calumniis
819 2620 973 2642 obscurant.
1011 2618 1112 2647 Saepe,
1132 2622 1218 2645 quan-

303 2660 380 2686 quam
400 2653 561 2676 senteutiam
581 2653 716 2682 assequuti
736 2655 815 2676 sunt.
835 2656 924 2676 tamen
944 2651 1072 2681 quianon
1087 2653 1218 2673 enarrant

304 2687 427 2719 populari
446 2693 546 2716 genere
565 2687 713 2717 orationis,
732 2693 781 2711 nec
799 2688 921 2710 referunt
942 2687 1006 2709 haec
1025 2688 1169 2714 praecepta
1185 2685 1219 2708 ad

304 2728 468 2747 communem
495 2728 619 2750 sensum,
651 2722 677 2744 et
702 2721 736 2744 ad
762 2721 867 2745 civilem
893 2720 967 2743 vitae
986 2719 1217 2743 consuetudinem.

305 2765 319 2781 c·
338 2757 429 2787 procul
449 2759 552 2780 tantum
572 2756 717 2780 ostendunt
737 2762 809 2782 rem,
829 2761 877 2778 nee·
893 2755 961 2777 satis
979 2755 1139 2784 explicatam
1159 2757 1218 2776 tra-

481 144 684 183 SCRIPTA
710 144 785 181 PH.
813 143 926 181 MEL.
952 143 1018 178 AD
1045 140 1256 179 ETHICEN
1283 141 1350 178 ET
1377 142 1640 182 POLITICEN
1670 144 1983 184 SPECTANTIA.

2175 149 2251 187 284

1621 231 1759 286 Caput
1778 229 1886 288 11.³).

1363 301 1516 337 Secundi
1541 305 1666 350 capitis
1690 307 1890 352 propositio
1916 312 1986 341 est:
2024 305 2171 342 Necesse
2190 314 2251 350 est,

1261 352 1417 399 aliquem
1442 367 1515 390 esse
1538 363 1734 391 extremum
1761 364 1795 392 et
1821 359 1987 392 ultimum
2007 358 2113 392 finem
2137 356 2253 392 homi-

1330 479 1414 504 dunt.
1452 479 1479 503 et
1510 478 1649 509 plerisque
1672 478 1741 503 locis
1766 479 1877 505 vincere
1901 481 2052 505 subtilitate
2078 481 2254 507 Aristotelem

1329 514 1454 541 certant,
1491 515 1518 536 et
1545 513 1700 537 sententias
1725 516 1905 544 quamtumvis
1927 516 2065 539 subtiliter
2089 516 2255 548 proposita,

1329 547 1416 577 magis
1437 547 1517 571 etiam
1538 547 1634 571 limare
1656 548 1780 579 student,
1813 551 1840 572 et
1866 556 1943 580 quum
1963 550 1989 573 id
2008 556 2092 579 agere
2111 551 2254 581 debebant,

1331 588 1364 605 ne
1384 582 1546 606 viderentur
1565 588 1581 605 a
1600 582 1785 605 communibus
1810 583 1982 612 opinionibus
2006 584 2178 614 prudentium
2202 585 2253 609 ab·

1329 617 1445 640 horrere
1464 617 1530 640 haec
1549 619 1711 647 praecepta,
1731 617 1776 640 isti
1796 617 1942 641 ambitione
1961 618 2074 648 quadam
2094 624 2172 648 quam
2190 618 2254 642 lon-

1331 651 1443 679 gissime
1462 651 1572 674 student
1591 651 1732 674 discedere
1752 656 1768 674 a
1788 653 1866 680 captu
1886 652 2003 676 aliorum
2023 653 2166 676 hominum.
2212 653 2254 677 lta

1331 686 1359 709 fit
1379 691 1430 709 nae
1458 685 1637 713 intelligendo
1663 685 1728 708 nihil
1755 688 1783 708 ut
1811 686 1996 717 intelligatur,
2031 689 2057 710 et
2083 687 2254 717 philosophia

1331 725 1386 743 uon
1418 720 1453 743 ad
1479 720 1637 743 iudicandas
1662 720 1759 743 civiles
1785 720 1907 743 actiones
1935 723 2091 750 comparata
2116 721 2253 752 videatur⁷

1333 754 1382 777 sed
1414 754 1539 778 videatur
1563 755 1642 777 ludus
1667 754 1775 784 quidam
1806 760 1866 777 esse
1891 755 2040 778 otiosorum
2066 755 2199 779 hominum
2226 756 2254 779 in

1332 789 1434 812 scholis
1452 789 1652 812 altercantium.
1695 789 1750 812 ,Nos
1770 794 1837 812 vero
1857 795 1905 818 pro
1925 789 2029 813 viribus
2048 789 2168 812 dabimus
2186 796 2253 820 ope-

1332 828 1407 852 ram,
1427 825 1453 846 et
1473 825 1501 846 ut
1522 823 1644 853 populari
1662 829 1765 850 genere
1785 823 1937 847 sermouiS.
1958 827 1984 846 et
2005 824 2079 847 velut
2094 824 2185 854 pingui
2199 824 2253 847 Mi-

1333 862 1435 887 nerva,
1456 863 1488 881 ea
1507 862 1575 886 quae
1595 859 1659 880 suut
1678 859 1710 880 ab
1729 857 1879 880 Aristotele
1898 858 2024 881 subtilius
2043 858 2144 882 tradita
2163 857 2253 888 expli-

1333 897 1439 917 cemus,
1459 892 1677 921 efficiamusque,
1698 894 1725 914 ut
1746 897 1798 914 non
1820 892 1976 921 longissime
1989 898 2004 916 a
2018 892 2094 919 vulgi
2113 892 2253 916 intellectu

1333 926 1422 955 posita
1440 926 1595 949 videantur.
1622 926 1667 948 sie
1686 928 1775 948 autem
1796 926 1902 949 facilius
1922 927 2112 953 intelligentur
2131 927 2212 954 haec,
2230 925 2254 949 si

1334 966 1417 989 saepe
1435 966 1601 984 conununem
1620 965 1729 983 sensum
1749 961 1892 983 consulent
1912 961 2067 985 auditores.
2098 963 2125 984 et
2143 961 2252 991 cogita-

1334 995 1398 1017 bunt
1416 995 1450 1018 ad
1470 1001 1545 1025 quem
1565 1000 1641 1017 usum
1661 995 1725 1017 baec
1743 996 1887 1024 praecepta
1905 995 2015 1018 inventa
2030 995 2100 1020 sint,
2120 995 2254 1025 quomodo

1333 1034 1349 1051 a
1368 1031 1466 1052 natura
1486 1031 1562 1059 orta,
1583 1030 1609 1051 et
1627 1034 1644 1051 a
1662 1028 1840 1058 prudentibus
1857 1029 2049 1053 animadversa
2068 1030 2122 1052 siut
2139 1029 2175 1052 ad
2193 1030 2254 1053 sor-

1334 1063 1432 1087 manda
1458 1063 1554 1086 iudicia
1579 1063 1713 1086 hominum
1739 1063 1771 1085 de
1797 1063 1924 1086 moribus,
1969 1063 2034 1086 Eius
2057 1063 2095 1086 rei
2115 1063 2255 1087 subjiciam

1335 1098 1494 1126 exemplum.
1529 1097 1694 1120 Aristoteles
1720 1098 1798 1120 linem
1824 1097 1940 1119 hominis
1965 1103 2025 1120 esse
2051 1097 2181 1121 virtutem
2204 1103 2256 1122 seu

1335 1131 1447 1154 virtutis
1465 1131 1615 1157 actionem,
1646 1131 1755 1162 scribit,
1789 1131 1858 1160 quod
1882 1138 1939 1154 cum
1967 1131 2016 1154 hoe
2041 1132 2118 1155 modo
2138 1131 2255 1156 technici

1335 1165 1442 1192 dicunt,
1465 1166 1498 1188 ab
1518 1165 1669 1188 hominibus
1686 1165 1819 1195 imperitis
1838 1172 1891 1188 non
1910 1166 1979 1189 satis
1996 1166 2170 1195 intelligitur.
2204 1167 2254 1190 Est

1335 1200 1406 1222 enim
1426 1199 1589 1230 gravissima
1613 1200 1751 1222 sententia
1770 1205 1890 1229 quaeque
1908 1199 1935 1223 iu
1955 1200 2026 1224 omni
2046 1200 2102 1223 vita
2121 1199 2254 1225 latissime

1335 1235 1425 1263 patet,
1458 1233 1578 1257 breviter
1605 1234 1632 1256 et
1650 1234 1793 1257 subtilibus
1811 1233 1903 1256 verbis
1924 1234 2034 1258 tradita.
2084 1234 2145 1258 Erit
2162 1237 2254 1259 autem

1335 1267 1422 1297 magis
1440 1267 1598 1297 perspicua,
1617 1267 1642 1290 si
1659 1268 1719 1296 quis
1739 1267 1856 1291 civiliter
1876 1269 2008 1299 explicet,
2029 1270 2055 1292 et
2074 1268 2201 1293 ostendat
2220 1274 2253 1293 eo

1334 1302 1474 1331 pertinere
1491 1302 1559 1325 hanc
1583 1301 1762 1332 sententiam,
1793 1302 1864 1331 quod
1888 1304 1987 1326 natura
2011 1303 2128 1326 humana
2150 1304 2254 1327 statuat

1335 1341 1366 1359 ac
1385 1336 1484 1359 iudicet
1502 1336 1568 1358 nihil
1588 1342 1649 1358 esse
1668 1336 1764 1359 melius
1782 1335 1903 1363 virtute,
1922 1342 1972 1360 nec
1990 1343 2106 1367 unquam
2119 1338 2153 1361 ab
2166 1338 2251 1361 hone-

1336 1373 1408 1394 state
1426 1373 1539 1400 propter
1557 1370 1691 1393 utilitates
1716 1370 1787 1393 ullas
1812 1370 2002 1394 discedendum
2021 1378 2097 1401 esse,
2130 1377 2180 1395 nec
2200 1376 2252 1395 vo-

1336 1406 1456 1434 luptates
1474 1405 1545 1428 ullas
1565 1410 1625 1427 esse
1643 1406 1739 1428 contra
1759 1405 1927 1428 honestatem
1946 1405 2155 1434 amplectendas,
2183 1405 2253 1429 Nul-

1334 1439 1369 1462 lis
1387 1439 1515 1469 periculis
1533 1438 1696 1468 propositis,
1726 1438 1809 1461 nullis
1836 1439 2000 1462 cruciatibus
2020 1441 2053 1463 ab
2071 1441 2185 1464 honesto
2205 1439 2253 1463 de-

1335 1473 1494 1497 flectendum
1514 1479 1583 1497 esse.
1620 1473 1704 1496 Recte
1720 1472 1804 1502 igitur
1817 1473 1941 1500 Regulus
1953 1474 2032 1501 fecit,
2053 1475 2122 1504 quod
2138 1475 2173 1498 ad
2186 1480 2253 1504 snp-

1336 1508 1444 1538 plicium
1464 1507 1572 1531 redire.
1593 1512 1670 1536 qnam
1691 1506 1797 1530 violare
1816 1507 2003 1531 iusiurandum
2022 1509 2124 1533 maluit.
2166 1508 2253 1532 Prae-

1336 1543 1411 1566 clare
1428 1541 1608 1572 PapinianuS,
1631 1541 1702 1570 quod
1721 1542 1834 1565 mortem
1855 1544 2000 1571 oppetere,
2026 1548 2104 1572 quam
2125 1541 2254 1572 principis

1337 1575 1664 1606 parricidiunidefendere
1672 1575 1773 1598 maluit.
1801 1576 1898 1598 Melius
1909 1577 2041 1600 Scaevola
2055 1577 2129 1600 sei-it.
2149 1575 2254 1600 etiamsi

1337 1613 1363 1635 in
1384 1611 1430 1634 illo
1452 1611 1527 1635 foco.
1547 1610 1574 1633 in
1595 1615 1646 1639 quo
1661 1610 1783 1632 ambusta
1797 1616 1892 1633 manus
1905 1612 1962 1639 est,
1982 1614 2157 1640 consumptus
2169 1612 2253 1640 esset,

1337 1651 1414 1676 quam
1434 1644 1555 1675 Vitellii,
1587 1643 1631 1673 qui
1657 1644 1772 1672 patriam
1792 1646 1913 1674 tyranno
1933 1645 2044 1674 expulso
2065 1645 2254 1675 prodiderunt,

1337 1679 1443 1704 etiamsi
1467 1679 1589 1702 licuisset
1614 1678 1669 1700 illis
1694 1678 1820 1701 restituto
1841 1681 1960 1708 tyranno
1980 1679 2006 1702 in
2027 1679 2116 1709 patria
2133 1679 2253 1703 molliter

1336 1714 1441 1738 vivere.
1479 1714 1552 1736 Haec
1572 1712 1640 1735 enim
1660 1716 1775 1736 naturae
1794 1719 1847 1735 vox
1869 1713 1894 1735 in
1914 1713 2018 1736 intimis
2039 1714 2141 1743 scripta
2163 1712 2252 1737 sensi-

1336 1750 1385 1773 bus
1403 1748 1554 1771 auimorum
1573 1748 1730 1770 nostrorum
1747 1753 1855 1776 semper
1874 1747 2000 1771 hortatur
2024 1754 2091 1779 nus,
2125 1754 2160 1771 ne
2185 1752 2253 1778 quas

1337 1783 1469 1806 utilitates
1488 1783 1534 1804 aut
1553 1781 1710 1810 voluptates
1727 1781 1823 1804 virtuti
1841 1783 2036 1810 praeferamus.
2074 1783 2107 1806 Et
2126 1782 2167 1806 bic
2181 1784 2254 1806 totus

1336 1818 1413 1842 locus
1431 1822 1508 1845 quam
1528 1816 1583 1839 late
1602 1816 1709 1845 pateat,
1743 1815 1770 1838 in
1796 1816 1868 1839 omni
1888 1816 1945 1839 vita
1963 1817 2044 1840 facile
2063 1819 2104 1840 est
2122 1816 2253 1840 iudicare.

1336 1853 1385 1876 Est
1404 1853 1493 1874 autem
1511 1850 1619 1879 copiose
1638 1849 1665 1871 iu
1691 1849 1783 1880 quinto
1803 1850 1909 1874 Tuscul.
1930 1851 2040 1879 Quaest.
2065 1853 2093 1874 et
2118 1851 2145 1873 in
2171 1850 2252 1874 tertio

1337 1885 1496 1910 Officiorum
1520 1886 1662 1908 tractatus.
1715 1884 1766 1907 Tot
1792 1886 1937 1914 tantasque
1960 1891 2006 1908 res
2031 1885 2187 1915 complexus
2211 1885 2254 1908 est

1336 1919 1501 1944 Aristoteles
1518 1924 1571 1942 nno
1591 1917 1745 1949 versiculo,
1765 1919 1893 1947 tanquam
1917 1919 2028 1942 oraculo
2046 1919 2154 1950 aliquo,
2173 1925 2253 1948 quum

1336 1954 1439 1984 inquit,
1471 1953 1600 1976 virtutem
1619 1958 1680 1975 esse
1698 1952 1777 1975 finem
1797 1952 1919 1976 hominis.
1961 1953 1991 1976 ld
2008 1956 2097 1977 autem
2120 1953 2253 1983 quomodo

1337 1988 1464 2017 colligat.
1484 1992 1568 2016 supra
1586 1986 1778 2015 indicavimuS,
1799 1988 1826 2009 et
1843 1988 1924 2016 paulo
1943 1989 2005 2017 post
2024 1990 2187 2017 repetemus,
2224 1987 2253 2011 si

1337 2022 1397 2052 quis
1412 2022 1447 2045 ad
1463 2022 1531 2045 hunc
1547 2021 1653 2044 modum
1670 2020 1788 2043 civiliter
1799 2021 1915 2050 explicet
1924 2022 2081 2046 Aristotelis
2090 2021 2253 2052 sententias,

1338 2058 1364 2080 et
1380 2057 1453 2079 iuxta
1467 2055 1640 2087 proverbium
1652 2052 1731 2078 κιιινιὶ
1746 2054 1842 2081 κοινῶς
1856 2055 1936 2082 dicat,
1956 2056 2041 2079 multa
2055 2055 2156 2079 clarius
2170 2056 2253 2080 intel-

1336 2090 1457 2121 ligentur
1483 2096 1515 2114 ac
1539 2089 1730 2120 percipientur.
1772 2089 1855 2113 Nobis
1879 2090 1920 2113 hic
1946 2090 2014 2113 satis
2037 2093 2078 2114 est
2103 2090 2254 2120 exemplum

1338 2125 1446 2155 aliquod
1466 2125 1524 2148 eius
1543 2124 1582 2148 rei
1601 2124 1762 2147 ostendisse.
1805 2124 1859 2146 Alii
1878 2124 1973 2154 quibus
1991 2124 2075 2148 otium
2094 2126 2150 2153 est,
2175 2124 2253 2147 simi-

1336 2159 1378 2183 les
1402 2160 1556 2183 sententias
1580 2158 1714 2187 copiosius
1739 2158 1884 2188 explicent.
1939 2159 2009 2182 Hinc
2035 2159 2116 2182 etiam
2139 2161 2253 2187 apparet

1338 2194 1397 2217 sine
1419 2193 1572 2224 eloquentia
1585 2192 1773 2222 Philosophiae
1791 2192 1882 2216 lumen
1902 2192 2006 2216 deesse.
2041 2192 2172 2216 Fortasse
2187 2198 2251 2222 pro-

1338 2228 1422 2252 fuerit
1440 2228 1521 2251 etiam
1546 2227 1672 2251 conferre
1697 2227 1768 2250 tales
1791 2226 1866 2250 locos
1889 2227 1924 2250 ad
1949 2227 2124 2251 christianam
2149 2226 2252 2250 doctri-

1338 2269 1416 2288 nam.
1435 2268 1504 2292 quae
1521 2262 1599 2285 docet
1617 2266 1671 2284 non
1691 2262 1795 2285 tantum
1812 2261 1878 2284 haec
1896 2261 1987 2285 civilia
2001 2261 2090 2284 officia
2102 2261 2171 2284 fines
2183 2267 2252 2286 esse.

1339 2298 1393 2321 sed
1412 2303 1461 2320 nos
1479 2296 1604 2320 conditos
1622 2301 1682 2319 esse
1700 2295 1734 2318 ad
1753 2295 1869 2326 gloriam
1881 2296 1947 2327 Dei,
1967 2297 1993 2320 et
2012 2297 2040 2318 ut
2059 2300 2253 2326 cognoscamus

1340 2332 1440 2358 Deum,
1460 2331 1509 2354 sed
1527 2331 1593 2354 haec
1611 2330 1688 2355 alias.

1409 2366 1483 2389 sicut
1503 2366 1529 2388 in
1547 2364 1610 2388 aliis
1627 2364 1730 2387 artibus
1749 2369 1766 2387 a
1784 2363 1947 2392 notissimis,
1977 2365 2004 2387 et
2029 2364 2253 2389 communissimis

1338 2399 1480 2431 incipitur,
1500 2399 1537 2423 ita
1555 2398 1719 2422 Aristoteles
1737 2399 1765 2422 et
1782 2398 1825 2422 hic
1842 2404 1859 2421 a
1877 2397 2027 2421 manifestis
2045 2398 2185 2429 principiis
2203 2406 2252 2423 ex-

1337 2440 1435 2465 orsus,
1463 2434 1594 2464 paulatim
1610 2432 1646 2456 ad
1664 2433 1820 2457 obscuriora
1838 2432 2029 2462 progreditur,
2056 2432 2124 2457 sicut
2143 2439 2252 2463 geome-

1339 2469 1393 2493 tria
1411 2474 1428 2492 a
1446 2467 1628 2492 communibus
1645 2467 1789 2491 sententiis
1806 2467 1912 2490 orditur
1931 2472 2009 2490 omne
2028 2470 2154 2497 quantum
2170 2467 2253 2492 dividi

1338 2505 1436 2534 potest.
1474 2504 1570 2526 Totum
1586 2504 1628 2525 est
1647 2502 1734 2525 maius
1750 2502 1827 2531 parte
1845 2500 1974 2530 physicus
1992 2501 2069 2525 initio
2089 2501 2166 2525 docet
2184 2507 2251 2532 qua-

1339 2541 1401 2562 tuor
1415 2538 1550 2561 elementa
1563 2542 1637 2564 esse,
1656 2536 1694 2559 ita
1711 2535 1839 2565 principio
1854 2535 2117 2565 docetAristoteleS,
2137 2537 2251 2560 omnium

1340 2578 1433 2596 rerum
1457 2574 1484 2595 et
1511 2571 1647 2595 actiontnn
1673 2570 1779 2600 aliquos
1803 2575 1863 2593 esse
1887 2570 1969 2600 fineS,
1999 2571 2026 2593 et
2049 2569 2190 2600 unicuique
2212 2571 2252 2594 rei

1338 2613 1414 2630 suum
1433 2607 1528 2637 finem,
1554 2607 1681 2634 tanquam
1703 2605 1799 2628 bouum
1819 2604 1952 2633 quoddam
1971 2610 2047 2635 esse,
2072 2604 2140 2627 sicut
2161 2607 2251 2628 terrae

1338 2642 1425 2665 locum
1446 2641 1587 2669 deorsum,
1606 2638 1663 2669 igni
1680 2644 1803 2668 sursum,
1824 2638 1902 2661 militi
1922 2638 2081 2668 victoriam,
2107 2639 2251 2663 mercatori

1339 2676 1450 2700 lucrum.

1302 2717 1332 2750 3)
1353 2718 1380 2741 ln
1396 2718 1479 2742 Editt.
1495 2717 1586 2747 1530.‚
1609 2715 1682 2741 1532.
1698 2718 1724 2739 et
1743 2715 1829 2739 1535..
1849 2721 1961 2744 quarum
1974 2716 2060 2739 verba
2074 2716 2106 2739 ab
2121 2715 2161 2739 his
2174 2715 2252 2739 valde

1339 2752 1484 2779 differunt,
1512 2752 1536 2776 h.
1555 2751 1571 2775 l.
1592 2750 1732 2780 inscriptio
1751 2750 1866 2781 legitur:
1894 2750 1923 2773 ln
1942 2751 2088 2774 secundum
2107 2752 2194 2779 caput.
