<?xml version="1.0" encoding="UTF-8"?>
<!DOCTYPE html PUBLIC "-//W3C//DTD XHTML 1.0 Transitional//EN"
    "http://www.w3.org/TR/xhtml1/DTD/xhtml1-transitional.dtd">
<html xmlns="http://www.w3.org/1999/xhtml" xml:lang="en" lang="en">
 <head>
  <title>
</title>
<meta http-equiv="Content-Type" content="text/html;charset=utf-8" />
  <meta name='ocr-system' content='tesseract 3.04.00' />
  <meta name='ocr-capabilities' content='ocr_page ocr_carea ocr_par ocr_line ocrx_word'/>
</head>
<body>
  <div class='ocr_page' id='page_1' title='image "./operaquaesupersu16melauoft/operaquaesupersu16melauoft_0042.png"; bbox 0 0 2347 3000; ppageno 0'>
   <div class='ocr_carea' id='block_1_1' title="bbox 226 147 274 185">
    <p class='ocr_par' dir='ltr' id='par_1_1' title="bbox 226 147 274 185">
     <span class='ocr_line' id='line_1_1' title="bbox 226 147 274 185; baseline -0.021 0"><span class='ocrx_word' id='word_1_1' title='bbox 226 147 274 185; x_wconf 87' lang='lat'>55</span> 
     </span>
    </p>
   </div>
   <div class='ocr_carea' id='block_1_2' title="bbox 227 225 1225 1243">
    <p class='ocr_par' dir='ltr' id='par_1_2' title="bbox 227 225 1221 988">
     <span class='ocr_line' id='line_1_2' title="bbox 227 225 1208 278; baseline -0.012 -10"><span class='ocrx_word' id='word_1_2' title='bbox 227 233 486 272; x_wconf 78' lang='lat' dir='ltr'>versationem,</span> <span class='ocrx_word' id='word_1_3' title='bbox 522 232 583 278; x_wconf 84' lang='lat' dir='ltr'>qui</span> <span class='ocrx_word' id='word_1_4' title='bbox 617 231 753 265; x_wconf 88' lang='lat' dir='ltr'>etiamsi</span> <span class='ocrx_word' id='word_1_5' title='bbox 787 228 997 271; x_wconf 72' lang='lat' dir='ltr'>contagione</span> <span class='ocrx_word' id='word_1_6' title='bbox 1029 225 1208 259; x_wconf 90' lang='lat' dir='ltr'>malorum</span> 
     </span>
     <span class='ocr_line' id='line_1_3' title="bbox 228 275 1210 325; baseline -0.012 -6"><span class='ocrx_word' id='word_1_7' title='bbox 228 285 536 323; x_wconf 77' lang='lat' dir='ltr'>contaminantur,</span> <span class='ocrx_word' id='word_1_8' title='bbox 564 290 683 316; x_wconf 81' lang='lat' dir='ltr'>tamen</span> <span class='ocrx_word' id='word_1_9' title='bbox 708 288 824 315; x_wconf 88' lang='lat' dir='ltr'>motus</span> <span class='ocrx_word' id='word_1_10' title='bbox 851 280 994 325; x_wconf 89' lang='lat' dir='ltr'>quidam</span> <span class='ocrx_word' id='word_1_11' title='bbox 1018 275 1210 316; x_wconf 83' lang='lat' dir='ltr'>naturales,</span> 
     </span>
     <span class='ocr_line' id='line_1_4' title="bbox 228 327 1210 381; baseline -0.012 -11"><span class='ocrx_word' id='word_1_12' title='bbox 228 344 263 371; x_wconf 86' lang='lat' dir='ltr'>et</span> <span class='ocrx_word' id='word_1_13' title='bbox 287 337 380 370; x_wconf 87' lang='lat' dir='ltr'>dona</span> <span class='ocrx_word' id='word_1_14' title='bbox 405 335 471 368; x_wconf 76' lang='lat' dir='ltr'>Dei</span> <span class='ocrx_word' id='word_1_15' title='bbox 488 334 534 381; x_wconf 72' lang='grc'>59)</span> <span class='ocrx_word' id='word_1_16' title='bbox 562 340 664 373; x_wconf 89' lang='lat' dir='ltr'>sunt,</span> <span class='ocrx_word' id='word_1_17' title='bbox 699 333 844 377; x_wconf 82' lang='lat' dir='ltr'><strong>perinde</strong></span> <span class='ocrx_word' id='word_1_18' title='bbox 867 336 907 363; x_wconf 88' lang='lat' dir='ltr'>ut</span> <span class='ocrx_word' id='word_1_19' title='bbox 931 327 1078 361; x_wconf 84' lang='lat' dir='ltr'>notitiae</span> <span class='ocrx_word' id='word_1_20' title='bbox 1106 337 1210 359; x_wconf 77' lang='lat' dir='ltr'>verae</span> 
     </span>
     <span class='ocr_line' id='line_1_5' title="bbox 229 377 1212 430; baseline -0.012 -9"><span class='ocrx_word' id='word_1_21' title='bbox 229 399 352 422; x_wconf 87' lang='lat' dir='ltr'>earum</span> <span class='ocrx_word' id='word_1_22' title='bbox 371 398 490 419; x_wconf 88' lang='lat' dir='ltr'>rerum</span> <span class='ocrx_word' id='word_1_23' title='bbox 502 412 511 425; x_wconf 89' lang='lat'>,</span> <span class='ocrx_word' id='word_1_24' title='bbox 539 397 629 430; x_wconf 91' lang='lat' dir='ltr'>quae</span> <span class='ocrx_word' id='word_1_25' title='bbox 647 383 776 417; x_wconf 89' lang='lat' dir='ltr'>rationi</span> <span class='ocrx_word' id='word_1_26' title='bbox 793 381 966 415; x_wconf 86' lang='lat' dir='ltr'>subiectae</span> <span class='ocrx_word' id='word_1_27' title='bbox 982 384 1075 412; x_wconf 83' lang='lat' dir='ltr'>sunt.</span> <span class='ocrx_word' id='word_1_28' title='bbox 1111 377 1212 410; x_wconf 88' lang='lat' dir='ltr'>Hanc</span> 
     </span>
     <span class='ocr_line' id='line_1_6' title="bbox 229 429 1211 472; baseline -0.012 0"><span class='ocrx_word' id='word_1_29' title='bbox 229 450 370 472; x_wconf 88' lang='lat' dir='ltr'>causam</span> <span class='ocrx_word' id='word_1_30' title='bbox 403 437 613 470; x_wconf 76' lang='lat' dir='ltr'>vitiosorum</span> <span class='ocrx_word' id='word_1_31' title='bbox 647 435 836 467; x_wconf 75' lang='lat' dir='ltr'>affectuum</span> <span class='ocrx_word' id='word_1_32' title='bbox 863 430 1017 464; x_wconf 79' lang='lat' dir='ltr'>ostendit</span> <span class='ocrx_word' id='word_1_33' title='bbox 1048 429 1211 462; x_wconf 86' lang='lat' dir='ltr'>doctrina</span> 
     </span>
     <span class='ocr_line' id='line_1_7' title="bbox 231 479 1211 533; baseline -0.012 -10"><span class='ocrx_word' id='word_1_34' title='bbox 231 488 452 528; x_wconf 85' lang='lat' dir='ltr'>Christiana,</span> <span class='ocrx_word' id='word_1_35' title='bbox 487 499 577 533; x_wconf 86' lang='lat' dir='ltr'>quae</span> <span class='ocrx_word' id='word_1_36' title='bbox 606 484 673 519; x_wconf 84' lang='lat' dir='ltr'>hoc</span> <span class='ocrx_word' id='word_1_37' title='bbox 697 484 807 527; x_wconf 74' lang='lat' dir='ltr'>magis</span> <span class='ocrx_word' id='word_1_38' title='bbox 832 481 945 515; x_wconf 86' lang='lat' dir='ltr'>amari</span> <span class='ocrx_word' id='word_1_39' title='bbox 972 481 1093 520; x_wconf 88' lang='lat' dir='ltr'>debet,</span> <span class='ocrx_word' id='word_1_40' title='bbox 1130 479 1211 525; x_wconf 87' lang='lat' dir='ltr'>quia</span> 
     </span>
     <span class='ocr_line' id='line_1_8' title="bbox 229 530 1215 586; baseline -0.012 -12"><span class='ocrx_word' id='word_1_41' title='bbox 229 538 476 586; x_wconf 85' lang='lat' dir='ltr'>philosophia,</span> <span class='ocrx_word' id='word_1_42' title='bbox 503 550 582 570; x_wconf 92' lang='lat' dir='ltr'>cum</span> <span class='ocrx_word' id='word_1_43' title='bbox 600 536 795 569; x_wconf 79' lang='lat' dir='ltr'>admiretur</span> <span class='ocrx_word' id='word_1_44' title='bbox 817 539 966 566; x_wconf 88' lang='lat' dir='ltr'>naturae</span> <span class='ocrx_word' id='word_1_45' title='bbox 993 530 1215 564; x_wconf 89' lang='lat' dir='ltr'>imbecillita-</span> 
     </span>
     <span class='ocr_line' id='line_1_9' title="bbox 230 580 1215 631; baseline -0.013 -6"><span class='ocrx_word' id='word_1_46' title='bbox 230 599 323 631; x_wconf 88' lang='lat' dir='ltr'>tem,</span> <span class='ocrx_word' id='word_1_47' title='bbox 352 597 471 623; x_wconf 88' lang='lat' dir='ltr'>tamen</span> <span class='ocrx_word' id='word_1_48' title='bbox 504 599 643 620; x_wconf 86' lang='lat' dir='ltr'>causam</span> <span class='ocrx_word' id='word_1_49' title='bbox 669 597 743 618; x_wconf 88' lang='lat' dir='ltr'>non</span> <span class='ocrx_word' id='word_1_50' title='bbox 768 584 870 618; x_wconf 90' lang='lat' dir='ltr'>eruit.</span> <span class='ocrx_word' id='word_1_51' title='bbox 931 584 1052 628; x_wconf 89' lang='lat' dir='ltr'>Quare</span> <span class='ocrx_word' id='word_1_52' title='bbox 1075 580 1132 615; x_wconf 83' lang='lat' dir='ltr'>hic</span> <span class='ocrx_word' id='word_1_53' title='bbox 1154 581 1215 614; x_wconf 87' lang='lat' dir='ltr'>ad-</span> 
     </span>
     <span class='ocr_line' id='line_1_10' title="bbox 231 631 1217 680; baseline -0.011 -5"><span class='ocrx_word' id='word_1_54' title='bbox 231 643 374 675; x_wconf 74' lang='lat' dir='ltr'>iuvatur</span> <span class='ocrx_word' id='word_1_55' title='bbox 410 653 429 672; x_wconf 88' lang='lat' dir='ltr'>a</span> <span class='ocrx_word' id='word_1_56' title='bbox 457 637 657 671; x_wconf 83' lang='lat' dir='ltr'>Christiana</span> <span class='ocrx_word' id='word_1_57' title='bbox 687 636 872 675; x_wconf 89' lang='lat' dir='ltr'>doctrina,</span> <span class='ocrx_word' id='word_1_58' title='bbox 909 646 998 680; x_wconf 87' lang='lat' dir='ltr'>quae</span> <span class='ocrx_word' id='word_1_59' title='bbox 1031 640 1064 666; x_wconf 88' lang='lat' dir='ltr'>et</span> <span class='ocrx_word' id='word_1_60' title='bbox 1098 631 1217 666; x_wconf 84' lang='lat' dir='ltr'>morbi</span> 
     </span>
     <span class='ocr_line' id='line_1_11' title="bbox 233 683 1217 729; baseline -0.01 -4"><span class='ocrx_word' id='word_1_61' title='bbox 233 705 374 726; x_wconf 85' lang='lat' dir='ltr'>causam</span> <span class='ocrx_word' id='word_1_62' title='bbox 399 689 569 728; x_wconf 76' lang='lat' dir='ltr'>ostendit,</span> <span class='ocrx_word' id='word_1_63' title='bbox 598 694 632 721; x_wconf 88' lang='lat' dir='ltr'>et</span> <span class='ocrx_word' id='word_1_64' title='bbox 654 685 795 721; x_wconf 78' lang='lat' dir='ltr'>exhibet</span> <span class='ocrx_word' id='word_1_65' title='bbox 818 685 994 725; x_wconf 86' lang='lat' dir='ltr'>remedia,</span> <span class='ocrx_word' id='word_1_66' title='bbox 1023 685 1065 717; x_wconf 88' lang='lat' dir='ltr'>de</span> <span class='ocrx_word' id='word_1_67' title='bbox 1090 683 1217 729; x_wconf 86' lang='lat' dir='ltr'>quibus</span> 
     </span>
     <span class='ocr_line' id='line_1_12' title="bbox 234 733 1218 782; baseline -0.01 -7"><span class='ocrx_word' id='word_1_68' title='bbox 234 742 465 777; x_wconf 86' lang='lat' dir='ltr'>concionatur</span> <span class='ocrx_word' id='word_1_69' title='bbox 502 739 748 782; x_wconf 76' lang='lat' dir='ltr'>Evangelimn.</span> <span class='ocrx_word' id='word_1_70' title='bbox 817 737 923 781; x_wconf 79' lang='lat' dir='ltr'>Apud</span> <span class='ocrx_word' id='word_1_71' title='bbox 965 736 1141 770; x_wconf 88' lang='lat' dir='ltr'>Galenum</span> <span class='ocrx_word' id='word_1_72' title='bbox 1181 733 1218 765; x_wconf 90' lang='lat' dir='ltr'>in</span> 
     </span>
     <span class='ocr_line' id='line_1_13' title="bbox 233 784 1219 839; baseline -0.01 -12"><span class='ocrx_word' id='word_1_73' title='bbox 233 793 358 839; x_wconf 88' lang='lat' dir='ltr'>quinto</span> <span class='ocrx_word' id='word_1_74' title='bbox 391 792 433 824; x_wconf 88' lang='lat' dir='ltr'>de</span> <span class='ocrx_word' id='word_1_75' title='bbox 463 790 646 824; x_wconf 77' lang='lat' dir='ltr'>sententiis</span> <span class='ocrx_word' id='word_1_76' title='bbox 661 789 708 835; x_wconf 81' lang='lat'>⁶⁰)</span> <span class='ocrx_word' id='word_1_77' title='bbox 742 787 968 833; x_wconf 82' lang='lat' dir='ltr'>Hippocratis</span> <span class='ocrx_word' id='word_1_78' title='bbox 999 793 1033 819; x_wconf 88' lang='lat' dir='ltr'>et</span> <span class='ocrx_word' id='word_1_79' title='bbox 1057 784 1219 819; x_wconf 85' lang='lat' dir='ltr'>Platonis</span> 
     </span>
     <span class='ocr_line' id='line_1_14' title="bbox 233 837 1220 885; baseline -0.01 -8"><span class='ocrx_word' id='word_1_80' title='bbox 233 850 353 878; x_wconf 76' lang='lat' dir='ltr'>extant</span> <span class='ocrx_word' id='word_1_81' title='bbox 376 843 551 885; x_wconf 69' lang='lat' dir='ltr'>elegantes</span> <span class='ocrx_word' id='word_1_82' title='bbox 575 841 758 880; x_wconf 71' lang='lat' dir='ltr'>versiculi,</span> <span class='ocrx_word' id='word_1_83' title='bbox 786 852 875 884; x_wconf 88' lang='lat' dir='ltr'>quos</span> <span class='ocrx_word' id='word_1_84' title='bbox 899 838 983 871; x_wconf 90' lang='lat' dir='ltr'>dicit</span> <span class='ocrx_word' id='word_1_85' title='bbox 1006 850 1077 871; x_wconf 86' lang='lat' dir='ltr'>esse</span> <span class='ocrx_word' id='word_1_86' title='bbox 1095 837 1220 870; x_wconf 85' lang='lat' dir='ltr'>Clean-</span> 
     </span>
     <span class='ocr_line' id='line_1_15' title="bbox 233 887 1221 940; baseline -0.009 -12"><span class='ocrx_word' id='word_1_87' title='bbox 233 894 322 935; x_wconf 84' lang='lat' dir='ltr'>this,</span> <span class='ocrx_word' id='word_1_88' title='bbox 357 894 418 940; x_wconf 88' lang='lat' dir='ltr'>qui</span> <span class='ocrx_word' id='word_1_89' title='bbox 451 892 654 926; x_wconf 86' lang='lat' dir='ltr'>describunt</span> <span class='ocrx_word' id='word_1_90' title='bbox 685 891 869 925; x_wconf 84' lang='lat' dir='ltr'>dissidium</span> <span class='ocrx_word' id='word_1_91' title='bbox 900 889 1050 922; x_wconf 87' lang='lat' dir='ltr'>rationis</span> <span class='ocrx_word' id='word_1_92' title='bbox 1081 894 1115 921; x_wconf 88' lang='lat' dir='ltr'>et</span> <span class='ocrx_word' id='word_1_93' title='bbox 1137 887 1221 921; x_wconf 83' lang='lat' dir='ltr'>affe-</span> 
     </span>
     <span class='ocr_line' id='line_1_16' title="bbox 236 941 1105 988; baseline -0.009 -8"><span class='ocrx_word' id='word_1_94' title='bbox 236 953 367 980; x_wconf 87' lang='lat' dir='ltr'>ctuum.</span> <span class='ocrx_word' id='word_1_95' title='bbox 419 944 475 978; x_wconf 90' lang='lat' dir='ltr'>Sic</span> <span class='ocrx_word' id='word_1_96' title='bbox 493 944 587 976; x_wconf 86' lang='lat' dir='ltr'>euim</span> <span class='ocrx_word' id='word_1_97' title='bbox 608 943 725 988; x_wconf 84' lang='lat' dir='ltr'>inquit</span> <span class='ocrx_word' id='word_1_98' title='bbox 741 942 834 975; x_wconf 90' lang='lat' dir='ltr'>ratio</span> <span class='ocrx_word' id='word_1_99' title='bbox 854 942 898 974; x_wconf 87' lang='lat' dir='ltr'>ad</span> <span class='ocrx_word' id='word_1_100' title='bbox 922 941 1105 973; x_wconf 77' lang='lat' dir='ltr'>affectum:</span> 
     </span>
    </p>

    <p class='ocr_par' dir='ltr' id='par_1_3' title="bbox 277 996 1190 1039">
     <span class='ocr_line' id='line_1_17' title="bbox 277 996 1190 1039; baseline -0.009 -6"><span class='ocrx_word' id='word_1_101' title='bbox 277 1002 380 1033; x_wconf 84' lang='lat' dir='ltr'>Ratio.</span> <span class='ocrx_word' id='word_1_102' title='bbox 427 1001 506 1039; x_wconf 80' lang='lat' dir='ltr'>Quid</span> <span class='ocrx_word' id='word_1_103' title='bbox 529 1000 603 1030; x_wconf 84' lang='lat' dir='ltr'>illud</span> <span class='ocrx_word' id='word_1_104' title='bbox 624 1005 690 1037; x_wconf 84' lang='lat' dir='ltr'>est,</span> <span class='ocrx_word' id='word_1_105' title='bbox 715 1000 792 1039; x_wconf 90' lang='lat' dir='ltr'>quod</span> <span class='ocrx_word' id='word_1_106' title='bbox 814 998 876 1029; x_wconf 78' lang='lat' dir='ltr'>vult</span> <span class='ocrx_word' id='word_1_107' title='bbox 901 998 1066 1037; x_wconf 83' lang='lat' dir='ltr'>cupiditas,</span> <span class='ocrx_word' id='word_1_108' title='bbox 1090 996 1190 1026; x_wconf 81' lang='lat' dir='ltr'>dicito.</span> 
     </span>
    </p>

    <p class='ocr_par' dir='ltr' id='par_1_4' title="bbox 278 1047 1224 1090">
     <span class='ocr_line' id='line_1_18' title="bbox 278 1047 1224 1090; baseline -0.007 -7"><span class='ocrx_word' id='word_1_109' title='bbox 278 1053 424 1085; x_wconf 80' lang='lat' dir='ltr'>Affectus.</span> <span class='ocrx_word' id='word_1_110' title='bbox 468 1051 507 1081; x_wconf 88' lang='lat' dir='ltr'>Ut</span> <span class='ocrx_word' id='word_1_111' title='bbox 532 1050 650 1088; x_wconf 84' lang='lat' dir='ltr'>omnia,</span> <span class='ocrx_word' id='word_1_112' title='bbox 674 1060 749 1090; x_wconf 86' lang='lat' dir='ltr'>quae</span> <span class='ocrx_word' id='word_1_113' title='bbox 764 1050 852 1087; x_wconf 72' lang='lat' dir='ltr'>volo,</span> <span class='ocrx_word' id='word_1_114' title='bbox 875 1049 1005 1090; x_wconf 83' lang='lat' dir='ltr'>faciam,</span> <span class='ocrx_word' id='word_1_115' title='bbox 1027 1057 1099 1078; x_wconf 88' lang='lat' dir='ltr'>nam</span> <span class='ocrx_word' id='word_1_116' title='bbox 1121 1047 1152 1076; x_wconf 89' lang='lat' dir='ltr'>id</span> <span class='ocrx_word' id='word_1_117' title='bbox 1175 1055 1224 1075; x_wconf 79' lang='lat' dir='ltr'>re-</span> 
     </span>
    </p>

    <p class='ocr_par' dir='ltr' id='par_1_5' title="bbox 665 1101 827 1141">
     <span class='ocr_line' id='line_1_19' title="bbox 665 1101 827 1141; baseline 0 -11"><span class='ocrx_word' id='word_1_118' title='bbox 665 1101 747 1141; x_wconf 78' lang='lat' dir='ltr'>gium</span> <span class='ocrx_word' id='word_1_119' title='bbox 770 1106 827 1131; x_wconf 85' lang='lat' dir='ltr'>est.</span> 
     </span>
    </p>

    <p class='ocr_par' dir='ltr' id='par_1_6' title="bbox 278 1148 1159 1186">
     <span class='ocr_line' id='line_1_20' title="bbox 278 1148 1159 1186; baseline -0.009 -1"><span class='ocrx_word' id='word_1_120' title='bbox 278 1154 381 1186; x_wconf 84' lang='lat' dir='ltr'>Ratio.</span> <span class='ocrx_word' id='word_1_121' title='bbox 425 1153 482 1184; x_wconf 87' lang='lat' dir='ltr'>Dic</span> <span class='ocrx_word' id='word_1_122' title='bbox 504 1162 610 1183; x_wconf 83' lang='lat' dir='ltr'>rursus</span> <span class='ocrx_word' id='word_1_123' title='bbox 633 1152 711 1182; x_wconf 83' lang='lat' dir='ltr'>hauc</span> <span class='ocrx_word' id='word_1_124' title='bbox 735 1150 914 1182; x_wconf 79' lang='lat' dir='ltr'>sententiam</span> <span class='ocrx_word' id='word_1_125' title='bbox 936 1149 1009 1180; x_wconf 82' lang='lat' dir='ltr'>inihi</span> <span class='ocrx_word' id='word_1_126' title='bbox 1033 1148 1159 1179; x_wconf 80' lang='lat' dir='ltr'>clarius.</span> 
     </span>
    </p>

    <p class='ocr_par' dir='ltr' id='par_1_7' title="bbox 256 1198 1225 1243">
     <span class='ocr_line' id='line_1_21' title="bbox 256 1198 1225 1243; baseline -0.01 -6"><span class='ocrx_word' id='word_1_127' title='bbox 256 1226 259 1228; x_wconf 99' lang='lat'>-</span> <span class='ocrx_word' id='word_1_128' title='bbox 278 1207 426 1237; x_wconf 77' lang='lat' dir='ltr'>Affectus.</span> <span class='ocrx_word' id='word_1_129' title='bbox 472 1205 675 1243; x_wconf 80' lang='lat' dir='ltr'>Quaecunque</span> <span class='ocrx_word' id='word_1_130' title='bbox 701 1203 900 1242; x_wconf 81' lang='lat' dir='ltr'>concupisco,</span> <span class='ocrx_word' id='word_1_131' title='bbox 924 1207 955 1231; x_wconf 90' lang='lat' dir='ltr'>ut</span> <span class='ocrx_word' id='word_1_132' title='bbox 971 1203 1043 1231; x_wconf 87' lang='lat' dir='ltr'>fiant</span> <span class='ocrx_word' id='word_1_133' title='bbox 1059 1198 1225 1239; x_wconf 67' lang='lat' dir='ltr'>omniassl).</span> 
     </span>
    </p>
   </div>
   <div class='ocr_carea' id='block_1_3' title="bbox 237 1253 1227 1503">
    <p class='ocr_par' dir='ltr' id='par_1_8' title="bbox 237 1253 1227 1503">
     <span class='ocr_line' id='line_1_22' title="bbox 237 1253 1227 1299; baseline -0.01 -6"><span class='ocrx_word' id='word_1_134' title='bbox 237 1259 284 1293; x_wconf 85' lang='lat' dir='ltr'>Hi</span> <span class='ocrx_word' id='word_1_135' title='bbox 315 1258 477 1292; x_wconf 63' lang='lat' dir='ltr'>versiculi</span> <span class='ocrx_word' id='word_1_136' title='bbox 511 1256 703 1290; x_wconf 78' lang='lat' dir='ltr'>clarissime</span> <span class='ocrx_word' id='word_1_137' title='bbox 736 1256 889 1299; x_wconf 83' lang='lat' dir='ltr'>pingunt</span> <span class='ocrx_word' id='word_1_138' title='bbox 911 1253 1155 1291; x_wconf 84' lang='lat' dir='ltr'>inordinatos,</span> <span class='ocrx_word' id='word_1_139' title='bbox 1193 1257 1227 1283; x_wconf 90' lang='lat' dir='ltr'>et</span> 
     </span>
     <span class='ocr_line' id='line_1_23' title="bbox 238 1304 1226 1348; baseline -0.012 -4"><span class='ocrx_word' id='word_1_140' title='bbox 238 1318 370 1344; x_wconf 87' lang='lat' dir='ltr'>temere</span> <span class='ocrx_word' id='word_1_141' title='bbox 406 1314 564 1343; x_wconf 82' lang='lat' dir='ltr'>errantes</span> <span class='ocrx_word' id='word_1_142' title='bbox 607 1307 719 1339; x_wconf 87' lang='lat' dir='ltr'>animi</span> <span class='ocrx_word' id='word_1_143' title='bbox 761 1312 890 1339; x_wconf 87' lang='lat' dir='ltr'>motus.</span> <span class='ocrx_word' id='word_1_144' title='bbox 959 1304 1080 1348; x_wconf 80' lang='lat' dir='ltr'>Quare</span> <span class='ocrx_word' id='word_1_145' title='bbox 1118 1313 1226 1345; x_wconf 81' lang='lat' dir='ltr'>agno-</span> 
     </span>
     <span class='ocr_line' id='line_1_24' title="bbox 239 1353 1227 1396; baseline -0.011 -1"><span class='ocrx_word' id='word_1_146' title='bbox 239 1362 367 1396; x_wconf 88' lang='lat' dir='ltr'>scenda</span> <span class='ocrx_word' id='word_1_147' title='bbox 400 1366 451 1393; x_wconf 90' lang='lat' dir='ltr'>est</span> <span class='ocrx_word' id='word_1_148' title='bbox 482 1365 631 1391; x_wconf 86' lang='lat' dir='ltr'>naturae</span> <span class='ocrx_word' id='word_1_149' title='bbox 668 1356 876 1395; x_wconf 81' lang='lat' dir='ltr'>infirmitas,</span> <span class='ocrx_word' id='word_1_150' title='bbox 918 1361 957 1388; x_wconf 91' lang='lat' dir='ltr'>ut</span> <span class='ocrx_word' id='word_1_151' title='bbox 985 1353 1077 1387; x_wconf 87' lang='lat' dir='ltr'>ratio</span> <span class='ocrx_word' id='word_1_152' title='bbox 1113 1353 1146 1385; x_wconf 91' lang='lat' dir='ltr'>ei</span> <span class='ocrx_word' id='word_1_153' title='bbox 1172 1364 1227 1384; x_wconf 89' lang='lat' dir='ltr'>re—</span> 
     </span>
     <span class='ocr_line' id='line_1_25' title="bbox 240 1403 1227 1457; baseline -0.009 -12"><span class='ocrx_word' id='word_1_154' title='bbox 240 1418 393 1457; x_wconf 81' lang='lat' dir='ltr'>pugnet,</span> <span class='ocrx_word' id='word_1_155' title='bbox 435 1416 628 1454; x_wconf 82' lang='lat' dir='ltr'>utaturque</span> <span class='ocrx_word' id='word_1_156' title='bbox 662 1414 696 1440; x_wconf 91' lang='lat' dir='ltr'>et</span> <span class='ocrx_word' id='word_1_157' title='bbox 732 1407 804 1441; x_wconf 88' lang='lat' dir='ltr'>suis</span> <span class='ocrx_word' id='word_1_158' title='bbox 834 1406 989 1445; x_wconf 71' lang='lat' dir='ltr'>viribus,</span> <span class='ocrx_word' id='word_1_159' title='bbox 1030 1410 1064 1437; x_wconf 87' lang='lat' dir='ltr'>et</span> <span class='ocrx_word' id='word_1_160' title='bbox 1095 1403 1227 1436; x_wconf 83' lang='lat' dir='ltr'>auxilio</span> 
     </span>
     <span class='ocr_line' id='line_1_26' title="bbox 242 1454 1162 1503; baseline -0.011 -5"><span class='ocrx_word' id='word_1_161' title='bbox 242 1462 391 1503; x_wconf 83' lang='lat' dir='ltr'>Christi,</span> <span class='ocrx_word' id='word_1_162' title='bbox 420 1467 454 1494; x_wconf 84' lang='lat' dir='ltr'>et</span> <span class='ocrx_word' id='word_1_163' title='bbox 470 1461 584 1494; x_wconf 86' lang='lat' dir='ltr'>bonos</span> <span class='ocrx_word' id='word_1_164' title='bbox 599 1465 717 1492; x_wconf 85' lang='lat' dir='ltr'>motus</span> <span class='ocrx_word' id='word_1_165' title='bbox 734 1458 934 1491; x_wconf 85' lang='lat' dir='ltr'>conformet</span> <span class='ocrx_word' id='word_1_166' title='bbox 951 1468 991 1489; x_wconf 90' lang='lat' dir='ltr'>ac</span> <span class='ocrx_word' id='word_1_167' title='bbox 1007 1454 1162 1488; x_wconf 86' lang='lat' dir='ltr'>adiuvet.</span> 
     </span>
    </p>
   </div>
   <div class='ocr_carea' id='block_1_4' title="bbox 329 1564 1144 1616">
    <p class='ocr_par' dir='ltr' id='par_1_9' title="bbox 329 1564 1144 1616">
     <span class='ocr_line' id='line_1_27' title="bbox 329 1564 1144 1616; baseline -0.01 -8"><span class='ocrx_word' id='word_1_168' title='bbox 329 1572 427 1616; x_wconf 66' lang='lat' dir='ltr'>Quid</span> <span class='ocrx_word' id='word_1_169' title='bbox 451 1572 676 1607; x_wconf 79' lang='lat' dir='ltr'>Aristoteles</span> <span class='ocrx_word' id='word_1_170' title='bbox 697 1572 815 1605; x_wconf 80' lang='lat' dir='ltr'>sentit</span> <span class='ocrx_word' id='word_1_171' title='bbox 839 1567 887 1603; x_wconf 82' lang='lat' dir='ltr'>de</span> <span class='ocrx_word' id='word_1_172' title='bbox 914 1564 1144 1615; x_wconf 80' lang='lat' dir='ltr'>affectibus?</span> 
     </span>
    </p>
   </div>
   <div class='ocr_carea' id='block_1_5' title="bbox 246 1640 1237 2198">
    <p class='ocr_par' dir='ltr' id='par_1_10' title="bbox 246 1640 1237 2198">
     <span class='ocr_line' id='line_1_28' title="bbox 346 1640 1230 1691; baseline -0.011 -9"><span class='ocrx_word' id='word_1_173' title='bbox 346 1648 553 1682; x_wconf 87' lang='lat' dir='ltr'>Animantia</span> <span class='ocrx_word' id='word_1_174' title='bbox 570 1659 644 1680; x_wconf 92' lang='lat' dir='ltr'>non</span> <span class='ocrx_word' id='word_1_175' title='bbox 668 1652 812 1691; x_wconf 86' lang='lat' dir='ltr'>possent</span> <span class='ocrx_word' id='word_1_176' title='bbox 830 1643 998 1689; x_wconf 85' lang='lat' dir='ltr'>prosequi</span> <span class='ocrx_word' id='word_1_177' title='bbox 1016 1640 1230 1675; x_wconf 79' lang='lat' dir='ltr'>convenien-</span> 
     </span>
     <span class='ocr_line' id='line_1_29' title="bbox 246 1692 1229 1742; baseline -0.011 -7"><span class='ocrx_word' id='word_1_178' title='bbox 246 1703 314 1742; x_wconf 85' lang='lat' dir='ltr'>tia,</span> <span class='ocrx_word' id='word_1_179' title='bbox 342 1707 376 1733; x_wconf 86' lang='lat' dir='ltr'>et</span> <span class='ocrx_word' id='word_1_180' title='bbox 398 1699 577 1733; x_wconf 85' lang='lat' dir='ltr'>contraria</span> <span class='ocrx_word' id='word_1_181' title='bbox 601 1699 740 1742; x_wconf 83' lang='lat' dir='ltr'>sugere,</span> <span class='ocrx_word' id='word_1_182' title='bbox 767 1696 835 1730; x_wconf 90' lang='lat' dir='ltr'>nisi</span> <span class='ocrx_word' id='word_1_183' title='bbox 853 1694 1025 1728; x_wconf 85' lang='lat' dir='ltr'>haberent</span> <span class='ocrx_word' id='word_1_184' title='bbox 1042 1692 1229 1737; x_wconf 88' lang='lat' dir='ltr'>appetitio-</span> 
     </span>
     <span class='ocr_line' id='line_1_30' title="bbox 246 1746 1231 1790; baseline -0.011 -4"><span class='ocrx_word' id='word_1_185' title='bbox 246 1765 308 1786; x_wconf 86' lang='lat' dir='ltr'>nes</span> <span class='ocrx_word' id='word_1_186' title='bbox 332 1758 366 1785; x_wconf 85' lang='lat' dir='ltr'>et</span> <span class='ocrx_word' id='word_1_187' title='bbox 388 1751 542 1784; x_wconf 86' lang='lat' dir='ltr'>affectus.</span> <span class='ocrx_word' id='word_1_188' title='bbox 597 1750 695 1783; x_wconf 90' lang='lat' dir='ltr'>Sicut</span> <span class='ocrx_word' id='word_1_189' title='bbox 716 1749 819 1781; x_wconf 92' lang='lat' dir='ltr'>dolor</span> <span class='ocrx_word' id='word_1_190' title='bbox 835 1753 956 1780; x_wconf 75' lang='lat' dir='ltr'>movet</span> <span class='ocrx_word' id='word_1_191' title='bbox 976 1746 1167 1790; x_wconf 86' lang='lat' dir='ltr'>pecudem,</span> <span class='ocrx_word' id='word_1_192' title='bbox 1192 1749 1231 1776; x_wconf 88' lang='lat' dir='ltr'>ut</span> 
     </span>
     <span class='ocr_line' id='line_1_31' title="bbox 248 1795 1231 1844; baseline -0.01 -8"><span class='ocrx_word' id='word_1_193' title='bbox 248 1804 353 1837; x_wconf 86' lang='lat' dir='ltr'>nimis</span> <span class='ocrx_word' id='word_1_194' title='bbox 377 1802 488 1835; x_wconf 86' lang='lat' dir='ltr'>calida</span> <span class='ocrx_word' id='word_1_195' title='bbox 512 1808 572 1834; x_wconf 90' lang='lat' dir='ltr'>aut</span> <span class='ocrx_word' id='word_1_196' title='bbox 603 1801 729 1844; x_wconf 80' lang='lat' dir='ltr'>frigida</span> <span class='ocrx_word' id='word_1_197' title='bbox 754 1799 881 1843; x_wconf 82' lang='lat' dir='ltr'>fugiat:</span> <span class='ocrx_word' id='word_1_198' title='bbox 912 1798 959 1830; x_wconf 87' lang='lat' dir='ltr'>ita</span> <span class='ocrx_word' id='word_1_199' title='bbox 985 1797 1080 1829; x_wconf 70' lang='lat' dir='ltr'>videt</span> <span class='ocrx_word' id='word_1_200' title='bbox 1096 1795 1231 1828; x_wconf 80' lang='lat' dir='ltr'>Aristo-</span> 
     </span>
     <span class='ocr_line' id='line_1_32' title="bbox 249 1845 1233 1888; baseline -0.011 0"><span class='ocrx_word' id='word_1_201' title='bbox 249 1856 334 1888; x_wconf 85' lang='lat' dir='ltr'>teles</span> <span class='ocrx_word' id='word_1_202' title='bbox 351 1854 495 1886; x_wconf 83' lang='lat' dir='ltr'>affectus</span> <span class='ocrx_word' id='word_1_203' title='bbox 518 1853 554 1885; x_wconf 91' lang='lat' dir='ltr'>in</span> <span class='ocrx_word' id='word_1_204' title='bbox 575 1859 704 1886; x_wconf 89' lang='lat' dir='ltr'>natura</span> <span class='ocrx_word' id='word_1_205' title='bbox 723 1850 938 1884; x_wconf 84' lang='lat' dir='ltr'>necessarios</span> <span class='ocrx_word' id='word_1_206' title='bbox 955 1860 1047 1888; x_wconf 86' lang='lat' dir='ltr'>esse,</span> <span class='ocrx_word' id='word_1_207' title='bbox 1075 1859 1139 1880; x_wconf 89' lang='lat' dir='ltr'>nec</span> <span class='ocrx_word' id='word_1_208' title='bbox 1157 1845 1233 1879; x_wconf 71' lang='lat' dir='ltr'>vult</span> 
     </span>
     <span class='ocr_line' id='line_1_33' title="bbox 251 1896 1232 1943; baseline -0.011 -4"><span class='ocrx_word' id='word_1_209' title='bbox 251 1919 311 1939; x_wconf 89' lang='lat' dir='ltr'>eos</span> <span class='ocrx_word' id='word_1_210' title='bbox 335 1905 411 1937; x_wconf 89' lang='lat' dir='ltr'>tolli</span> <span class='ocrx_word' id='word_1_211' title='bbox 437 1917 477 1937; x_wconf 80' lang='lat' dir='ltr'>ex</span> <span class='ocrx_word' id='word_1_212' title='bbox 500 1902 689 1937; x_wconf 83' lang='lat' dir='ltr'>hominum</span> <span class='ocrx_word' id='word_1_213' title='bbox 712 1909 859 1941; x_wconf 86' lang='lat' dir='ltr'>natura,</span> <span class='ocrx_word' id='word_1_214' title='bbox 888 1907 921 1934; x_wconf 91' lang='lat' dir='ltr'>et</span> <span class='ocrx_word' id='word_1_215' title='bbox 944 1906 1064 1932; x_wconf 89' lang='lat' dir='ltr'>tamen</span> <span class='ocrx_word' id='word_1_216' title='bbox 1083 1897 1164 1943; x_wconf 91' lang='lat' dir='ltr'>quia</span> <span class='ocrx_word' id='word_1_217' title='bbox 1183 1896 1232 1928; x_wconf 69' lang='lat' dir='ltr'>vi-</span> 
     </span>
     <span class='ocr_line' id='line_1_34' title="bbox 251 1949 1234 1993; baseline -0.011 -3"><span class='ocrx_word' id='word_1_218' title='bbox 251 1959 311 1990; x_wconf 83' lang='lat' dir='ltr'>det</span> <span class='ocrx_word' id='word_1_219' title='bbox 334 1968 393 1990; x_wconf 92' lang='lat' dir='ltr'>eos</span> <span class='ocrx_word' id='word_1_220' title='bbox 415 1955 636 1988; x_wconf 88' lang='lat' dir='ltr'>inordinatos</span> <span class='ocrx_word' id='word_1_221' title='bbox 660 1966 751 1993; x_wconf 86' lang='lat' dir='ltr'>esse,</span> <span class='ocrx_word' id='word_1_222' title='bbox 780 1959 814 1986; x_wconf 89' lang='lat' dir='ltr'>et</span> <span class='ocrx_word' id='word_1_223' title='bbox 831 1953 923 1985; x_wconf 88' lang='lat' dir='ltr'>inter</span> <span class='ocrx_word' id='word_1_224' title='bbox 941 1964 975 1985; x_wconf 90' lang='lat' dir='ltr'>se</span> <span class='ocrx_word' id='word_1_225' title='bbox 992 1949 1177 1984; x_wconf 84' lang='lat' dir='ltr'>dissimiles</span> <span class='ocrx_word' id='word_1_226' title='bbox 1195 1960 1234 1979; x_wconf 91' lang='lat' dir='ltr'>ac</span> 
     </span>
     <span class='ocr_line' id='line_1_35' title="bbox 250 2001 1234 2054; baseline -0.011 -12"><span class='ocrx_word' id='word_1_227' title='bbox 250 2014 468 2054; x_wconf 86' lang='lat' dir='ltr'>pugnantes,</span> <span class='ocrx_word' id='word_1_228' title='bbox 511 2018 591 2039; x_wconf 89' lang='lat' dir='ltr'>cum</span> <span class='ocrx_word' id='word_1_229' title='bbox 624 2017 765 2039; x_wconf 85' lang='lat' dir='ltr'>causam</span> <span class='ocrx_word' id='word_1_230' title='bbox 796 2002 902 2037; x_wconf 90' lang='lat' dir='ltr'>huius</span> <span class='ocrx_word' id='word_1_231' title='bbox 932 2001 1128 2036; x_wconf 87' lang='lat' dir='ltr'>discordiae</span> <span class='ocrx_word' id='word_1_232' title='bbox 1160 2011 1234 2032; x_wconf 88' lang='lat' dir='ltr'>non</span> 
     </span>
     <span class='ocr_line' id='line_1_36' title="bbox 251 2053 1235 2105; baseline -0.009 -13"><span class='ocrx_word' id='word_1_233' title='bbox 251 2059 459 2105; x_wconf 85' lang='lat' dir='ltr'>perspiciat,</span> <span class='ocrx_word' id='word_1_234' title='bbox 488 2064 626 2090; x_wconf 87' lang='lat' dir='ltr'>tantum</span> <span class='ocrx_word' id='word_1_235' title='bbox 649 2057 747 2089; x_wconf 82' lang='lat' dir='ltr'>addit</span> <span class='ocrx_word' id='word_1_236' title='bbox 765 2055 926 2099; x_wconf 81' lang='lat' dir='ltr'>aurigam</span> <span class='ocrx_word' id='word_1_237' title='bbox 943 2066 1004 2087; x_wconf 91' lang='lat' dir='ltr'>seu</span> <span class='ocrx_word' id='word_1_238' title='bbox 1022 2053 1235 2096; x_wconf 83' lang='lat' dir='ltr'>gubernato-</span> 
     </span>
     <span class='ocr_line' id='line_1_37' title="bbox 252 2105 1237 2149; baseline -0.011 -5"><span class='ocrx_word' id='word_1_239' title='bbox 252 2123 346 2149; x_wconf 83' lang='lat' dir='ltr'>rem,</span> <span class='ocrx_word' id='word_1_240' title='bbox 374 2109 504 2143; x_wconf 85' lang='lat' dir='ltr'>scilicet</span> <span class='ocrx_word' id='word_1_241' title='bbox 532 2108 701 2141; x_wconf 90' lang='lat' dir='ltr'>iudicium</span> <span class='ocrx_word' id='word_1_242' title='bbox 731 2106 899 2146; x_wconf 86' lang='lat' dir='ltr'>rationis,</span> <span class='ocrx_word' id='word_1_243' title='bbox 935 2112 969 2138; x_wconf 87' lang='lat' dir='ltr'>et</span> <span class='ocrx_word' id='word_1_244' title='bbox 993 2105 1089 2138; x_wconf 89' lang='lat' dir='ltr'>iubet</span> <span class='ocrx_word' id='word_1_245' title='bbox 1114 2114 1237 2135; x_wconf 90' lang='lat' dir='ltr'>omnes</span> 
     </span>
     <span class='ocr_line' id='line_1_38' title="bbox 253 2155 1237 2198; baseline -0.009 -4"><span class='ocrx_word' id='word_1_246' title='bbox 253 2163 297 2195; x_wconf 90' lang='lat' dir='ltr'>ad</span> <span class='ocrx_word' id='word_1_247' title='bbox 313 2159 593 2194; x_wconf 84' lang='lat' dir='ltr'>mediocritatem</span> <span class='ocrx_word' id='word_1_248' title='bbox 611 2159 790 2198; x_wconf 82' lang='lat' dir='ltr'>revocari,</span> <span class='ocrx_word' id='word_1_249' title='bbox 817 2170 861 2190; x_wconf 90' lang='lat' dir='ltr'>ne</span> <span class='ocrx_word' id='word_1_250' title='bbox 878 2157 933 2190; x_wconf 83' lang='lat' dir='ltr'>vel</span> <span class='ocrx_word' id='word_1_251' title='bbox 950 2155 1098 2190; x_wconf 85' lang='lat' dir='ltr'>omnino</span> <span class='ocrx_word' id='word_1_252' title='bbox 1117 2166 1158 2187; x_wconf 77' lang='lat' dir='ltr'>ex</span> <span class='ocrx_word' id='word_1_253' title='bbox 1175 2165 1237 2185; x_wconf 83' lang='lat' dir='ltr'>na-</span> 
     </span>
    </p>
   </div>
   <div class='ocr_carea' id='block_1_6' title="bbox 287 2272 1083 2307">
    <p class='ocr_par' dir='ltr' id='par_1_11' title="bbox 287 2272 1083 2307">
     <span class='ocr_line' id='line_1_39' title="bbox 287 2272 1083 2307; baseline -0.01 -4"><span class='ocrx_word' id='word_1_254' title='bbox 287 2281 335 2307; x_wconf 75' lang='grc'>59)</span> <span class='ocrx_word' id='word_1_255' title='bbox 355 2279 424 2302; x_wconf 87' lang='lat' dir='ltr'>dona</span> <span class='ocrx_word' id='word_1_256' title='bbox 442 2277 507 2306; x_wconf 89' lang='lat' dir='ltr'>Dei]</span> <span class='ocrx_word' id='word_1_257' title='bbox 527 2276 566 2301; x_wconf 86' lang='lat' dir='ltr'>sic</span> <span class='ocrx_word' id='word_1_258' title='bbox 584 2277 632 2300; x_wconf 88' lang='lat' dir='ltr'>Ed.</span> <span class='ocrx_word' id='word_1_259' title='bbox 654 2274 746 2303; x_wconf 72' lang='lat'>1546.&#39;;</span> <span class='ocrx_word' id='word_1_260' title='bbox 771 2274 819 2297; x_wconf 83' lang='lat' dir='ltr'>Ed.</span> <span class='ocrx_word' id='word_1_261' title='bbox 841 2274 916 2299; x_wconf 69' lang='lat'>1540.</span> <span class='ocrx_word' id='word_1_262' title='bbox 936 2272 986 2296; x_wconf 87' lang='lat' dir='ltr'>Dei</span> <span class='ocrx_word' id='word_1_263' title='bbox 1005 2273 1083 2296; x_wconf 88' lang='lat' dir='ltr'>dona.</span> 
     </span>
    </p>
   </div>
   <div class='ocr_carea' id='block_1_7' title="bbox 289 2316 1239 2768">
    <p class='ocr_par' dir='ltr' id='par_1_12' title="bbox 289 2316 1238 2487">
     <span class='ocr_line' id='line_1_40' title="bbox 289 2316 1238 2349; baseline -0.005 -4"><span class='ocrx_word' id='word_1_264' title='bbox 289 2324 337 2349; x_wconf 77' lang='lat'>60)</span> <span class='ocrx_word' id='word_1_265' title='bbox 358 2321 514 2349; x_wconf 68' lang='lat' dir='ltr'>sententiis]</span> <span class='ocrx_word' id='word_1_266' title='bbox 537 2319 575 2343; x_wconf 80' lang='lat' dir='ltr'>sic</span> <span class='ocrx_word' id='word_1_267' title='bbox 594 2319 660 2342; x_wconf 87' lang='lat' dir='ltr'>Edd.</span> <span class='ocrx_word' id='word_1_268' title='bbox 682 2318 754 2340; x_wconf 75' lang='lat'>1540.</span> <span class='ocrx_word' id='word_1_269' title='bbox 775 2318 801 2340; x_wconf 83' lang='lat' dir='ltr'>et</span> <span class='ocrx_word' id='word_1_270' title='bbox 822 2316 913 2343; x_wconf 47' lang='lat'>15⁴5:</span> <span class='ocrx_word' id='word_1_271' title='bbox 940 2316 987 2338; x_wconf 84' lang='lat' dir='ltr'>Ed.</span> <span class='ocrx_word' id='word_1_272' title='bbox 1009 2316 1083 2339; x_wconf 75' lang='lat'>1538.</span> <span class='ocrx_word' id='word_1_273' title='bbox 1103 2316 1238 2346; x_wconf 76' lang='lat' dir='ltr'>dogmati-</span> 
     </span>
     <span class='ocr_line' id='line_1_41' title="bbox 325 2350 1238 2384; baseline -0.005 -5"><span class='ocrx_word' id='word_1_274' title='bbox 325 2358 380 2379; x_wconf 67' lang='lat' dir='ltr'>bus.</span> <span class='ocrx_word' id='word_1_275' title='bbox 418 2354 560 2384; x_wconf 69' lang='lat' dir='ltr'>Inscriptio</span> <span class='ocrx_word' id='word_1_276' title='bbox 584 2354 679 2376; x_wconf 77' lang='lat' dir='ltr'>hortun</span> <span class='ocrx_word' id='word_1_277' title='bbox 703 2352 849 2374; x_wconf 80' lang='lat' dir='ltr'>librorum.</span> <span class='ocrx_word' id='word_1_278' title='bbox 876 2356 943 2379; x_wconf 70' lang='lat' dir='ltr'>quos</span> <span class='ocrx_word' id='word_1_279' title='bbox 964 2351 989 2372; x_wconf 90' lang='lat' dir='ltr'>iu</span> <span class='ocrx_word' id='word_1_280' title='bbox 1010 2350 1107 2373; x_wconf 84' lang='lat' dir='ltr'>Galeni</span> <span class='ocrx_word' id='word_1_281' title='bbox 1127 2357 1238 2379; x_wconf 84' lang='lat' dir='ltr'>operum</span> 
     </span>
     <span class='ocr_line' id='line_1_42' title="bbox 323 2384 1238 2414; baseline -0.005 -1"><span class='ocrx_word' id='word_1_282' title='bbox 323 2391 397 2414; x_wconf 79' lang='lat' dir='ltr'>Toni.</span> <span class='ocrx_word' id='word_1_283' title='bbox 417 2389 450 2412; x_wconf 68' lang='lat' dir='ltr'>V.</span> <span class='ocrx_word' id='word_1_284' title='bbox 471 2389 510 2411; x_wconf 73' lang='lat' dir='ltr'>cd.</span> <span class='ocrx_word' id='word_1_285' title='bbox 530 2388 558 2412; x_wconf 86' lang='lat' dir='ltr'>C.</span> <span class='ocrx_word' id='word_1_286' title='bbox 580 2389 612 2412; x_wconf 83' lang='lat' dir='ltr'>G.</span> <span class='ocrx_word' id='word_1_287' title='bbox 627 2387 704 2410; x_wconf 80' lang='lat' dir='ltr'>Kiitm</span> <span class='ocrx_word' id='word_1_288' title='bbox 725 2384 811 2414; x_wconf 65' lang='lat' dir='ltr'>(laps</span> <span class='ocrx_word' id='word_1_289' title='bbox 834 2384 907 2408; x_wconf 78' lang='lat'>1823.</span> <span class='ocrx_word' id='word_1_290' title='bbox 926 2387 964 2414; x_wconf 58' lang='grc' dir='ltr'>ὃ.)</span> <span class='ocrx_word' id='word_1_291' title='bbox 986 2391 1009 2413; x_wconf 86' lang='lat' dir='ltr'>p.</span> <span class='ocrx_word' id='word_1_292' title='bbox 1028 2385 1176 2408; x_wconf 57' lang='lat' dir='ltr'>lsi—⁵05</span> <span class='ocrx_word' id='word_1_293' title='bbox 1195 2386 1238 2408; x_wconf 86' lang='lat' dir='ltr'>iu-</span> 
     </span>
     <span class='ocr_line' id='line_1_43' title="bbox 323 2416 1238 2450; baseline -0.004 -4"><span class='ocrx_word' id='word_1_294' title='bbox 323 2424 418 2446; x_wconf 53' lang='lat' dir='ltr'>venis.</span> <span class='ocrx_word' id='word_1_295' title='bbox 453 2428 552 2448; x_wconf 60' lang='lat' dir='ltr'>graeca.</span> <span class='ocrx_word' id='word_1_296' title='bbox 577 2424 634 2445; x_wconf 78' lang='lat' dir='ltr'>cst:</span> <span class='ocrx_word' id='word_1_297' title='bbox 667 2417 792 2449; x_wconf 69' lang='grc' dir='ltr'><em>Γαλὴιόυ</em></span> <span class='ocrx_word' id='word_1_298' title='bbox 816 2416 878 2449; x_wconf 68' lang='grc' dir='ltr'>περὶ</span> <span class='ocrx_word' id='word_1_299' title='bbox 900 2418 954 2441; x_wconf 78' lang='grc' dir='ltr'>τῶν</span> <span class='ocrx_word' id='word_1_300' title='bbox 970 2416 1167 2450; x_wconf 69' lang='grc' dir='ltr'>Ἱπποκράτους</span> <span class='ocrx_word' id='word_1_301' title='bbox 1191 2417 1238 2442; x_wconf 77' lang='grc' dir='ltr'>καὶ</span> 
     </span>
     <span class='ocr_line' id='line_1_44' title="bbox 324 2451 855 2487; baseline -0.004 -8"><span class='ocrx_word' id='word_1_302' title='bbox 324 2455 471 2482; x_wconf 66' lang='grc' dir='ltr'>Πλάτωνος</span> <span class='ocrx_word' id='word_1_303' title='bbox 490 2454 636 2487; x_wconf 60' lang='grc' dir='ltr'>δογμάτων</span> <span class='ocrx_word' id='word_1_304' title='bbox 658 2453 747 2486; x_wconf 68' lang='grc' dir='ltr'><strong><em>βίβλια</em></strong></span> <span class='ocrx_word' id='word_1_305' title='bbox 766 2451 855 2477; x_wconf 73' lang='grc' dir='ltr'><em>ἐιίἐιὲ.</em></span> 
     </span>
    </p>

    <p class='ocr_par' dir='ltr' id='par_1_13' title="bbox 291 2495 1239 2768">
     <span class='ocr_line' id='line_1_45' title="bbox 291 2495 1235 2530; baseline -0.005 -8"><span class='ocrx_word' id='word_1_306' title='bbox 291 2502 337 2530; x_wconf 71' lang='lat' dir='ltr'>fit)</span> <span class='ocrx_word' id='word_1_307' title='bbox 359 2500 449 2522; x_wconf 67' lang='lat' dir='ltr'>Verba</span> <span class='ocrx_word' id='word_1_308' title='bbox 468 2505 585 2524; x_wconf 61' lang='lat' dir='ltr'>uram-a.</span> <span class='ocrx_word' id='word_1_309' title='bbox 612 2504 681 2527; x_wconf 83' lang='lat' dir='ltr'>quae</span> <span class='ocrx_word' id='word_1_310' title='bbox 700 2498 717 2521; x_wconf 87' lang='lat'>1.</span> <span class='ocrx_word' id='word_1_311' title='bbox 735 2498 753 2520; x_wconf 84' lang='grc' dir='ltr'>Ι.</span> <span class='ocrx_word' id='word_1_312' title='bbox 774 2503 797 2526; x_wconf 85' lang='lat' dir='ltr'>p.</span> <span class='ocrx_word' id='word_1_313' title='bbox 817 2495 875 2520; x_wconf 77' lang='grc'><strong>476.</strong></span> <span class='ocrx_word' id='word_1_314' title='bbox 900 2496 1044 2526; x_wconf 70' lang='lat' dir='ltr'>teguntur.</span> <span class='ocrx_word' id='word_1_315' title='bbox 1072 2497 1138 2520; x_wconf 81' lang='lat' dir='ltr'>haec</span> <span class='ocrx_word' id='word_1_316' title='bbox 1157 2497 1235 2520; x_wconf 78' lang='lat' dir='ltr'>sunt:</span> 
     </span>
     <span class='ocr_line' id='line_1_46' title="bbox 326 2526 1238 2565; baseline -0.002 -10"><span class='ocrx_word' id='word_1_317' title='bbox 326 2533 375 2563; x_wconf 50' lang='grc' dir='ltr'>τῂν</span> <span class='ocrx_word' id='word_1_318' title='bbox 393 2530 445 2565; x_wconf 62' lang='grc' dir='ltr'>μὲν</span> <span class='ocrx_word' id='word_1_319' title='bbox 470 2532 517 2555; x_wconf 68' lang='grc' dir='ltr'>Τοῦ</span> <span class='ocrx_word' id='word_1_320' title='bbox 536 2531 697 2557; x_wconf 60' lang='grc' dir='ltr'>Κλεάνθους</span> <span class='ocrx_word' id='word_1_321' title='bbox 714 2529 829 2563; x_wconf 66' lang='grc' dir='ltr'><em>Ἰἰίόμην</em></span> <span class='ocrx_word' id='word_1_322' title='bbox 856 2526 924 2560; x_wconf 65' lang='grc' dir='ltr'>ὑπὲρ</span> <span class='ocrx_word' id='word_1_323' title='bbox 950 2528 996 2552; x_wconf 61' lang='lat' dir='ltr'>‘tos&#39;</span> <span class='ocrx_word' id='word_1_324' title='bbox 1016 2530 1169 2559; x_wconf 60' lang='grc' dir='ltr'>παθητικοῦ</span> <span class='ocrx_word' id='word_1_325' title='bbox 1193 2530 1238 2560; x_wconf 73' lang='grc' dir='ltr'>τῆς</span> 
     </span>
     <span class='ocr_line' id='line_1_47' title="bbox 325 2561 1237 2598; baseline -0.001 -9"><span class='ocrx_word' id='word_1_326' title='bbox 325 2568 414 2598; x_wconf 56' lang='lat' dir='ltr'>vviyffs</span> <span class='ocrx_word' id='word_1_327' title='bbox 441 2566 468 2590; x_wconf 62' lang='grc' dir='ltr'>ἐκ</span> <span class='ocrx_word' id='word_1_328' title='bbox 493 2565 576 2589; x_wconf 53' lang='lat' dir='ltr'>miv-J}</span> <span class='ocrx_word' id='word_1_329' title='bbox 602 2564 761 2592; x_wconf 54' lang='lat' dir='ltr'>Klmivstoig</span> <span class='ocrx_word' id='word_1_330' title='bbox 787 2562 899 2596; x_wconf 58' lang='lat' dir='ltr'>va&#39;ftqv</span> <span class='ocrx_word' id='word_1_331' title='bbox 926 2561 993 2594; x_wconf 69' lang='grc' dir='ltr'>ὗπὶῃ</span> <span class='ocrx_word' id='word_1_332' title='bbox 1018 2564 1065 2587; x_wconf 85' lang='grc' dir='ltr'>τοῦ</span> <span class='ocrx_word' id='word_1_333' title='bbox 1084 2565 1237 2594; x_wconf 60' lang='grc' dir='ltr'><em>παθητικοῦ</em></span> 
     </span>
     <span class='ocr_line' id='line_1_48' title="bbox 325 2598 1239 2631; baseline 0 -9"><span class='ocrx_word' id='word_1_334' title='bbox 325 2601 477 2631; x_wconf 52' lang='grc' dir='ltr'><strong>τῆ;1”·1·χζ;</strong></span> <span class='ocrx_word' id='word_1_335' title='bbox 495 2599 523 2622; x_wconf 50' lang='grc' dir='ltr'>ἐκ</span> <span class='ocrx_word' id='word_1_336' title='bbox 542 2599 625 2623; x_wconf 55' lang='lat' dir='ltr'>nomn</span> <span class='ocrx_word' id='word_1_337' title='bbox 645 2608 660 2630; x_wconf 72' lang='lat'>¹!</span> <span class='ocrx_word' id='word_1_338' title='bbox 670 2600 800 2623; x_wconf 60' lang='lat' dir='ltr'>asmo-911?</span> <span class='ocrx_word' id='word_1_339' title='bbox 817 2605 884 2630; x_wconf 55' lang='grc' dir='ltr'>φησι</span> <span class='ocrx_word' id='word_1_340' title='bbox 903 2598 959 2621; x_wconf 69' lang='grc' dir='ltr'>τῶν</span> <span class='ocrx_word' id='word_1_341' title='bbox 972 2598 1055 2622; x_wconf 65' lang='grc' dir='ltr'><em>ἐπῶν.</em></span> <span class='ocrx_word' id='word_1_342' title='bbox 1090 2601 1120 2622; x_wconf 79' lang='grc' dir='ltr'><em>Λ</em></span> <span class='ocrx_word' id='word_1_343' title='bbox 1129 2601 1148 2622; x_wconf 85' lang='grc'><em>0</em></span> <span class='ocrx_word' id='word_1_344' title='bbox 1158 2601 1186 2623; x_wconf 82' lang='grc' dir='ltr'>Γ.</span> <span class='ocrx_word' id='word_1_345' title='bbox 1206 2601 1239 2622; x_wconf 89' lang='grc' dir='ltr'>Τι’</span> 
     </span>
     <span class='ocr_line' id='line_1_49' title="bbox 326 2630 1235 2665; baseline -0.003 -8"><span class='ocrx_word' id='word_1_346' title='bbox 326 2632 386 2659; x_wconf 68' lang='lat'>,701³</span> <span class='ocrx_word' id='word_1_347' title='bbox 406 2634 464 2658; x_wconf 59' lang='grc' dir='ltr'>ἑσέΓ</span> <span class='ocrx_word' id='word_1_348' title='bbox 487 2633 501 2656; x_wconf 67' lang='grc' dir='ltr'>δ’</span> <span class='ocrx_word' id='word_1_349' title='bbox 520 2642 541 2657; x_wconf 73' lang='grc' dir='ltr'>τι</span> <span class='ocrx_word' id='word_1_350' title='bbox 561 2632 665 2664; x_wconf 63' lang='grc' dir='ltr'>βούλει,</span> <span class='ocrx_word' id='word_1_351' title='bbox 685 2634 772 2665; x_wconf 50' lang='grc' dir='ltr'>θιχιιίς</span> <span class='ocrx_word' id='word_1_352' title='bbox 793 2631 870 2656; x_wconf 70' lang='grc' dir='ltr'><em>τοῦτό</em></span> <span class='ocrx_word' id='word_1_353' title='bbox 890 2641 938 2664; x_wconf 69' lang='grc' dir='ltr'>μνη</span> <span class='ocrx_word' id='word_1_354' title='bbox 958 2630 1079 2663; x_wconf 55' lang='grc' dir='ltr'>γράσον.</span> <span class='ocrx_word' id='word_1_355' title='bbox 1109 2634 1140 2658; x_wconf 81' lang='grc' dir='ltr'>Θ.</span> <span class='ocrx_word' id='word_1_356' title='bbox 1158 2632 1235 2664; x_wconf 66' lang='grc' dir='ltr'>Ὲγω.</span> 
     </span>
     <span class='ocr_line' id='line_1_50' title="bbox 327 2660 1237 2701; baseline -0.002 -9"><span class='ocrx_word' id='word_1_357' title='bbox 327 2666 450 2701; x_wconf 60' lang='grc' dir='ltr'>ληγισμὲ,</span> <span class='ocrx_word' id='word_1_358' title='bbox 465 2668 521 2691; x_wconf 70' lang='grc' dir='ltr'>,Ἶιῖν</span> <span class='ocrx_word' id='word_1_359' title='bbox 535 2666 547 2690; x_wconf 68' lang='lat'>5}</span> <span class='ocrx_word' id='word_1_360' title='bbox 563 2666 695 2698; x_wconf 67' lang='grc' dir='ltr'>βούλομαι</span> <span class='ocrx_word' id='word_1_361' title='bbox 712 2668 807 2692; x_wconf 61' lang='grc' dir='ltr'>πνεῖν.</span> <span class='ocrx_word' id='word_1_362' title='bbox 834 2668 927 2691; x_wconf 82' lang='grc' dir='ltr'>ΛΟΓ,</span> <span class='ocrx_word' id='word_1_363' title='bbox 943 2665 1092 2690; x_wconf 50' lang='lat' dir='ltr'>Bremia&amp;</span> <span class='ocrx_word' id='word_1_364' title='bbox 1105 2675 1145 2699; x_wconf 62' lang='grc' dir='ltr'>γε.</span> <span class='ocrx_word' id='word_1_365' title='bbox 1165 2660 1237 2696; x_wconf 50' lang='lat' dir='ltr'>aiiij-if</span> 
     </span>
     <span class='ocr_line' id='line_1_51' title="bbox 327 2698 1235 2735; baseline -0.002 -10"><span class='ocrx_word' id='word_1_366' title='bbox 327 2701 401 2735; x_wconf 72' lang='grc' dir='ltr'>ὅμως</span> <span class='ocrx_word' id='word_1_367' title='bbox 420 2701 498 2725; x_wconf 57' lang='lat' dir='ltr'>etnim</span> <span class='ocrx_word' id='word_1_368' title='bbox 517 2700 607 2727; x_wconf 68' lang='grc' dir='ltr'><em>πάλιν.</em></span> <span class='ocrx_word' id='word_1_369' title='bbox 646 2703 677 2725; x_wconf 78' lang='grc' dir='ltr'>Θ.</span> <span class='ocrx_word' id='word_1_370' title='bbox 692 2698 749 2725; x_wconf 64' lang='lat' dir='ltr'>“On-³</span> <span class='ocrx_word' id='word_1_371' title='bbox 768 2699 803 2724; x_wconf 69' lang='grc' dir='ltr'>(ἓν</span> <span class='ocrx_word' id='word_1_372' title='bbox 817 2700 954 2732; x_wconf 52' lang='grc' dir='ltr'>ἐπιθυμῶ,</span> <span class='ocrx_word' id='word_1_373' title='bbox 974 2698 1052 2724; x_wconf 69' lang='grc' dir='ltr'>ταῦθ’</span> <span class='ocrx_word' id='word_1_374' title='bbox 1070 2699 1142 2729; x_wconf 72' lang='grc' dir='ltr'>ὅπως</span> <span class='ocrx_word' id='word_1_375' title='bbox 1156 2700 1235 2733; x_wconf 59' lang='grc' dir='ltr'><em>γενή-</em></span> 
     </span>
     <span class='ocr_line' id='line_1_52' title="bbox 325 2731 1234 2768; baseline -0.002 -6"><span class='ocrx_word' id='word_1_376' title='bbox 325 2745 408 2763; x_wconf 69' lang='grc' dir='ltr'><em>σεται.</em></span> <span class='ocrx_word' id='word_1_377' title='bbox 424 2735 500 2761; x_wconf 65' lang='lat' dir='ltr'>murz*</span> <span class='ocrx_word' id='word_1_378' title='bbox 515 2735 545 2761; x_wconf 72' lang='grc' dir='ltr'>τά</span> <span class='ocrx_word' id='word_1_379' title='bbox 557 2734 689 2768; x_wconf 68' lang='grc' dir='ltr'>ἀμοιβαῖα</span> <span class='ocrx_word' id='word_1_380' title='bbox 698 2734 858 2764; x_wconf 65' lang='grc' dir='ltr'><em>Κλεάνθους</em></span> <span class='ocrx_word' id='word_1_381' title='bbox 871 2734 959 2767; x_wconf 73' lang='grc' dir='ltr'><em>φησὶν</em></span> <span class='ocrx_word' id='word_1_382' title='bbox 969 2731 1234 2764; x_wconf 28' lang='grc' dir='ltr'>εἶιίιικΠυσειδιάιίος.</span> 
     </span>
    </p>
   </div>
   <div class='ocr_carea' id='block_1_8' title="bbox 505 135 1961 181">
    <p class='ocr_par' dir='ltr' id='par_1_14' title="bbox 505 135 1961 181">
     <span class='ocr_line' id='line_1_53' title="bbox 505 135 1961 181; baseline -0.007 0"><span class='ocrx_word' id='word_1_383' title='bbox 505 144 707 181; x_wconf 78' lang='lat' dir='ltr'>SCRIPTA</span> <span class='ocrx_word' id='word_1_384' title='bbox 730 143 805 179; x_wconf 90' lang='lat' dir='ltr'>PH.</span> <span class='ocrx_word' id='word_1_385' title='bbox 829 141 942 177; x_wconf 77' lang='lat' dir='ltr'><strong>MEL.</strong></span> <span class='ocrx_word' id='word_1_386' title='bbox 966 140 1032 175; x_wconf 92' lang='lat' dir='ltr'>AD</span> <span class='ocrx_word' id='word_1_387' title='bbox 1052 137 1261 175; x_wconf 89' lang='lat' dir='ltr'>ETHICEN</span> <span class='ocrx_word' id='word_1_388' title='bbox 1286 136 1350 172; x_wconf 91' lang='lat' dir='ltr'>ET</span> <span class='ocrx_word' id='word_1_389' title='bbox 1371 135 1627 172; x_wconf 88' lang='lat' dir='ltr'>POLITICEN</span> <span class='ocrx_word' id='word_1_390' title='bbox 1653 135 1961 171; x_wconf 76' lang='lat' dir='ltr'>SPECTANTIA.</span> 
     </span>
    </p>
   </div>
   <div class='ocr_carea' id='block_1_9' title="bbox 1216 594 1285 1927">
    <p class='ocr_par' dir='ltr' id='par_1_15' title="bbox 1216 594 1285 1927">
     <span class='ocr_line' id='line_1_54' title="bbox 1216 594 1285 1927; baseline 0 0"><span class='ocrx_word' id='word_1_391' title='bbox 1216 594 1285 1927; x_wconf 95' lang='lat' dir='ltr'> </span> 
     </span>
    </p>
   </div>
   <div class='ocr_carea' id='block_1_10' title="bbox 1239 2015 1268 2590">
    <p class='ocr_par' dir='ltr' id='par_1_16' title="bbox 1239 2015 1268 2590">
     <span class='ocr_line' id='line_1_55' title="bbox 1239 2015 1268 2590; baseline 0 410"><span class='ocrx_word' id='word_1_392' title='bbox 1239 2015 1268 2590; x_wconf 95' lang='lat' dir='ltr'> </span> 
     </span>
    </p>
   </div>
   <div class='ocr_carea' id='block_1_11' title="bbox 2194 134 2243 170">
    <p class='ocr_par' dir='ltr' id='par_1_17' title="bbox 2194 134 2243 170">
     <span class='ocr_line' id='line_1_56' title="bbox 2194 134 2243 170; baseline 0 0"><span class='ocrx_word' id='word_1_393' title='bbox 2194 134 2243 170; x_wconf 88' lang='lat'>56</span> 
     </span>
    </p>
   </div>
   <div class='ocr_carea' id='block_1_12' title="bbox 1261 220 2264 1590">
    <p class='ocr_par' dir='ltr' id='par_1_18' title="bbox 1261 220 2264 1590">
     <span class='ocr_line' id='line_1_57' title="bbox 1261 220 2244 268; baseline -0.003 -10"><span class='ocrx_word' id='word_1_394' title='bbox 1261 230 1341 258; x_wconf 83' lang='lat' dir='ltr'>tura</span> <span class='ocrx_word' id='word_1_395' title='bbox 1370 223 1472 257; x_wconf 88' lang='lat' dir='ltr'>tollat</span> <span class='ocrx_word' id='word_1_396' title='bbox 1501 223 1754 268; x_wconf 84' lang='lat' dir='ltr'>appetitiones,</span> <span class='ocrx_word' id='word_1_397' title='bbox 1788 223 1843 256; x_wconf 72' lang='lat' dir='ltr'>vel</span> <span class='ocrx_word' id='word_1_398' title='bbox 1868 221 1934 266; x_wconf 90' lang='lat' dir='ltr'>ipsi</span> <span class='ocrx_word' id='word_1_399' title='bbox 1958 220 2102 255; x_wconf 85' lang='lat' dir='ltr'>affectus</span> <span class='ocrx_word' id='word_1_400' title='bbox 2128 232 2244 255; x_wconf 87' lang='lat' dir='ltr'>erum-</span> 
     </span>
     <span class='ocr_line' id='line_1_58' title="bbox 1262 271 2246 320; baseline -0.002 -12"><span class='ocrx_word' id='word_1_401' title='bbox 1262 281 1349 320; x_wconf 85' lang='lat' dir='ltr'>pant</span> <span class='ocrx_word' id='word_1_402' title='bbox 1372 281 1469 308; x_wconf 82' lang='lat' dir='ltr'>extra</span> <span class='ocrx_word' id='word_1_403' title='bbox 1492 281 1615 308; x_wconf 82' lang='lat' dir='ltr'>metas.</span> <span class='ocrx_word' id='word_1_404' title='bbox 1667 273 1750 307; x_wconf 89' lang='lat' dir='ltr'>Ideo</span> <span class='ocrx_word' id='word_1_405' title='bbox 1768 273 1903 319; x_wconf 88' lang='lat' dir='ltr'>inquit,</span> <span class='ocrx_word' id='word_1_406' title='bbox 1932 273 2021 305; x_wconf 89' lang='lat' dir='ltr'>iram</span> <span class='ocrx_word' id='word_1_407' title='bbox 2039 271 2246 306; x_wconf 88' lang='lat' dir='ltr'>adiutricem</span> 
     </span>
     <span class='ocr_line' id='line_1_59' title="bbox 1264 323 2248 366; baseline -0.003 -6"><span class='ocrx_word' id='word_1_408' title='bbox 1264 338 1336 360; x_wconf 83' lang='lat' dir='ltr'>esse</span> <span class='ocrx_word' id='word_1_409' title='bbox 1357 325 1597 366; x_wconf 84' lang='lat' dir='ltr'>fortitudinis,</span> <span class='ocrx_word' id='word_1_410' title='bbox 1625 325 1686 358; x_wconf 86' lang='lat' dir='ltr'>sed</span> <span class='ocrx_word' id='word_1_411' title='bbox 1709 337 1747 358; x_wconf 91' lang='lat' dir='ltr'>ea</span> <span class='ocrx_word' id='word_1_412' title='bbox 1774 325 1946 358; x_wconf 88' lang='lat' dir='ltr'>utendum</span> <span class='ocrx_word' id='word_1_413' title='bbox 1971 336 2043 357; x_wconf 90' lang='lat' dir='ltr'>csse</span> <span class='ocrx_word' id='word_1_414' title='bbox 2070 329 2109 357; x_wconf 89' lang='lat' dir='ltr'>ut</span> <span class='ocrx_word' id='word_1_415' title='bbox 2124 323 2248 364; x_wconf 88' lang='lat' dir='ltr'>milite,</span> 
     </span>
     <span class='ocr_line' id='line_1_60' title="bbox 1264 373 2249 420; baseline -0.002 -10"><span class='ocrx_word' id='word_1_416' title='bbox 1264 389 1338 410; x_wconf 89' lang='lat' dir='ltr'>non</span> <span class='ocrx_word' id='word_1_417' title='bbox 1367 382 1408 410; x_wconf 87' lang='lat' dir='ltr'>ut</span> <span class='ocrx_word' id='word_1_418' title='bbox 1432 376 1531 409; x_wconf 90' lang='lat' dir='ltr'>duce.</span> <span class='ocrx_word' id='word_1_419' title='bbox 1583 375 1676 420; x_wconf 83' lang='lat' dir='ltr'>Quia</span> <span class='ocrx_word' id='word_1_420' title='bbox 1702 375 1809 409; x_wconf 87' lang='lat' dir='ltr'>sentis</span> <span class='ocrx_word' id='word_1_421' title='bbox 1831 373 1936 409; x_wconf 91' lang='lat' dir='ltr'>huius</span> <span class='ocrx_word' id='word_1_422' title='bbox 1961 375 2123 408; x_wconf 86' lang='lat' dir='ltr'>utilitatis</span> <span class='ocrx_word' id='word_1_423' title='bbox 2145 386 2249 409; x_wconf 84' lang='lat' dir='ltr'>causa</span> 
     </span>
     <span class='ocr_line' id='line_1_61' title="bbox 1264 424 2250 466; baseline -0.004 -4"><span class='ocrx_word' id='word_1_424' title='bbox 1264 427 1330 462; x_wconf 83' lang='lat' dir='ltr'>lios</span> <span class='ocrx_word' id='word_1_425' title='bbox 1346 433 1464 460; x_wconf 90' lang='lat' dir='ltr'>motus</span> <span class='ocrx_word' id='word_1_426' title='bbox 1481 425 1620 459; x_wconf 85' lang='lat' dir='ltr'>additos</span> <span class='ocrx_word' id='word_1_427' title='bbox 1639 438 1710 459; x_wconf 89' lang='lat' dir='ltr'>esse</span> <span class='ocrx_word' id='word_1_428' title='bbox 1737 424 1940 460; x_wconf 83' lang='lat' dir='ltr'>hominibus</span> <span class='ocrx_word' id='word_1_429' title='bbox 1952 453 1960 466; x_wconf 89' lang='lat'><strong>‚</strong></span> <span class='ocrx_word' id='word_1_430' title='bbox 1987 433 2026 459; x_wconf 93' lang='lat' dir='ltr'>ut</span> <span class='ocrx_word' id='word_1_431' title='bbox 2042 425 2111 460; x_wconf 88' lang='lat' dir='ltr'>sint</span> <span class='ocrx_word' id='word_1_432' title='bbox 2128 426 2182 459; x_wconf 48' lang='lat' dir='ltr'>rel</span> <span class='ocrx_word' id='word_1_433' title='bbox 2198 425 2250 458; x_wconf 92' lang='lat' dir='ltr'>in-</span> 
     </span>
     <span class='ocr_line' id='line_1_62' title="bbox 1266 476 2251 518; baseline -0.003 -5"><span class='ocrx_word' id='word_1_434' title='bbox 1266 484 1482 517; x_wconf 84' lang='lat' dir='ltr'>strumenta,</span> <span class='ocrx_word' id='word_1_435' title='bbox 1518 477 1574 509; x_wconf 72' lang='lat' dir='ltr'>vel</span> <span class='ocrx_word' id='word_1_436' title='bbox 1596 476 1824 510; x_wconf 86' lang='lat' dir='ltr'>incitamenta</span> <span class='ocrx_word' id='word_1_437' title='bbox 1857 478 1901 511; x_wconf 93' lang='lat' dir='ltr'>ad</span> <span class='ocrx_word' id='word_1_438' title='bbox 1922 477 2107 518; x_wconf 72' lang='lat' dir='ltr'>virtutem,</span> <span class='ocrx_word' id='word_1_439' title='bbox 2142 477 2251 511; x_wconf 89' lang='lat' dir='ltr'>modo</span> 
     </span>
     <span class='ocr_line' id='line_1_63' title="bbox 1266 527 2252 572; baseline -0.002 -9"><span class='ocrx_word' id='word_1_440' title='bbox 1266 536 1306 564; x_wconf 86' lang='lat' dir='ltr'>ut</span> <span class='ocrx_word' id='word_1_441' title='bbox 1322 535 1414 562; x_wconf 88' lang='lat' dir='ltr'>recte</span> <span class='ocrx_word' id='word_1_442' title='bbox 1431 528 1683 572; x_wconf 82' lang='lat' dir='ltr'>gubernentur.</span> <span class='ocrx_word' id='word_1_443' title='bbox 1738 527 1833 560; x_wconf 86' lang='lat' dir='ltr'>Haec</span> <span class='ocrx_word' id='word_1_444' title='bbox 1856 535 1907 562; x_wconf 89' lang='lat' dir='ltr'>est</span> <span class='ocrx_word' id='word_1_445' title='bbox 1923 528 2096 562; x_wconf 85' lang='lat' dir='ltr'>sententia</span> <span class='ocrx_word' id='word_1_446' title='bbox 2115 528 2252 562; x_wconf 87' lang='lat' dir='ltr'>Aristo-</span> 
     </span>
     <span class='ocr_line' id='line_1_64' title="bbox 1269 577 2254 624; baseline -0.001 -10"><span class='ocrx_word' id='word_1_447' title='bbox 1269 580 1346 614; x_wconf 89' lang='lat' dir='ltr'>telis</span> <span class='ocrx_word' id='word_1_448' title='bbox 1368 586 1450 624; x_wconf 86' lang='lat' dir='ltr'>apta</span> <span class='ocrx_word' id='word_1_449' title='bbox 1475 579 1636 613; x_wconf 80' lang='lat' dir='ltr'>civilibus</span> <span class='ocrx_word' id='word_1_450' title='bbox 1658 578 1830 612; x_wconf 80' lang='lat' dir='ltr'>moribus.</span> <span class='ocrx_word' id='word_1_451' title='bbox 1883 578 1974 613; x_wconf 69' lang='lat' dir='ltr'>Nam</span> <span class='ocrx_word' id='word_1_452' title='bbox 1996 585 2029 612; x_wconf 87' lang='lat' dir='ltr'>et</span> <span class='ocrx_word' id='word_1_453' title='bbox 2046 580 2137 623; x_wconf 85' lang='lat' dir='ltr'>leges</span> <span class='ocrx_word' id='word_1_454' title='bbox 2157 577 2254 620; x_wconf 83' lang='lat' dir='ltr'>hunc</span> 
     </span>
     <span class='ocr_line' id='line_1_65' title="bbox 1269 627 2254 676; baseline -0.001 -12"><span class='ocrx_word' id='word_1_455' title='bbox 1269 632 1417 676; x_wconf 77' lang='lat' dir='ltr'>gradum</span> <span class='ocrx_word' id='word_1_456' title='bbox 1435 630 1643 676; x_wconf 91' lang='lat' dir='ltr'>requirunt,</span> <span class='ocrx_word' id='word_1_457' title='bbox 1669 636 1708 663; x_wconf 88' lang='lat' dir='ltr'>ut</span> <span class='ocrx_word' id='word_1_458' title='bbox 1724 627 1978 663; x_wconf 83' lang='lat' dir='ltr'>coherceantur</span> <span class='ocrx_word' id='word_1_459' title='bbox 1995 630 2151 671; x_wconf 86' lang='lat' dir='ltr'>affectus,</span> <span class='ocrx_word' id='word_1_460' title='bbox 2170 630 2254 676; x_wconf 85' lang='lat' dir='ltr'>quia</span> 
     </span>
     <span class='ocr_line' id='line_1_66' title="bbox 1270 681 2255 728; baseline 0 -13"><span class='ocrx_word' id='word_1_461' title='bbox 1270 682 1424 728; x_wconf 89' lang='lat' dir='ltr'>puniunt</span> <span class='ocrx_word' id='word_1_462' title='bbox 1458 694 1531 714; x_wconf 90' lang='lat' dir='ltr'>non</span> <span class='ocrx_word' id='word_1_463' title='bbox 1570 682 1715 714; x_wconf 86' lang='lat' dir='ltr'>affectus</span> <span class='ocrx_word' id='word_1_464' title='bbox 1750 681 1824 714; x_wconf 91' lang='lat' dir='ltr'>sine</span> <span class='ocrx_word' id='word_1_465' title='bbox 1867 687 2014 721; x_wconf 87' lang='lat' dir='ltr'>conatu,</span> <span class='ocrx_word' id='word_1_466' title='bbox 2055 683 2116 715; x_wconf 90' lang='lat' dir='ltr'>sed</span> <span class='ocrx_word' id='word_1_467' title='bbox 2150 683 2255 722; x_wconf 83' lang='lat' dir='ltr'>facta,</span> 
     </span>
     <span class='ocr_line' id='line_1_67' title="bbox 1272 731 2255 780; baseline -0.001 -13"><span class='ocrx_word' id='word_1_468' title='bbox 1272 733 1575 780; x_wconf 83' lang='lat' dir='ltr'>quemadmodum</span> <span class='ocrx_word' id='word_1_469' title='bbox 1597 732 1743 766; x_wconf 88' lang='lat' dir='ltr'>dicitur:</span> <span class='ocrx_word' id='word_1_470' title='bbox 1773 731 2007 776; x_wconf 82' lang='lat' dir='ltr'>Cogitationis</span> <span class='ocrx_word' id='word_1_471' title='bbox 2024 743 2178 776; x_wconf 86' lang='lat' dir='ltr'>poenam</span> <span class='ocrx_word' id='word_1_472' title='bbox 2195 745 2255 766; x_wconf 88' lang='lat' dir='ltr'>ne—</span> 
     </span>
     <span class='ocr_line' id='line_1_68' title="bbox 1272 782 2257 830; baseline -0.002 -12"><span class='ocrx_word' id='word_1_473' title='bbox 1272 798 1332 818; x_wconf 88' lang='lat' dir='ltr'>mo</span> <span class='ocrx_word' id='word_1_474' title='bbox 1368 784 1503 829; x_wconf 86' lang='lat' dir='ltr'>patitur</span> <span class='ocrx_word' id='word_1_475' title='bbox 1523 782 1581 830; x_wconf 76' lang='grc'>6““’·).</span> <span class='ocrx_word' id='word_1_476' title='bbox 1638 783 1754 829; x_wconf 85' lang='lat' dir='ltr'>Atque</span> <span class='ocrx_word' id='word_1_477' title='bbox 1785 783 1832 815; x_wconf 87' lang='lat' dir='ltr'>ita</span> <span class='ocrx_word' id='word_1_478' title='bbox 1866 783 2042 817; x_wconf 88' lang='lat' dir='ltr'>Homerus</span> <span class='ocrx_word' id='word_1_479' title='bbox 2059 782 2106 830; x_wconf 75' lang='lat'>63)</span> <span class='ocrx_word' id='word_1_480' title='bbox 2142 783 2257 829; x_wconf 84' lang='lat' dir='ltr'>pingit</span> 
     </span>
     <span class='ocr_line' id='line_1_69' title="bbox 1272 833 2257 878; baseline -0.002 -8"><span class='ocrx_word' id='word_1_481' title='bbox 1272 834 1466 875; x_wconf 85' lang='lat' dir='ltr'>Achillem,</span> <span class='ocrx_word' id='word_1_482' title='bbox 1493 846 1573 868; x_wconf 90' lang='lat' dir='ltr'>cum</span> <span class='ocrx_word' id='word_1_483' title='bbox 1598 833 1708 868; x_wconf 84' lang='lat' dir='ltr'>iratus</span> <span class='ocrx_word' id='word_1_484' title='bbox 1733 834 1889 878; x_wconf 84' lang='lat' dir='ltr'>gladium</span> <span class='ocrx_word' id='word_1_485' title='bbox 1917 834 2105 878; x_wconf 87' lang='lat' dir='ltr'>stringeret</span> <span class='ocrx_word' id='word_1_486' title='bbox 2133 836 2257 868; x_wconf 80' lang='lat' dir='ltr'>adver-—</span> 
     </span>
     <span class='ocr_line' id='line_1_70' title="bbox 1273 883 2258 930; baseline -0.003 -8"><span class='ocrx_word' id='word_1_487' title='bbox 1273 900 1330 922; x_wconf 90' lang='lat' dir='ltr'>sus</span> <span class='ocrx_word' id='word_1_488' title='bbox 1354 905 1368 919; x_wconf 76' lang='grc'><em>;</em></span> <span class='ocrx_word' id='word_1_489' title='bbox 1389 898 1679 925; x_wconf 69' lang='grc' dir='ltr'>«ηιηιεηωοιιοῑη,</span> <span class='ocrx_word' id='word_1_490' title='bbox 1707 883 1842 918; x_wconf 84' lang='lat' dir='ltr'>retrahi</span> <span class='ocrx_word' id='word_1_491' title='bbox 1864 885 2033 930; x_wconf 83' lang='lat' dir='ltr'>capillitio</span> <span class='ocrx_word' id='word_1_492' title='bbox 2056 898 2074 919; x_wconf 86' lang='lat' dir='ltr'>a</span> <span class='ocrx_word' id='word_1_493' title='bbox 2097 885 2258 927; x_wconf 86' lang='lat' dir='ltr'>Pallade,</span> 
     </span>
     <span class='ocr_line' id='line_1_71' title="bbox 1275 937 2259 981; baseline -0.001 -9"><span class='ocrx_word' id='word_1_494' title='bbox 1275 951 1319 972; x_wconf 90' lang='lat' dir='ltr'>ne</span> <span class='ocrx_word' id='word_1_495' title='bbox 1352 937 1536 971; x_wconf 80' lang='lat' dir='ltr'>iracundia</span> <span class='ocrx_word' id='word_1_496' title='bbox 1562 937 1755 981; x_wconf 88' lang='lat' dir='ltr'>impulsus,</span> <span class='ocrx_word' id='word_1_497' title='bbox 1789 937 2026 970; x_wconf 87' lang='lat' dir='ltr'>committeret</span> <span class='ocrx_word' id='word_1_498' title='bbox 2047 937 2182 971; x_wconf 80' lang='lat' dir='ltr'>facinus</span> <span class='ocrx_word' id='word_1_499' title='bbox 2207 937 2259 971; x_wconf 89' lang='lat' dir='ltr'>di-</span> 
     </span>
     <span class='ocr_line' id='line_1_72' title="bbox 1277 986 2259 1034; baseline -0.001 -11"><span class='ocrx_word' id='word_1_500' title='bbox 1277 1002 1387 1034; x_wconf 86' lang='lat' dir='ltr'>gnum</span> <span class='ocrx_word' id='word_1_501' title='bbox 1412 1001 1538 1034; x_wconf 88' lang='lat' dir='ltr'>poena.</span> <span class='ocrx_word' id='word_1_502' title='bbox 1593 988 1778 1021; x_wconf 86' lang='lat' dir='ltr'>Caeterum</span> <span class='ocrx_word' id='word_1_503' title='bbox 1797 986 1997 1022; x_wconf 85' lang='lat' dir='ltr'>Christiana</span> <span class='ocrx_word' id='word_1_504' title='bbox 2016 988 2178 1021; x_wconf 87' lang='lat' dir='ltr'>doctrina</span> <span class='ocrx_word' id='word_1_505' title='bbox 2199 988 2259 1022; x_wconf 89' lang='lat' dir='ltr'>ad-</span> 
     </span>
     <span class='ocr_line' id='line_1_73' title="bbox 1276 1038 2260 1084; baseline 0 -10"><span class='ocrx_word' id='word_1_506' title='bbox 1276 1041 1423 1074; x_wconf 89' lang='lat' dir='ltr'>modum</span> <span class='ocrx_word' id='word_1_507' title='bbox 1446 1040 1552 1084; x_wconf 88' lang='lat' dir='ltr'>plana</span> <span class='ocrx_word' id='word_1_508' title='bbox 1577 1046 1627 1072; x_wconf 89' lang='lat' dir='ltr'>est</span> <span class='ocrx_word' id='word_1_509' title='bbox 1653 1040 1695 1072; x_wconf 89' lang='lat' dir='ltr'>de</span> <span class='ocrx_word' id='word_1_510' title='bbox 1713 1039 1915 1083; x_wconf 63' lang='lat' dir='ltr'>⁸affectibus.</span> <span class='ocrx_word' id='word_1_511' title='bbox 1967 1038 2089 1073; x_wconf 90' lang='lat' dir='ltr'>Bonos</span> <span class='ocrx_word' id='word_1_512' title='bbox 2115 1039 2260 1074; x_wconf 85' lang='lat' dir='ltr'>affectus</span> 
     </span>
     <span class='ocr_line' id='line_1_74' title="bbox 1277 1090 2261 1135; baseline -0.001 -10"><span class='ocrx_word' id='word_1_513' title='bbox 1277 1093 1373 1125; x_wconf 88' lang='lat' dir='ltr'>iubet</span> <span class='ocrx_word' id='word_1_514' title='bbox 1405 1091 1480 1135; x_wconf 78' lang='lat' dir='ltr'>regi</span> <span class='ocrx_word' id='word_1_515' title='bbox 1510 1091 1585 1134; x_wconf 81' lang='lat' dir='ltr'>lege</span> <span class='ocrx_word' id='word_1_516' title='bbox 1608 1090 1692 1131; x_wconf 85' lang='lat' dir='ltr'>Dei,</span> <span class='ocrx_word' id='word_1_517' title='bbox 1727 1096 1761 1123; x_wconf 86' lang='lat' dir='ltr'>et</span> <span class='ocrx_word' id='word_1_518' title='bbox 1785 1091 1918 1123; x_wconf 66' lang='lat' dir='ltr'>servari</span> <span class='ocrx_word' id='word_1_519' title='bbox 1941 1090 2069 1134; x_wconf 84' lang='lat' dir='ltr'>gradus</span> <span class='ocrx_word' id='word_1_520' title='bbox 2090 1090 2261 1124; x_wconf 78' lang='lat' dir='ltr'>divinitus</span> 
     </span>
     <span class='ocr_line' id='line_1_75' title="bbox 1279 1141 2262 1186; baseline -0.001 -10"><span class='ocrx_word' id='word_1_521' title='bbox 1279 1143 1445 1182; x_wconf 87' lang='lat' dir='ltr'>traditos,</span> <span class='ocrx_word' id='word_1_522' title='bbox 1472 1148 1512 1175; x_wconf 92' lang='lat' dir='ltr'>ut</span> <span class='ocrx_word' id='word_1_523' title='bbox 1529 1142 1625 1175; x_wconf 88' lang='lat' dir='ltr'>iubet</span> <span class='ocrx_word' id='word_1_524' title='bbox 1641 1141 1754 1174; x_wconf 87' lang='lat' dir='ltr'>amari</span> <span class='ocrx_word' id='word_1_525' title='bbox 1773 1142 1975 1186; x_wconf 82' lang='lat' dir='ltr'>coniugem,</span> <span class='ocrx_word' id='word_1_526' title='bbox 1997 1141 2145 1182; x_wconf 86' lang='lat' dir='ltr'>liberos,</span> <span class='ocrx_word' id='word_1_527' title='bbox 2173 1142 2262 1175; x_wconf 86' lang='lat' dir='ltr'>ami-</span> 
     </span>
     <span class='ocr_line' id='line_1_76' title="bbox 1279 1192 2262 1234; baseline -0.001 -7"><span class='ocrx_word' id='word_1_528' title='bbox 1279 1206 1356 1234; x_wconf 91' lang='lat' dir='ltr'>cos,</span> <span class='ocrx_word' id='word_1_529' title='bbox 1383 1194 1444 1228; x_wconf 90' lang='lat' dir='ltr'>sed</span> <span class='ocrx_word' id='word_1_530' title='bbox 1462 1193 1531 1232; x_wconf 85' lang='lat' dir='ltr'>ita,</span> <span class='ocrx_word' id='word_1_531' title='bbox 1557 1199 1596 1226; x_wconf 88' lang='lat' dir='ltr'>ut</span> <span class='ocrx_word' id='word_1_532' title='bbox 1611 1194 1828 1226; x_wconf 79' lang='lat' dir='ltr'>anteferatur</span> <span class='ocrx_word' id='word_1_533' title='bbox 1844 1193 1950 1226; x_wconf 87' lang='lat' dir='ltr'>Deus.</span> <span class='ocrx_word' id='word_1_534' title='bbox 2003 1192 2142 1226; x_wconf 90' lang='lat' dir='ltr'>Deinde</span> <span class='ocrx_word' id='word_1_535' title='bbox 2164 1192 2262 1226; x_wconf 84' lang='lat' dir='ltr'>iubet</span> 
     </span>
     <span class='ocr_line' id='line_1_77' title="bbox 1279 1242 2262 1288; baseline 0.001 -11"><span class='ocrx_word' id='word_1_536' title='bbox 1279 1245 1381 1277; x_wconf 90' lang='lat' dir='ltr'>malis</span> <span class='ocrx_word' id='word_1_537' title='bbox 1403 1243 1587 1276; x_wconf 82' lang='lat' dir='ltr'>affectibus</span> <span class='ocrx_word' id='word_1_538' title='bbox 1612 1243 1823 1287; x_wconf 86' lang='lat' dir='ltr'>repugnari,</span> <span class='ocrx_word' id='word_1_539' title='bbox 1858 1244 1920 1288; x_wconf 91' lang='lat' dir='ltr'>qui</span> <span class='ocrx_word' id='word_1_540' title='bbox 1943 1242 2107 1276; x_wconf 73' lang='lat' dir='ltr'>videlicet</span> <span class='ocrx_word' id='word_1_541' title='bbox 2129 1243 2262 1278; x_wconf 88' lang='lat' dir='ltr'>dissen—</span> 
     </span>
     <span class='ocr_line' id='line_1_78' title="bbox 1280 1293 2263 1338; baseline 0 -10"><span class='ocrx_word' id='word_1_542' title='bbox 1280 1295 1373 1328; x_wconf 83' lang='lat' dir='ltr'>tiunt</span> <span class='ocrx_word' id='word_1_543' title='bbox 1389 1306 1408 1326; x_wconf 84' lang='lat' dir='ltr'>a</span> <span class='ocrx_word' id='word_1_544' title='bbox 1427 1295 1500 1338; x_wconf 83' lang='lat' dir='ltr'>lege</span> <span class='ocrx_word' id='word_1_545' title='bbox 1515 1293 1603 1334; x_wconf 81' lang='lat' dir='ltr'>Dei,</span> <span class='ocrx_word' id='word_1_546' title='bbox 1631 1294 1713 1338; x_wconf 84' lang='lat' dir='ltr'>quia</span> <span class='ocrx_word' id='word_1_547' title='bbox 1730 1293 1836 1326; x_wconf 87' lang='lat' dir='ltr'>etiam</span> <span class='ocrx_word' id='word_1_548' title='bbox 1851 1294 1970 1328; x_wconf 73' lang='lat' dir='ltr'>vitiosi</span> <span class='ocrx_word' id='word_1_549' title='bbox 1985 1295 2129 1328; x_wconf 86' lang='lat' dir='ltr'>affectus</span> <span class='ocrx_word' id='word_1_550' title='bbox 2145 1295 2181 1327; x_wconf 90' lang='lat' dir='ltr'>in</span> <span class='ocrx_word' id='word_1_551' title='bbox 2196 1293 2263 1328; x_wconf 87' lang='lat' dir='ltr'>hac</span> 
     </span>
     <span class='ocr_line' id='line_1_79' title="bbox 1280 1344 2263 1389; baseline 0.001 -11"><span class='ocrx_word' id='word_1_552' title='bbox 1280 1346 1352 1378; x_wconf 68' lang='lat' dir='ltr'>vita</span> <span class='ocrx_word' id='word_1_553' title='bbox 1378 1357 1453 1378; x_wconf 89' lang='lat' dir='ltr'>non</span> <span class='ocrx_word' id='word_1_554' title='bbox 1478 1350 1626 1389; x_wconf 83' lang='lat' dir='ltr'>possunt</span> <span class='ocrx_word' id='word_1_555' title='bbox 1650 1357 1690 1377; x_wconf 77' lang='lat' dir='ltr'>ex</span> <span class='ocrx_word' id='word_1_556' title='bbox 1712 1344 1840 1378; x_wconf 87' lang='lat' dir='ltr'>animis</span> <span class='ocrx_word' id='word_1_557' title='bbox 1861 1345 2019 1378; x_wconf 87' lang='lat' dir='ltr'>funditus</span> <span class='ocrx_word' id='word_1_558' title='bbox 2036 1345 2133 1386; x_wconf 84' lang='lat' dir='ltr'>eiici‚</span> <span class='ocrx_word' id='word_1_559' title='bbox 2160 1352 2195 1379; x_wconf 87' lang='lat' dir='ltr'>et</span> <span class='ocrx_word' id='word_1_560' title='bbox 2211 1352 2263 1379; x_wconf 85' lang='lat' dir='ltr'>ta-</span> 
     </span>
     <span class='ocr_line' id='line_1_80' title="bbox 1280 1394 2263 1441; baseline -0.001 -11"><span class='ocrx_word' id='word_1_561' title='bbox 1280 1409 1364 1430; x_wconf 88' lang='lat' dir='ltr'>men</span> <span class='ocrx_word' id='word_1_562' title='bbox 1378 1396 1454 1429; x_wconf 90' lang='lat' dir='ltr'>Deo</span> <span class='ocrx_word' id='word_1_563' title='bbox 1478 1396 1592 1441; x_wconf 86' lang='lat' dir='ltr'>placet</span> <span class='ocrx_word' id='word_1_564' title='bbox 1608 1395 1808 1428; x_wconf 86' lang='lat' dir='ltr'>obedientia</span> <span class='ocrx_word' id='word_1_565' title='bbox 1830 1395 1867 1428; x_wconf 86' lang='lat' dir='ltr'>in</span> <span class='ocrx_word' id='word_1_566' title='bbox 1883 1394 1956 1437; x_wconf 85' lang='lat' dir='ltr'>his,</span> <span class='ocrx_word' id='word_1_567' title='bbox 1984 1395 2045 1441; x_wconf 90' lang='lat' dir='ltr'>qui</span> <span class='ocrx_word' id='word_1_568' title='bbox 2062 1396 2210 1431; x_wconf 84' lang='lat' dir='ltr'>credunt</span> <span class='ocrx_word' id='word_1_569' title='bbox 2226 1396 2263 1430; x_wconf 91' lang='lat' dir='ltr'>in</span> 
     </span>
     <span class='ocr_line' id='line_1_81' title="bbox 1282 1446 2263 1490; baseline -0.001 -8"><span class='ocrx_word' id='word_1_570' title='bbox 1282 1446 1482 1486; x_wconf 86' lang='lat' dir='ltr'>Christum,</span> <span class='ocrx_word' id='word_1_571' title='bbox 1510 1453 1544 1479; x_wconf 92' lang='lat' dir='ltr'>et</span> <span class='ocrx_word' id='word_1_572' title='bbox 1565 1453 1765 1490; x_wconf 84' lang='lat' dir='ltr'>repugnant</span> <span class='ocrx_word' id='word_1_573' title='bbox 1783 1446 1917 1480; x_wconf 79' lang='lat' dir='ltr'>vitiosis</span> <span class='ocrx_word' id='word_1_574' title='bbox 1938 1447 2140 1488; x_wconf 82' lang='lat' dir='ltr'>affectibus,</span> <span class='ocrx_word' id='word_1_575' title='bbox 2166 1447 2263 1481; x_wconf 78' lang='lat' dir='ltr'>iuxta</span> 
     </span>
     <span class='ocr_line' id='line_1_82' title="bbox 1282 1497 2264 1544; baseline 0 -12"><span class='ocrx_word' id='word_1_576' title='bbox 1282 1500 1369 1532; x_wconf 87' lang='lat' dir='ltr'>illud</span> <span class='ocrx_word' id='word_1_577' title='bbox 1397 1498 1518 1544; x_wconf 78' lang='lat' dir='ltr'>(Rom.</span> <span class='ocrx_word' id='word_1_578' title='bbox 1547 1498 1590 1538; x_wconf 90' lang='lat'>8,</span> <span class='ocrx_word' id='word_1_579' title='bbox 1620 1497 1714 1542; x_wconf 80' lang='lat'>13.):</span> <span class='ocrx_word' id='word_1_580' title='bbox 1752 1497 1789 1530; x_wconf 92' lang='lat' dir='ltr'>Si</span> <span class='ocrx_word' id='word_1_581' title='bbox 1816 1498 1944 1542; x_wconf 86' lang='lat' dir='ltr'>spiritu</span> <span class='ocrx_word' id='word_1_582' title='bbox 1966 1497 2121 1532; x_wconf 88' lang='lat' dir='ltr'>actiones</span> <span class='ocrx_word' id='word_1_583' title='bbox 2148 1498 2264 1532; x_wconf 84' lang='lat' dir='ltr'>carnis</span> 
     </span>
     <span class='ocr_line' id='line_1_83' title="bbox 1282 1548 1796 1590; baseline -0.006 -6"><span class='ocrx_word' id='word_1_584' title='bbox 1282 1549 1560 1590; x_wconf 82' lang='lat' dir='ltr'>mortificabitis,</span> <span class='ocrx_word' id='word_1_585' title='bbox 1588 1548 1712 1582; x_wconf 73' lang='lat' dir='ltr'>vivetis</span> <span class='ocrx_word' id='word_1_586' title='bbox 1732 1554 1796 1582; x_wconf 88' lang='lat' dir='ltr'>etc.</span> 
     </span>
    </p>
   </div>
   <div class='ocr_carea' id='block_1_13' title="bbox 1333 1650 2214 1757">
    <p class='ocr_par' dir='ltr' id='par_1_19' title="bbox 1333 1650 2214 1757">
     <span class='ocr_line' id='line_1_84' title="bbox 1333 1650 2214 1700; baseline -0.002 -12"><span class='ocrx_word' id='word_1_587' title='bbox 1333 1655 1466 1688; x_wconf 77' lang='lat' dir='ltr'>Recita</span> <span class='ocrx_word' id='word_1_588' title='bbox 1489 1650 1746 1700; x_wconf 79' lang='lat' dir='ltr'>definitionem</span> <span class='ocrx_word' id='word_1_589' title='bbox 1763 1651 1921 1686; x_wconf 68' lang='lat' dir='ltr'>‘virtutis</span> <span class='ocrx_word' id='word_1_590' title='bbox 1945 1650 1990 1686; x_wconf 82' lang='lat' dir='ltr'>ab</span> <span class='ocrx_word' id='word_1_591' title='bbox 2011 1651 2214 1687; x_wconf 78' lang='lat' dir='ltr'>Aristotele</span> 
     </span>
     <span class='ocr_line' id='line_1_85' title="bbox 1645 1710 1907 1757; baseline 0 -11"><span class='ocrx_word' id='word_1_592' title='bbox 1645 1711 1832 1746; x_wconf 81' lang='lat' dir='ltr'>traditam</span> <span class='ocrx_word' id='word_1_593' title='bbox 1848 1710 1907 1757; x_wconf 65' lang='lat' dir='ltr'>G²).</span> 
     </span>
    </p>
   </div>
   <div class='ocr_carea' id='block_1_14' title="bbox 1285 1777 2272 2386">
    <p class='ocr_par' dir='ltr' id='par_1_20' title="bbox 1285 1777 2272 2386">
     <span class='ocr_line' id='line_1_86' title="bbox 1385 1777 2266 1813; baseline 0 -2"><span class='ocrx_word' id='word_1_594' title='bbox 1385 1779 1507 1813; x_wconf 77' lang='lat' dir='ltr'>Virtus</span> <span class='ocrx_word' id='word_1_595' title='bbox 1531 1785 1582 1812; x_wconf 88' lang='lat' dir='ltr'>est</span> <span class='ocrx_word' id='word_1_596' title='bbox 1604 1777 1745 1813; x_wconf 83' lang='lat' dir='ltr'>habitus</span> <span class='ocrx_word' id='word_1_597' title='bbox 1773 1778 1938 1812; x_wconf 79' lang='lat' dir='ltr'>electivus</span> <span class='ocrx_word' id='word_1_598' title='bbox 1961 1778 1999 1810; x_wconf 91' lang='lat' dir='ltr'>in</span> <span class='ocrx_word' id='word_1_599' title='bbox 2021 1777 2266 1811; x_wconf 84' lang='lat' dir='ltr'>mediocritate</span> 
     </span>
     <span class='ocr_line' id='line_1_87' title="bbox 1285 1829 2267 1875; baseline -0.003 -10"><span class='ocrx_word' id='word_1_600' title='bbox 1285 1831 1500 1870; x_wconf 85' lang='lat' dir='ltr'>consistens,</span> <span class='ocrx_word' id='word_1_601' title='bbox 1533 1831 1651 1875; x_wconf 86' lang='lat' dir='ltr'>quoad</span> <span class='ocrx_word' id='word_1_602' title='bbox 1683 1843 1766 1869; x_wconf 87' lang='lat' dir='ltr'>nos,</span> <span class='ocrx_word' id='word_1_603' title='bbox 1794 1830 1933 1862; x_wconf 84' lang='lat' dir='ltr'>ratione</span> <span class='ocrx_word' id='word_1_604' title='bbox 1964 1829 2103 1874; x_wconf 86' lang='lat' dir='ltr'>aliqua,</span> <span class='ocrx_word' id='word_1_605' title='bbox 2142 1835 2181 1862; x_wconf 91' lang='lat' dir='ltr'>ut</span> <span class='ocrx_word' id='word_1_606' title='bbox 2212 1841 2267 1863; x_wconf 82' lang='lat' dir='ltr'>sa-</span> 
     </span>
     <span class='ocr_line' id='line_1_88' title="bbox 1286 1880 2268 1928; baseline -0.003 -13"><span class='ocrx_word' id='word_1_607' title='bbox 1286 1883 1386 1928; x_wconf 85' lang='lat' dir='ltr'>piens</span> <span class='ocrx_word' id='word_1_608' title='bbox 1422 1882 1564 1915; x_wconf 87' lang='lat' dir='ltr'>iudicat.</span> <span class='ocrx_word' id='word_1_609' title='bbox 1626 1881 1822 1920; x_wconf 44' lang='lat' dir='ltr'>Electa-us,</span> <span class='ocrx_word' id='word_1_610' title='bbox 1857 1881 1892 1913; x_wconf 90' lang='lat' dir='ltr'>id</span> <span class='ocrx_word' id='word_1_611' title='bbox 1929 1886 1997 1920; x_wconf 87' lang='lat' dir='ltr'>est,</span> <span class='ocrx_word' id='word_1_612' title='bbox 2038 1880 2198 1913; x_wconf 90' lang='lat' dir='ltr'>consulto</span> <span class='ocrx_word' id='word_1_613' title='bbox 2233 1885 2268 1912; x_wconf 90' lang='lat' dir='ltr'>et</span> 
     </span>
     <span class='ocr_line' id='line_1_89' title="bbox 1286 1929 2268 1978; baseline -0.003 -10"><span class='ocrx_word' id='word_1_614' title='bbox 1286 1940 1411 1978; x_wconf 89' lang='lat' dir='ltr'>sponte</span> <span class='ocrx_word' id='word_1_615' title='bbox 1447 1945 1564 1976; x_wconf 83' lang='lat' dir='ltr'>agens.</span> <span class='ocrx_word' id='word_1_616' title='bbox 1626 1932 1881 1977; x_wconf 87' lang='lat' dir='ltr'>Complectitur</span> <span class='ocrx_word' id='word_1_617' title='bbox 1919 1931 2014 1964; x_wconf 92' lang='lat' dir='ltr'>enim</span> <span class='ocrx_word' id='word_1_618' title='bbox 2056 1929 2268 1977; x_wconf 76' lang='grc' dir='ltr'><em>προαίρεσις</em></span> 
     </span>
     <span class='ocr_line' id='line_1_90' title="bbox 1286 1981 2269 2029; baseline -0.005 -10"><span class='ocrx_word' id='word_1_619' title='bbox 1286 1992 1498 2029; x_wconf 86' lang='lat' dir='ltr'>utrumque,</span> <span class='ocrx_word' id='word_1_620' title='bbox 1528 1985 1656 2017; x_wconf 87' lang='lat' dir='ltr'>mentis</span> <span class='ocrx_word' id='word_1_621' title='bbox 1681 1983 1845 2017; x_wconf 89' lang='lat' dir='ltr'>notitiam</span> <span class='ocrx_word' id='word_1_622' title='bbox 1868 1995 1928 2017; x_wconf 91' lang='lat' dir='ltr'>seu</span> <span class='ocrx_word' id='word_1_623' title='bbox 1954 1981 2144 2022; x_wconf 90' lang='lat' dir='ltr'>iudicium,</span> <span class='ocrx_word' id='word_1_624' title='bbox 2172 1987 2206 2015; x_wconf 84' lang='lat' dir='ltr'>et</span> <span class='ocrx_word' id='word_1_625' title='bbox 2228 1981 2269 2014; x_wconf 93' lang='lat' dir='ltr'>li-</span> 
     </span>
     <span class='ocr_line' id='line_1_91' title="bbox 1287 2032 2268 2081; baseline -0.003 -12"><span class='ocrx_word' id='word_1_626' title='bbox 1287 2037 1392 2069; x_wconf 87' lang='lat' dir='ltr'>berae</span> <span class='ocrx_word' id='word_1_627' title='bbox 1413 2035 1459 2081; x_wconf 73' lang='lat'>⁶5)</span> <span class='ocrx_word' id='word_1_628' title='bbox 1494 2035 1686 2068; x_wconf 75' lang='lat' dir='ltr'>voluntatis</span> <span class='ocrx_word' id='word_1_629' title='bbox 1716 2035 1908 2068; x_wconf 88' lang='lat' dir='ltr'>delectum:</span> <span class='ocrx_word' id='word_1_630' title='bbox 1947 2046 2030 2066; x_wconf 84' lang='lat' dir='ltr'>narn</span> <span class='ocrx_word' id='word_1_631' title='bbox 2061 2032 2268 2066; x_wconf 83' lang='lat' dir='ltr'>Aristoteles</span> 
     </span>
     <span class='ocr_line' id='line_1_92' title="bbox 1290 2082 2269 2132; baseline -0.005 -11"><span class='ocrx_word' id='word_1_632' title='bbox 1290 2089 1418 2132; x_wconf 82' lang='lat' dir='ltr'>gradus</span> <span class='ocrx_word' id='word_1_633' title='bbox 1438 2086 1522 2120; x_wconf 84' lang='lat' dir='ltr'>facit</span> <span class='ocrx_word' id='word_1_634' title='bbox 1544 2086 1743 2126; x_wconf 88' lang='lat' dir='ltr'>actionum,</span> <span class='ocrx_word' id='word_1_635' title='bbox 1771 2098 1861 2131; x_wconf 90' lang='lat' dir='ltr'>quae</span> <span class='ocrx_word' id='word_1_636' title='bbox 1880 2098 1957 2118; x_wconf 91' lang='lat' dir='ltr'>cum</span> <span class='ocrx_word' id='word_1_637' title='bbox 1977 2084 2013 2116; x_wconf 92' lang='lat' dir='ltr'>in</span> <span class='ocrx_word' id='word_1_638' title='bbox 2031 2084 2182 2128; x_wconf 90' lang='lat' dir='ltr'>speciem</span> <span class='ocrx_word' id='word_1_639' title='bbox 2198 2082 2269 2117; x_wconf 90' lang='lat' dir='ltr'>sint</span> 
     </span>
     <span class='ocr_line' id='line_1_93' title="bbox 1290 2134 2269 2181; baseline -0.004 -10"><span class='ocrx_word' id='word_1_640' title='bbox 1290 2139 1441 2178; x_wconf 90' lang='lat' dir='ltr'>similes,</span> <span class='ocrx_word' id='word_1_641' title='bbox 1470 2145 1589 2171; x_wconf 88' lang='lat' dir='ltr'>tamen</span> <span class='ocrx_word' id='word_1_642' title='bbox 1613 2149 1650 2170; x_wconf 87' lang='lat' dir='ltr'>re</span> <span class='ocrx_word' id='word_1_643' title='bbox 1673 2137 1747 2181; x_wconf 84' lang='lat' dir='ltr'>ipsa</span> <span class='ocrx_word' id='word_1_644' title='bbox 1770 2137 1956 2176; x_wconf 86' lang='lat' dir='ltr'>differunt,</span> <span class='ocrx_word' id='word_1_645' title='bbox 1981 2142 2020 2169; x_wconf 92' lang='lat' dir='ltr'>ut</span> <span class='ocrx_word' id='word_1_646' title='bbox 2041 2134 2185 2168; x_wconf 86' lang='lat' dir='ltr'>Catonis</span> <span class='ocrx_word' id='word_1_647' title='bbox 2205 2135 2269 2168; x_wconf 90' lang='lat' dir='ltr'>du-</span> 
     </span>
     <span class='ocr_line' id='line_1_94' title="bbox 1290 2185 2267 2230; baseline -0.005 -7"><span class='ocrx_word' id='word_1_648' title='bbox 1290 2190 1389 2223; x_wconf 89' lang='lat' dir='ltr'>rities</span> <span class='ocrx_word' id='word_1_649' title='bbox 1418 2189 1540 2223; x_wconf 89' lang='lat' dir='ltr'>similis</span> <span class='ocrx_word' id='word_1_650' title='bbox 1572 2195 1622 2221; x_wconf 86' lang='lat' dir='ltr'>est</span> <span class='ocrx_word' id='word_1_651' title='bbox 1645 2188 1865 2229; x_wconf 81' lang='lat' dir='ltr'>fortitudini,</span> <span class='ocrx_word' id='word_1_652' title='bbox 1893 2200 1972 2221; x_wconf 90' lang='lat' dir='ltr'>cum</span> <span class='ocrx_word' id='word_1_653' title='bbox 1993 2187 2097 2230; x_wconf 88' lang='lat' dir='ltr'>longe</span> <span class='ocrx_word' id='word_1_654' title='bbox 2120 2185 2226 2219; x_wconf 86' lang='lat' dir='ltr'>distet</span> <span class='ocrx_word' id='word_1_655' title='bbox 2247 2197 2267 2218; x_wconf 80' lang='lat' dir='ltr'>a</span> 
     </span>
     <span class='ocr_line' id='line_1_95' title="bbox 1291 2236 2269 2284; baseline -0.006 -10"><span class='ocrx_word' id='word_1_656' title='bbox 1291 2242 1432 2274; x_wconf 71' lang='lat' dir='ltr'>virtute.</span> <span class='ocrx_word' id='word_1_657' title='bbox 1492 2240 1662 2273; x_wconf 87' lang='lat' dir='ltr'>Lentulus</span> <span class='ocrx_word' id='word_1_658' title='bbox 1685 2239 1859 2284; x_wconf 87' lang='lat' dir='ltr'>Scipionis</span> <span class='ocrx_word' id='word_1_659' title='bbox 1884 2249 2061 2273; x_wconf 87' lang='lat' dir='ltr'>successor</span> <span class='ocrx_word' id='word_1_660' title='bbox 2077 2236 2123 2283; x_wconf 61' lang='grc' dir='ltr'>6(ἶ)</span> <span class='ocrx_word' id='word_1_661' title='bbox 2153 2236 2269 2269; x_wconf 85' lang='lat' dir='ltr'>imita-</span> 
     </span>
     <span class='ocr_line' id='line_1_96' title="bbox 1291 2287 2272 2336; baseline -0.006 -11"><span class='ocrx_word' id='word_1_662' title='bbox 1291 2299 1348 2326; x_wconf 84' lang='lat' dir='ltr'>tur</span> <span class='ocrx_word' id='word_1_663' title='bbox 1362 2291 1536 2336; x_wconf 86' lang='lat' dir='ltr'>Scipionis</span> <span class='ocrx_word' id='word_1_664' title='bbox 1559 2291 1822 2331; x_wconf 89' lang='lat' dir='ltr'>fortitudinem,</span> <span class='ocrx_word' id='word_1_665' title='bbox 1851 2303 1929 2324; x_wconf 89' lang='lat' dir='ltr'>cum</span> <span class='ocrx_word' id='word_1_666' title='bbox 1952 2300 2090 2322; x_wconf 87' lang='lat' dir='ltr'>summa</span> <span class='ocrx_word' id='word_1_667' title='bbox 2111 2287 2156 2322; x_wconf 88' lang='lat' dir='ltr'>sit</span> <span class='ocrx_word' id='word_1_668' title='bbox 2172 2287 2272 2322; x_wconf 88' lang='lat' dir='ltr'>dissi-</span> 
     </span>
     <span class='ocr_line' id='line_1_97' title="bbox 1290 2339 2268 2386; baseline -0.006 -9"><span class='ocrx_word' id='word_1_669' title='bbox 1290 2344 1467 2378; x_wconf 89' lang='lat' dir='ltr'>militudo.</span> <span class='ocrx_word' id='word_1_670' title='bbox 1525 2342 1641 2376; x_wconf 88' lang='lat' dir='ltr'>Sumit</span> <span class='ocrx_word' id='word_1_671' title='bbox 1670 2343 1777 2386; x_wconf 81' lang='lat' dir='ltr'>igitur</span> <span class='ocrx_word' id='word_1_672' title='bbox 1801 2341 2005 2375; x_wconf 87' lang='lat' dir='ltr'>Aristoteles</span> <span class='ocrx_word' id='word_1_673' title='bbox 2036 2339 2224 2373; x_wconf 88' lang='lat' dir='ltr'>discrimen</span> <span class='ocrx_word' id='word_1_674' title='bbox 2249 2350 2268 2371; x_wconf 84' lang='lat' dir='ltr'>a</span> 
     </span>
    </p>
   </div>
   <div class='ocr_carea' id='block_1_15' title="bbox 1322 2455 2204 2643">
    <p class='ocr_par' dir='ltr' id='par_1_21' title="bbox 1323 2455 2027 2493">
     <span class='ocr_line' id='line_1_98' title="bbox 1323 2455 2027 2493; baseline -0.011 -7"><span class='ocrx_word' id='word_1_675' title='bbox 1323 2460 1369 2493; x_wconf 77' lang='lat'>62)</span> <span class='ocrx_word' id='word_1_676' title='bbox 1391 2461 1497 2491; x_wconf 83' lang='lat' dir='ltr'>Uipiau.</span> <span class='ocrx_word' id='word_1_677' title='bbox 1520 2460 1544 2484; x_wconf 87' lang='lat' dir='ltr'>in</span> <span class='ocrx_word' id='word_1_678' title='bbox 1564 2461 1581 2484; x_wconf 83' lang='lat'>1.</span> <span class='ocrx_word' id='word_1_679' title='bbox 1603 2458 1795 2491; x_wconf 66' lang='lat' dir='ltr'>Cogitationis.</span> <span class='ocrx_word' id='word_1_680' title='bbox 1822 2457 1854 2481; x_wconf 92' lang='lat' dir='ltr'>D.</span> <span class='ocrx_word' id='word_1_681' title='bbox 1874 2456 1906 2480; x_wconf 86' lang='lat' dir='ltr'>de</span> <span class='ocrx_word' id='word_1_682' title='bbox 1923 2455 2027 2486; x_wconf 80' lang='lat' dir='ltr'>poeuiS.</span> 
     </span>
    </p>

    <p class='ocr_par' dir='ltr' id='par_1_22' title="bbox 1323 2511 1736 2539">
     <span class='ocr_line' id='line_1_99' title="bbox 1323 2511 1736 2539; baseline -0.01 -4"><span class='ocrx_word' id='word_1_683' title='bbox 1323 2512 1369 2539; x_wconf 82' lang='lat'>63)</span> <span class='ocrx_word' id='word_1_684' title='bbox 1390 2511 1500 2535; x_wconf 81' lang='lat' dir='ltr'>Homeri</span> <span class='ocrx_word' id='word_1_685' title='bbox 1520 2511 1551 2535; x_wconf 81' lang='lat'>11.</span> <span class='ocrx_word' id='word_1_686' title='bbox 1570 2511 1590 2533; x_wconf 85' lang='lat'>1.</span> <span class='ocrx_word' id='word_1_687' title='bbox 1613 2511 1659 2533; x_wconf 70' lang='lat'>194</span> <span class='ocrx_word' id='word_1_688' title='bbox 1679 2516 1736 2539; x_wconf 78' lang='lat' dir='ltr'>sqq.</span> 
     </span>
    </p>

    <p class='ocr_par' dir='ltr' id='par_1_23' title="bbox 1322 2556 2204 2643">
     <span class='ocr_line' id='line_1_100' title="bbox 1324 2556 2204 2592; baseline -0.007 -5"><span class='ocrx_word' id='word_1_689' title='bbox 1324 2564 1372 2591; x_wconf 72' lang='lat'>64)</span> <span class='ocrx_word' id='word_1_690' title='bbox 1392 2564 1466 2586; x_wconf 82' lang='lat' dir='ltr'>Haec</span> <span class='ocrx_word' id='word_1_691' title='bbox 1486 2561 1610 2592; x_wconf 70' lang='lat' dir='ltr'>quaestio</span> <span class='ocrx_word' id='word_1_692' title='bbox 1630 2567 1689 2583; x_wconf 87' lang='lat' dir='ltr'>cum</span> <span class='ocrx_word' id='word_1_693' title='bbox 1709 2560 1892 2588; x_wconf 78' lang='lat' dir='ltr'>subsequente</span> <span class='ocrx_word' id='word_1_694' title='bbox 1910 2557 1937 2580; x_wconf 88' lang='lat' dir='ltr'>in</span> <span class='ocrx_word' id='word_1_695' title='bbox 1956 2556 2004 2580; x_wconf 77' lang='lat' dir='ltr'>Ed.</span> <span class='ocrx_word' id='word_1_696' title='bbox 2025 2556 2099 2581; x_wconf 77' lang='lat'>1538.</span> <span class='ocrx_word' id='word_1_697' title='bbox 2119 2557 2204 2581; x_wconf 80' lang='lat' dir='ltr'>deest.</span> 
     </span>
     <span class='ocr_line' id='line_1_101' title="bbox 1322 2608 2034 2643; baseline -0.007 -5"><span class='ocrx_word' id='word_1_698' title='bbox 1322 2615 1370 2643; x_wconf 79' lang='lat'>65)</span> <span class='ocrx_word' id='word_1_699' title='bbox 1390 2614 1506 2641; x_wconf 78' lang='lat' dir='ltr'>liberae]</span> <span class='ocrx_word' id='word_1_700' title='bbox 1527 2613 1566 2636; x_wconf 81' lang='lat' dir='ltr'>sic</span> <span class='ocrx_word' id='word_1_701' title='bbox 1586 2612 1634 2636; x_wconf 89' lang='lat' dir='ltr'>Ed.</span> <span class='ocrx_word' id='word_1_702' title='bbox 1657 2610 1751 2641; x_wconf 71' lang='lat'>1546.;</span> <span class='ocrx_word' id='word_1_703' title='bbox 1776 2610 1826 2634; x_wconf 82' lang='lat' dir='ltr'>Ed.</span> <span class='ocrx_word' id='word_1_704' title='bbox 1848 2609 1922 2633; x_wconf 75' lang='lat'><strong>1540.</strong></span> <span class='ocrx_word' id='word_1_705' title='bbox 1942 2608 2034 2633; x_wconf 81' lang='lat' dir='ltr'>iibere.</span> 
     </span>
    </p>
   </div>
   <div class='ocr_carea' id='block_1_16' title="bbox 1321 2659 2269 2765">
    <p class='ocr_par' dir='ltr' id='par_1_24' title="bbox 1321 2659 2269 2765">
     <span class='ocr_line' id='line_1_102' title="bbox 1321 2659 2269 2693; baseline -0.008 -2"><span class='ocrx_word' id='word_1_706' title='bbox 1321 2668 1369 2693; x_wconf 76' lang='grc'>66)</span> <span class='ocrx_word' id='word_1_707' title='bbox 1387 2667 1417 2690; x_wconf 84' lang='lat' dir='ltr'>L.</span> <span class='ocrx_word' id='word_1_708' title='bbox 1438 2665 1583 2689; x_wconf 85' lang='lat' dir='ltr'>Cornelius</span> <span class='ocrx_word' id='word_1_709' title='bbox 1603 2663 1734 2686; x_wconf 71' lang='lat' dir='ltr'>heututus</span> <span class='ocrx_word' id='word_1_710' title='bbox 1760 2661 1830 2685; x_wconf 86' lang='lat' dir='ltr'>bello</span> <span class='ocrx_word' id='word_1_711' title='bbox 1849 2661 1949 2684; x_wconf 89' lang='lat' dir='ltr'>Punico</span> <span class='ocrx_word' id='word_1_712' title='bbox 1973 2659 2092 2682; x_wconf 81' lang='lat' dir='ltr'>secundo</span> <span class='ocrx_word' id='word_1_713' title='bbox 2115 2664 2140 2682; x_wconf 83' lang='lat' dir='ltr'>a.</span> <span class='ocrx_word' id='word_1_714' title='bbox 2160 2666 2184 2683; x_wconf 88' lang='lat' dir='ltr'>u.</span> <span class='ocrx_word' id='word_1_715' title='bbox 2209 2659 2269 2683; x_wconf 80' lang='lat'>550.</span> 
     </span>
     <span class='ocr_line' id='line_1_103' title="bbox 1357 2693 2268 2727; baseline -0.008 -3"><span class='ocrx_word' id='word_1_716' title='bbox 1357 2702 1383 2724; x_wconf 88' lang='lat' dir='ltr'>iu</span> <span class='ocrx_word' id='word_1_717' title='bbox 1397 2701 1426 2725; x_wconf 83' lang='grc' dir='ltr'>Ρ.</span> <span class='ocrx_word' id='word_1_718' title='bbox 1444 2698 1565 2723; x_wconf 78' lang='lat' dir='ltr'>Cornelii</span> <span class='ocrx_word' id='word_1_719' title='bbox 1584 2697 1717 2727; x_wconf 79' lang='lat' dir='ltr'>Scipionis</span> <span class='ocrx_word' id='word_1_720' title='bbox 1736 2696 1823 2720; x_wconf 80' lang='lat' dir='ltr'>locum</span> <span class='ocrx_word' id='word_1_721' title='bbox 1841 2695 1990 2720; x_wconf 81' lang='lat' dir='ltr'>succedens</span> <span class='ocrx_word' id='word_1_722' title='bbox 2010 2693 2157 2718; x_wconf 76' lang='lat' dir='ltr'>exercitum</span> <span class='ocrx_word' id='word_1_723' title='bbox 2176 2693 2201 2717; x_wconf 84' lang='lat' dir='ltr'>iu</span> <span class='ocrx_word' id='word_1_724' title='bbox 2218 2693 2268 2718; x_wconf 82' lang='lat' dir='ltr'>Hi-</span> 
     </span>
     <span class='ocr_line' id='line_1_104' title="bbox 1357 2733 1554 2765; baseline -0.02 -6"><span class='ocrx_word' id='word_1_725' title='bbox 1357 2735 1453 2765; x_wconf 74' lang='lat' dir='ltr'>spauia</span> <span class='ocrx_word' id='word_1_726' title='bbox 1473 2733 1554 2757; x_wconf 73' lang='lat' dir='ltr'>duxit.</span> 
     </span>
    </p>
   </div>
  </div>
 </body>
</html>
