2347 3000
1015 780 1089 821 IV.

79 895 184 937 PH.
233 895 406 938 MEL.
453 895 1035 939 COMMENTARII
1076 896 1153 936 IN
1197 894 1551 945 ALIQUOT
1599 896 2031 942 POLITICOS

602 977 893 1020 LIBROS
945 976 1512 1020 ARISTOTELIS.

153 1111 260 1138 Horum
290 1111 558 1139 commentariorum
590 1117 650 1139 tres
677 1111 819 1140 editiones
852 1113 879 1139 in
908 1112 1125 1150 Prolegomenis
1156 1121 1186 1149 p.
1209 1110 1250 1141 17
1269 1121 1312 1148 sq.
1342 1113 1653 1147 commemoravimus,
1696 1123 1818 1152 quarum
1849 1116 1986 1154 princeps
2018 1117 2062 1145 in-

49 1153 155 1190 scripta
176 1159 237 1181 est:

175 1193 409 1224 Commenmre'c'
438 1196 473 1223 in
501 1194 630 1233 aliquot
655 1195 808 1234 postitio-os
835 1193 938 1224 libros
966 1194 1173 1225 Aristotelis.
1195 1193 1321 1234 th'le'p.
1345 1193 1510 1224 DIelancIi.
1533 1195 1574 1224 M.
1597 1197 1633 1226 D.
1656 1197 1747 1228 XXX.
1787 1195 2003 1239 „Tlebergaffi
2023 1217 2065 1224 .-

217 1236 264 1276 (Ιιι
288 1237 377 1276 finez)
409 1235 613 1276 Impressum
634 1247 697 1276 pei·
719 1236 897 1275 Iosephum
921 1236 1016 1276 Clug.
1039 1239 1130 1267 XXX.
1161 1237 1232 1277 (sic)
1263 1238 1293 1267 8.
1336 1238 1355 1266 4
1378 1238 1476 1275 plagg.
1499 1236 1532 1273 (3
1555 1239 1607 1268 ult.
1632 1249 1720 1278 pagg.
1745 1240 1835 1280 vam).

135 1280 237 1308 Altera.
260 1280 366 1317 prodiit
389 1277 577 1317 Hagenoae
605 1281 642 1308 Μ.
666 1282 702 1308 D.
727 1280 832 1309 XXXI.
878 1281 908 1310 8.

136 1322 239 1350 Tertia
261 1332 324 1349 cum
348 1322 515 1350 Ethicorum
539 1323 749 1350 commentariis
772 1324 922 1351 coniuncta
948 1328 993 1350 est
1015 1323 1054 1350 sic
1076 1323 1230 1359 inscripta:

179 1362 412 1392 commentarit·
433 1366 467 1392 in
490 1363 656 1399 Primum,
687 1363 890 1399 Secundum,
923 1363 1088 1399 Tertium,
1119 1369 1151 1391 et
1172 1362 1332 1400 Quintum
1355 1361 1550 1392 Etlte'corum
1572 1362 1727 1404 Philippi
1747 1365 2022 1399 Dlelanchtltom's.

175 1404 334 1434 Eiusdem
358 1408 391 1434 in
415 1405 611 1435 Aristotelis
634 1406 760 1444 aliquot
784 1404 885 1434 libros
909 1405 1066 1434 Polilz'cos
1092 1404 1346 1434 Comntenlaria.

176 1446 390 1485 Argentinac
413 1448 506 1488 apud
527 1448 624 1477 Ioan.
645 1447 832 1478 Albai-tum.
854 1466 896 1470 -
930 1448 978 1486 (ln
1008 1449 1099 1485 fiuex)
1142 1447 1356 1486 „argentinae
1379 1447 1472 1487 apud
1493 1446 1590 1478 Ioan.
1610 1446 1803 1486 Alberlum,
1833 1450 1948 1482 Mense
1969 1453 2064 1483 Mar-

217 1492 279 1525 ίίυ,
309 1489 426 1525 Anno,
455 1492 496 1522 M.
519 1493 555 1520 D.
579 1492 696 1520 XXXV.
740 1492 771 1521 8.
817 1491 857 1521 17
879 1492 977 1529 plagg.

133 1532 185 1561 Hic
209 1533 282 1561 liber
305 1542 421 1562 recusus
445 1540 488 1562 est
509 1535 536 1562 in
561 1535 697 1573 operibus
717 1534 913 1562 Melanthonis
934 1533 1147 1561 BasileenSibus
1176 1533 1260 1563 Tom.
1283 1532 1332 1562 IV.
1376 1542 1406 1570 p.
1429 1531 1493 1563 266
1514 1542 1578 1571 sqq.

444 1758 525 1795 IN
576 1757 1000 1795 POLITICA
1051 1757 1664 1797 ARISTOTELIS.

45 1873 212 1927 Politica
251 1904 308 1927 ars
341 1899 392 1927 est
423 1894 606 1929 continens
640 1895 816 1939 generalia
852 1897 1026 1942 quaedam

45 1950 231 1989 praecepta
257 1945 298 1977 dc
326 1945 550 1979 ordinatione
573 1946 736 1980 civitatis.
795 1946 892 1980 Sicut
914 1945 1027 1980 archi-

44 1996 217 2030 tectonica
234 2006 290 2028 ars
307 2002 357 2028 est
381 2008 450 2041 qua
474 1997 610 2030 formae
635 1997 877 2031 aedificiorum
901 1999 1028 2032 descri-

44 2048 189 2081 buntur.
240 2044 290 2078 lta
308 2046 451 2090 politica
469 2054 600 2081 certam
620 2049 773 2082 formam
797 2048 947 2083 civitatis
970 2050 1027 2083 de-

44 2098 183 2137 scribit,
217 2097 372 2141 disputat
395 2099 437 2131 de
458 2110 578 2132 rerum
602 2100 794 2140 divisione,
828 2101 870 2132 de
895 2113 1027 2134 connu-

44 2149 129 2189 biis,
158 2149 199 2181 de
216 2148 498 2191 magistratibus,
526 2151 568 2183 de
586 2151 738 2194 legibus,
765 2152 807 2184 (le
830 2152 953 2195 populi
978 2145 1031 2185 ofss

44 2200 148 2240 ficiis,
176 2201 218 2232 de
236 2200 493 2240 contractibus,
529 2202 571 2233 de
588 2202 724 2245 poenis.

147 2300 214 2333 Sed
229 2300 330 2333 initio
348 2312 562 2345 magnopere
578 2314 665 2346 opus
681 2308 731 2336 est
750 2302 947 2336 discernere
966 2315 1028 2347 po-

0 2374 1 2380 .
48 2349 178 2382 liticam
206 2352 247 2383 ab
272 2351 464 2395 Evangelio
491 2359 524 2385 et
549 2352 795 2396 imperitorum
821 2354 1025 2397 opinionem

49 2401 264 2441 convellere,
297 2402 358 2447 qui
383 2403 563 2436 somniant
583 2403 816 2447 Evangelium
842 2403 931 2437 nihil
955 2417 1027 2438 esse

49 2451 143 2484 aliud
164 2451 231 2484 nisi
249 2453 426 2496 politicam
443 2454 661 2494 doctrinam,
695 2454 789 2487 iuxta
812 2468 919 2500 quam
945 2455 1028 2488 civi-

48 2508 136 2535 tates
152 2503 414 2538 constituendae
431 2505 512 2539 sint.
563 2505 629 2538 Hic
647 2518 747 2538 error
763 2518 836 2539 non
855 2518 924 2539 una
952 2512 1028 2539 tan-

47 2559 123 2585 tum
161 2559 272 2585 aetate
303 2554 512 2589 mirabiliter
545 2556 767 2600 perturbavit
802 2557 1028 2601 respublicas,

48 2604 133 2636 dum
157 2603 299 2636 fanatIci
321 2603 481 2641 homines
508 2607 685 2651 abrogatis
711 2607 787 2641 aliis
815 2608 948 2651 legibus
973 2621 1029 2641 co-

49 2661 180 2687 nantur
214 2655 310 2687 iuxta
340 2655 570 2701 Evangelium
607 2659 764 2692 civitates
805 2659 1028 2692 constituere.

50 2704 115 2737 Sed
139 2704 290 2738 vidimus
306 2708 461 2751 exempla
477 2709 581 2752 plura
600 2721 706 2754 quam
717 2710 883 2744 vellemus
901 2710 1030 2744 nostris

94 2762 273 2794 Mrmxru.
292 2763 396 2796 OPER.
428 2765 510 2797 VoL.
529 2766 616 2797 XVI.

1081 1893 1319 1938 temporibus,
1362 1907 1471 1940 quare
1505 1897 1661 1940 primum
1694 1895 1750 1930 hic
1783 1904 1981 1937 monendus
2016 1913 2065 1940 cst

1080 1945 1210 1985 lector,
1239 1945 1324 1990 quid
1340 1945 1478 1980 intersit
1493 1946 1585 1981 inter
1599 1948 1780 1993 politicam
1807 1953 2005 1988 doctrinam
2033 1964 2065 1990 ct

1081 1997 1339 2040 evangelicam,
1375 2004 1408 2030 et
1430 2000 1611 2043 quomodo
1637 2001 1812 2044 approbet
1832 2002 2065 2048 Evangelium

1080 2048 1261 2091 politicam
1278 2048 1489 2083 doctrinam.
1533 2049 1607 2084 Nos
1624 2053 1668 2084 ad
1686 2049 1777 2085 hanc
1793 2066 1867 2088 rem
1884 2056 2065 2090 declaran-

1080 2100 1162 2132 dam
1193 2096 1259 2132 hac
1285 2105 1426 2133 utemur
1459 2100 1702 2136 similitudine.
1766 2104 1862 2138 Sicut
1891 2108 2066 2142 medicina

1080 2150 1183 2194 longe
1209 2151 1348 2195 lateque
1383 2151 1427 2184 ab
1449 2150 1644 2196 Evangelio
1676 2153 1798 2188 distat:
1840 2156 1888 2190 sic
1920 2159 2062 2202 politica

1080 2201 1183 2245 longe
1199 2201 1338 2245 lateque
1354 2202 1461 2236 distat
1477 2204 1521 2236 ab
1536 2203 1748 2247 Evangeli03
1777 2213 1811 2239 et
1834 2210 2063 2252 quemadmo-

1080 2253 1164 2285 dum
1190 2252 1363 2285 medicina
1391 2254 1548 2287 continet
1569 2255 1786 2297 doctrinam,
1813 2270 1902 2302 quae
1926 2260 2063 2294 ratione

1081 2309 1234 2336 constat:
1273 2303 1320 2335 ita
1343 2304 1486 2347 politica
1513 2305 1650 2338 ratione
1674 2313 1828 2346 constat,
1864 2321 1927 2342 nec
1953 2313 2063 2355 magis

1081 2355 1123 2386 ad
1139 2353 1372 2397 Evangelium
1398 2356 1551 2398 pertinet
1569 2369 1675 2401 quam
1700 2358 1886 2394 medicina.
1940 2362 2008 2394 Sed
2026 2370 2063 2396 ut

1081 2404 1235 2449 optabile
1254 2411 1303 2438 est
1318 2412 1357 2437 ut
1374 2406 1530 2440 medicus
1546 2407 1624 2450 pius
1639 2407 1700 2440 sit:
1735 2408 1783 2441 ita
1802 2412 1998 2454 optandum
2014 2421 2063 2447 est

1080 2462 1119 2489 ut
1145 2456 1188 2488 sit
1211 2455 1289 2499 pius
1313 2455 1342 2489 is
1366 2457 1426 2500 qui
1450 2458 1704 2501 rempublicam
1725 2460 1909 2502 gubernat.
1960 2463 2062 2498 Artes

1081 2507 1175 2550 ipsae
1210 2513 1330 2539 tamen
1364 2507 1499 2540 nullam
1534 2506 1666 2541 habent
1699 2512 1946 2554 cognationem
1983 2528 2062 2548 cum

1080 2557 1287 2599 Evangelio.
1337 2557 1427 2591 Nam
1449 2558 1682 2602 Evangelium
1705 2563 1870 2605 patefacit
1893 2564 2060 2599 iustitiam

1082 2615 1260 2641 aeternam
1272 2634 1281 2647 ,
1308 2620 1415 2653 quam
1431 2611 1537 2642 corda
1553 2610 1757 2655 concipiunt
1774 2625 1837 2657 per
1853 2615 1955 2648 fidem
1967 2643 1975 2653 .
2011 2617 2062 2649 in⁴

1082 2660 1184 2692 terim
1215 2659 1310 2692 iubet
1340 2660 1425 2693 soris
1450 2661 1499 2693 uti
1525 2661 1657 2704 legibus
1685 2668 1718 2696 ct
1743 2664 1874 2708 politiis
1903 2667 2060 2700 omnium

1082 2710 1258 2754 gentium,
1287 2711 1381 2754 apud
1400 2723 1486 2755 quas
1505 2711 1666 2747 vivimus.

1405 2761 1453 2797 27
