2347 3000
230 131 304 169 379

231 218 342 258 meri,
369 216 418 251 sic
439 215 532 261 fit‘ffi)
558 212 752 258 aequalitas
773 219 910 243 summa
931 204 1057 238 mercis
1084 210 1118 237 et
1140 215 1220 248 pre-

233 273 292 311 tii,
319 282 382 303 nec
402 280 490 313 opus
506 272 558 300 est
576 265 680 298 aliam
698 260 918 296 subtiliorem
942 255 1219 301 applicationem

233 333 414 369 quaerere.
476 317 565 351 lllud
589 314 645 348 hic
668 314 773 346 etiam
794 309 1058 348 consideretur,
1084 306 1220 341 Aristo-

234 375 338 407 telem
360 371 451 404 ratio
478 367 615 406 docuit,
658 363 748 397 lianc
770 373 946 396 summam
969 359 1221 405 aequalitatem

235 426 272 458 in
289 420 609 457 communicatione
630 414 847 448 efficiendam
867 424 938 445 esse
950 437 959 451 ‚
985 411 1081 456 quod
1099 409 1222 442 videli-

237 483 289 510 eet
307 476 416 508 altera
441 483 521 516 pars
544 467 810 505 exhauriretur,
836 476 911 497 non
930 469 1069 497 servata
1095 473 1222 507 aequa-

236 529 347 561 litate.
1031 559 1044 567 ν

325 577 398 610 Ros
416 585 499 605 vero
517 569 637 603 divina
656 581 724 601 vox
738 569 841 600 docet
856 564 948 599 lianc
965 565 1077 610 ipsam
1096 575 1224 608 aequa-

238 630 372 662 litatem
393 626 424 659 1.
444 621 567 656 Thess.
585 620 620 659 4,
637 620 722 665 (6.);
760 619 842 653 Nm
861 618 938 661 plus
957 617 1094 649 auferre
1114 614 1149 646 in
1166 626 1225 646 ne-

239 679 355 723 gotio,
394 673 444 721 μὴ
480 672 721 708 πλεονεκτὸῖν.
789 670 936 704 Caetera
968 679 1074 711 supra
1108 665 1226 704 citavi,

238 742 328 776 quae
356 734 546 770 utramque
572 722 725 767 speciem
751 720 903 754 iustitiae
932 718 1226 762 complectuntur,

238 789 271 814 et
316 781 352 812 in
396 784 546 822 utraque
588 773 736 808 saucivit
776 772 871 805 Deus
885 770 932 815 ⁴¹⁷)
976 768 1225 815 aequalitatem

240 828 386 878 (Mauh.
414 828 481 868 19,
517 826 613 871 19.):
664 823 799 867 Diligas
833 822 1036 866 proximum
1072 820 1161 853 sicut
1195 825 1227 851 te

240 885 368 928 ipsum.
419 879 479 913 Et:
515 877 618 923 Quod
638 875 701 907 tibi
722 887 792 907 non
812 873 863 907 xis
880 872 976 912 fieri,
1004 871 1106 905 alteri
1121 883 1164 903 ne
1181 870 1228 903 se-

241 934 343 969 ceris.
389 926 589 977 'Avatoyia
607 926 820 971 geometrica
838 930 907 964 est,
942 936 1020 957 cum
1039 923 1151 955 tribus
1169 926 1230 954 aut

242 985 402 1031 pluribus
419 980 579 1015 terminis
595 977 772 1022 dispositis
784 1003 792 1017 ,
814 987 1047 1008 numerorum
1064 973 1230 1006 differen-

241 1038 290 1071 tia
308 1034 515 1079 negligitur,
543 1031 600 1065 scd
619 1029 792 1062 retinetur
808 1027 1002 1060 similitudo
1027 1023 1231 1069 proportio—

243 1100 349 1127 num,
377 1091 416 1118 ut
437 1085 470 1118 3.
489 1083 523 1117 6.
545 1083 601 1116 12.
620 1080 680 1116 24.
747 1079 844 1113 Sicut
868 1090 902 1111 se
927 1076 1059 1110 liabent
1080 1076 1103 1109 3
1127 1076 1171 1108 ad
1197 1074 1231 1113 6,

243 1140 291 1174 sic
310 1150 345 1171 se
368 1135 502 1169 habent
525 1135 570 1168 12
589 1133 633 1165 ad
652 1130 712 1166 24.
773 1130 932 1173 Utraque
958 1127 1052 1160 enim
1079 1133 1129 1160 est
1152 1125 1232 1158 sub-

242 1190 363 1234 dupla.
417 1186 502 1220 Inde
520 1186 558 1218 lit
575 1187 823 1226 argumentum
845 1192 863 1211 a
890 1183 1126 1211 transmutata
1150 1187 1232 1220 pro-

244 1240 427 1287 portione:
468 1236 563 1279 Ergo
588 1234 677 1267 sicut
701 1244 736 1265 se
760 1229 893 1263 liabent
920 1230 942 1263 3
960 1230 1004 1261 ad
1026 1230 1092 1268 12,
1131 1227 1179 1260 sic
1197 1238 1232 1259 se

243 1292 376 1326 habent
392 1289 414 1322 6
432 1289 476 1321 ad
492 1286 555 1322 24.
596 1285 757 1328 Utraque
774 1281 867 1314 enim
887 1287 938 1314 est
954 1278 1233 1325 subquadrupla.

244 1344 432 1377 Postremo
461 1345 495 1372 et
519 1343 634 1371 totum
658 1335 703 1368 ad
725 1339 840 1366 totum
864 1330 1009 1364 habebit
1030 1329 1234 1375 proportio-

244 1407 327 1428 nem
353 1391 505 1426 similem
529 1388 688 1432 primae,
721 1384 899 1427 iungendo
926 1383 948 1416 3
967 1383 1007 1415 ad
1030 1383 1095 1421 12,
1131 1386 1235 1413 erunt

248 1444 307 1481 15.
360 1443 455 1476 Haec
472 1438 647 1482 subdupla
665 1442 715 1469 est
734 1437 779 1467 ad
796 1435 818 1468 6
835 1441 868 1467 et
884 1433 946 1469 24.
998 1433 1055 1466 Sic
1072 1432 1144 1466 sive
1161 1443 1235 1464 ma-

247 1496 318 1542 gni,
346 1494 418 1528 sive
435 1491 537 1536 parvi
553 1488 694 1522 numeri
710 1487 798 1526 sint,
826 1492 946 1518 manet
962 1483 1134 1517 connexio
1154 1495 1236 1527 pro-

246 1546 468 1593 portionum.
526 1539 786 1574 Acconnnodat
810 1549 893 1580 ergo
910 1535 1117 1569 Aristoteles
1143 1532 1236 1566 banc

247 1601 401 1633 formam
423 1595 468 1628 ad
483 1593 612 1637 gradus
626 1589 848 1624 functionum
868 1594 901 1620 et
918 1598 1150 1632 personarum
1163 1611 1171 1624 ‚
1198 1590 1237 1617 ut

249 1647 501 1695 aequalitatem
528 1642 655 1677 efficiat
676 1652 750 1673 non
773 1651 913 1679 rerum,
947 1639 1008 1671 sed
1032 1635 1236 1681 proportio-

248 1714 334 1734 num
347 1726 356 1739 ,
383 1704 417 1731 et
434 1696 574 1740 copulet
591 1693 731 1737 gradus.
1204 1736 1212 1742 ⁶

350 1749 400 1783 Ut
417 1748 511 1781 enim
527 1743 723 1778 necessaria
745 1738 997 1785 consequentia
1017 1744 1049 1770 et
1065 1748 1236 1770 connexu)

251 1809 321 1842 est,
349 1801 446 1835 iuxta
465 1797 604 1841 regulas
627 1796 669 1827 de
693 1791 759 1826 hac
778 1788 979 1837 ἀναλογία,
1013 1789 1060 1822 sic
1083 1800 1238 1821 necessa-

251 1855 305 1888 ria
323 1853 472 1885 ducatur
489 1846 661 1882 connexio
680 1851 713 1877 et
729 1840 974 1876 convenientia
991 1840 1164 1884 graduum
1177 1852 1239 1872 seu

251 1903 486 1939 functionum.
538 1899 685 1941 Semper
705 1895 799 1928 valet
816 1891 901 1926 haec
917 1892 1057 1934 regula:
1086 1890 1183 1924 Sicut
1203 1903 1238 1923 se

251 1955 384 1989 habent
403 1952 425 1986 4
443 1953 486 1984 ad
507 1951 552 1985 12
564 1977 572 1989 ‚
599 1949 647 1982 sic
663 1959 697 1980 se
715 1944 845 1979 liabent
864 1944 886 1977 3
903 1944 945 1975 ad
963 1942 997 1975 9.
1038 1941 1134 1985 Ergo
1151 1941 1240 1974 sicut

252 2020 287 2042 se
303 2002 466 2039 habentli
484 2003 523 2033 ad
535 2001 570 2040 3,
598 2000 644 2033 sic
659 1999 704 2032 12
724 1998 767 2030 ad
778 1996 812 2029 9.
866 1994 911 2027 Et
926 2006 1046 2027 rursus
1064 1999 1178 2026 totum
1196 1994 1238 2025 ad

253 2064 367 2092 totum
384 2052 619 2088 necessariam
635 2048 742 2082 babet
760 2045 1016 2080 connexionem
1036 2043 1059 2078 4-
1076 2051 1109 2077 et
1125 2044 1147 2077 3
1159 2071 1167 2083 ‚
1190 2045 1240 2075 vi-

253 2108 380 2143 delicet
405 2106 426 2139 7
455 2105 500 2137 ad
528 2104 574 2137 12
591 2108 625 2135 et
641 2101 683 2140 9,
710 2100 746 2132 id
764 2105 832 2137 est,
860 2097 920 2131 21.
973 2095 1036 2129 Est
1050 2095 1144 2128 enim
1162 2096 1241 2128 sub-

254 2159 359 2204 tripla
378 2154 564 2202 proportio
577 2179 585 2193 ,
612 2152 660 2186 sic
677 2151 741 2184 etsi
756 2148 896 2182 numeri
914 2147 1100 2186 differunt,
1127 2146 1163 2178 id
1180 2154 1241 2186 est,

254 2224 310 2244 res
344 2214 426 2243 sunt
456 2203 731 2241 dissimillimae,
765 2213 822 2233 ars
842 2198 1025 2232 bellatoris
1049 2203 1083 2230 et
1106 2197 1242 2238 literae,

256 2269 376 2295 tamen
400 2264 440 2292 ut
467 2269 501 2291 se
526 2254 658 2289 liabent
679 2251 835 2286 defensio
864 2251 901 2283 in
921 2249 1040 2288 bellis,
1068 2254 1102 2281 et
1118 2249 1243 2292 guber„

256 2313 353 2345 natio
372 2311 409 2343 in
425 2320 530 2353 pace,
555 2307 603 2340 sic
619 2318 654 2339 se
670 2302 802 2337 habent
827 2314 882 2334 ars
906 2299 1088 2334 bellatoris
1112 2306 1146 2332 et
1168 2300 1243 2332 lite-

258 2375 330 2396 rae.
381 2361 475 2403 Ergo
494 2359 583 2392 sicut
599 2370 633 2390 se
649 2354 754 2389 habet
772 2352 928 2387 defensio
946 2352 990 2384 ad
1008 2357 1120 2384 artem
1136 2350 1243 2383 hella-

259 2413 365 2450 toris,
393 2412 440 2444 sic
460 2407 620 2443 sehabet
644 2405 853 2451 gubernatio
878 2404 913 2436 in
935 2415 1020 2447 pace
1046 2403 1088 2434 ad
1114 2402 1243 2436 literas.

259 2464 306 2497 Et
327 2469 439 2496 totum
465 2462 508 2493 ad
533 2466 646 2493 totum
674 2456 781 2490 habet
807 2454 1063 2488 connexionem
1088 2465 1244 2486 necessa-

260 2515 362 2547 riam.
415 2511 601 2549 Del‘ensio,
630 2521 685 2542 ars
704 2507 846 2545 bellica,
874 2518 934 2539 seu
953 2504 1105 2544 Marius,
1135 2511 1167 2536 et
1184 2517 1244 2547 gu-

294 2624 341 2650 46)
360 2622 404 2649 nt]
424 2619 462 2643 sic
481 2618 564 2642 Editt.
582 2616 670 2647 1550.,
693 2615 785 2645 ¹554,
808 2614 883 2639 1557.
902 2616 928 2637 et
951 2613 1041 2644 1560.;
1068 2612 1152 2638 Editt.
1170 2614 1244 2638 15⁴5.

331 2659 358 2680 et
378 2655 452 2679 1546.
471 2654 515 2676 sit.

296 2699 343 2730 47)
363 2696 479 2721 saucivit
499 2691 582 2724 Deus]
608 2693 647 2716 sic
671 2692 754 2729 Editt.
776 2691 866 2721 1550.,
895 2691 988 2722 155⁴„
1015 2690 1088 2717 1⁵57.
1108 2693 1134 2715 et
1154 2691 1246 2721 156o.;

331 2732 414 2757 Editt.
435 2729 509 2754 1545.
529 2730 555 2752 et
580 2727 652 2751 1546.
675 2726 808 2750 saucmut.

506 124 707 163 SCRIPTA
730 123 806 158 PH.
832 121 944 156 MEL.
971 119 1036 154 AD
1062 116 1271 153 ETHICEN
1298 117 1362 152 ET
1389 115 1645 151 POLITICEN
1673 116 1982 152 SPECTANTIA.

2183 120 2258 155 380

1271 202 1435 236 bernatio
1456 203 1493 235 in
1516 214 1622 247 pace,
1657 215 1697 236 ac
1717 203 1861 244 literae,
1887 216 1949 237 seu
1966 202 2101 237 Cicero.
2152 204 2260 238 Prae-

1273 253 1373 297 cipue
1390 266 1475 286 x‘ero
1500 253 1742 287 consideretur
1767 253 1840 295 hic,
1869 255 1963 300 quod
1988 256 2182 288 necessaria
2209 262 2261 289 est

1273 305 1467 344 connexio,
1495 304 1633 337 etiamsi
1658 317 1712 339 res
1736 305 1806 338 sint
1827 306 2094 339 dissimillimae.
2147 305 2260 340 Huius

1275 355 1505 389 connexionis
1544 356 1733 389 necessitas
1768 357 1984 401 conspicitur
2017 357 2054 389 in
2092 356 2263 397 numeris,

1276 407 1370 440 iuxta
1401 406 1540 450 regulas
1573 407 1905 451 consequentiarum
1932 406 2036 442 liuius
2066 407 2264 451 analogiae.

1276 459 1494 491 Obserxetur
1518 457 1601 489 item
1627 457 1820 491 similitudo
1840 459 2128 503 proportionum.
2188 458 2264 491 Etsi

1278 509 1382 553 igitur
1412 508 1614 552 longissime
1646 508 1814 542 differunt
1848 510 2058 554 Apostolus,
2109 516 2265 549 senator,

1278 561 1428 593 bellator
1455 565 1489 592 et
1513 557 1761 599 scholasticus,
1802 566 1920 593 tamen
1947 559 2034 593 haec
2058 561 2177 593 onmia
2204 572 2265 593 ne-

1279 610 1464 645 cessariam
1484 608 1616 643 habent
1635 610 1914 651 connexionem,
1950 618 1983 644 et
1998 613 2087 644 fiunt
2103 611 2265 656 aequalia

1279 675 1351 695 non
1368 662 1493 701 rebus,
1520 663 1579 694 sed
1596 661 1828 694 similitudine
1846 662 2133 706 proportionum.
2174 661 2266 694 Tam

1279 712 1494 746 necessarius
1520 718 1570 745 est
1596 712 1688 745 x‘itae
1713 711 1959 753 scholasticus,
1986 726 2093 758 quam
2123 725 2203 753 rex,
2234 718 2269 746 et

1280 771 1331 798 est
1347 776 1424 809 par,
1451 776 1524 796 non
1542 776 1705 803 numero,
1732 776 1793 797 seu
1811 764 1934 804 rebus,
1959 765 2019 798 sed
2036 763 2268 798 similitudine

1281 814 1537 861 proportionis.

1383 865 1542 911 Quisque
1566 864 1673 909 igitur
1689 877 1753 898 suo
1772 865 1850 898 loco
1875 867 1961 900 sciat
1987 865 2074 899 alios
2097 865 2163 899 sihi
2187 876 2270 898 con·

1281 930 1390 951 nexos
1409 929 1500 957 esse,
1530 923 1563 949 et
1586 929 1688 949 suum
1710 917 1863 949 osticium
1880 917 2005 957 saciat,
2033 923 2066 950 et
2092 928 2270 950 connexos

1282 981 1356 1002 non
1375 967 1564 1012 impediat,
1592 980 1666 999 non
1689 969 1876 1001 conturbet
1898 966 1961 1001 lias
1985 969 2124 1012 regulas
2149 979 2270 1000 conse-

1284 1020 1529 1065 quentiarum,
1571 1030 1644 1051 non
1670 1019 1808 1051 studeat
1833 1017 2078 1066 ζυγομαχεῖν,
2120 1025 2153 1051 et
2178 1016 2271 1051 hane

1283 1070 1371 1103 dixit
1400 1070 1503 1102 Plato
1534 1069 1726 1111 imaginem
1759 1081 1832 1102 esse
1864 1069 1990 1113 optimi
2019 1075 2148 1109 status,
2187 1082 2271 1102 cou-

1284 1127 1466 1165 gruentem
1495 1120 1539 1152 ad
1570 1119 1844 1163 proportionem
1877 1121 2149 1163 geometricam,
2191 1132 2271 1152 cum

1284 1172 1415 1206 scilicet
1446 1170 1563 1214 Scipio
1596 1177 1646 1203 est
1677 1170 1892 1214 imperator,
1940 1170 2082 1204 Laelius
2117 1177 2273 1211 senator,

1286 1224 1373 1256 Cato
1390 1228 1575 1267 quaestor,
1602 1221 1765 1266 Aquilius
1782 1219 1994 1267 praetoff),
2019 1228 2053 1254 et
2075 1234 2197 1255 omnes
2222 1221 2272 1254 ita

1286 1280 1367 1308 sunt
1384 1272 1555 1312 connexi,
1582 1284 1626 1304 ne
1652 1274 1865 1306 conturbent
1887 1273 2144 1306 connexionem
2170 1272 2274 1312 odiis,

1287 1324 1452 1364 dissidiis,
1479 1323 1634 1367 ignavia,
1663 1330 1723 1356 aut
1738 1321 2148 1371 nozvnoayuomivffls).
2183 1323 2274 1357 Cum

1288 1383 1406 1410 autem
1424 1373 1646 1408 arithmetica
1672 1373 1854 1423 ἀναλογία
1876 1375 2127 1420 aequalitatem
2151 1386 2274 1419 proce-

1289 1426 1484 1472 dentem‘st’)
1510 1426 1548 1458 in
1574 1426 1751 1459 inlinitum
1776 1427 1957 1466 ostendat,
1999 1433 2033 1459 et
2055 1426 2204 1471 certam)
2229 1425 2275 1459 sit

1289 1477 1488 1524 progressio
1515 1489 1748 1510 numerorum
1774 1489 1793 1510 a
1817 1484 1912 1510 certo
1928 1477 2051 1517 initio,
2079 1475 2165 1510 haec
2181 1483 2274 1510 recte

1290 1531 1459 1563 attributa
1484 1535 1535 1562 est
1559 1541 1679 1561 rerum
1702 1529 1977 1573 permutationi,
2012 1541 2072 1562 seu
2088 1527 2276 1562 contracti-

1289 1582 1365 1615 bus.
1418 1580 1464 1612 At
1487 1579 1701 1623 geometrica
1720 1587 1882 1613 versatur
1906 1579 1998 1612 inter
2022 1586 2176 1624 quatuor
2201 1591 2275 1611 cer-

1290 1639 1342 1665 tas
1360 1631 1594 1677 quantitates,
1621 1642 1685 1662 nec
1710 1643 1780 1664 una
1805 1631 1923 1676 aliqua
1946 1631 2038 1663 linea
2064 1637 2115 1664 est
2134 1629 2276 1662 initium

1291 1683 1451 1716 omnium
1477 1681 1665 1714 linearum.
1730 1680 1811 1714 Ideo
1838 1679 1923 1714 haec
1947 1681 2108 1724 analogia
2134 1693 2276 1725 geome-

1291 1734 1376 1767 trica
1395 1732 1559 1765 convenit
1575 1732 1681 1765 finitis
1702 1739 1735 1765 et
1757 1732 1858 1765 certis
1882 1732 2047 1776 gradibus
2071 1732 2107 1764 in
2130 1744 2201 1765 una
2224 1743 2279 1764 re-

1291 1784 1451 1830 publica,
1478 1783 1569 1817 utin
1584 1782 1736 1817 Ecclesia
1762 1796 1908 1827 prorsus
1928 1783 2018 1815 nulli
2041 1783 2169 1826 gradus
2196 1787 2280 1816 sunt

1291 1837 1491 1870 'furcorum
1504 1861 1512 1874 ‚
1538 1840 1599 1867 ant
1615 1833 1842 1867 ludaeorum.
1885 1834 2071 1868 Mutantur
2087 1834 2193 1867 etiam
2212 1833 2278 1866 im-

1292 1887 1412 1932 peria,
1439 1886 1649 1918 conturbata
1670 1883 1735 1918 hac
1761 1885 1993 1919 connexione.
2054 1885 2173 1930 Quare
2193 1890 2279 1925 ,tan-

1293 1952 1399 1984 quam
1426 1937 1512 1970 alias
1535 1936 1664 1976 lineas,
1694 1937 1748 1969 vel
1773 1936 2008 1982 quantitates,
2036 1937 2103 1969 alia
2129 1935 2280 1980 imperia

1293 1991 1387 2023 Deus
1405 1988 1553 2021 subinde
1573 1988 1765 2021 constituit.

1397 2039 1437 2072 ln
1459 2041 1527 2072 fme
1547 2037 1651 2072 liuius
1674 2039 1796 2083 capitis
1820 2039 2026 2072 observetur
2047 2037 2208 2077 collatio,
2242 2037 2279 2070 in

1294 2098 1366 2125 tota
1382 2098 1508 2124 natura
1527 2096 1668 2135 oportet
1685 2091 1818 2134 agentis
1842 2096 1876 2123 et
1896 2089 2062 2134 patientis
2085 2089 2279 2134 aequalita-

1295 2150 1363 2176 tem
1386 2143 1565 2188 quandam
1583 2154 1673 2180 esse,
1709 2154 1788 2175 cum
1811 2141 1903 2174 actio
1929 2153 2002 2173 non
2030 2146 2081 2174 est
2106 2138 2277 2183 pernicies

1295 2194 1450 2228 alterius.
1503 2192 1542 2226 ln
1558 2192 1784 2226 calefactione
1802 2191 1960 2236 corporis
1975 2191 2196 2224 manifestum
2216 2196 2279 2230 est,

1296 2245 1487 2278 immodico
1513 2245 1630 2278 calore
1660 2244 1821 2278 consumi
1851 2255 1996 2287 corpus:
2034 2253 2202 2285 magnum
2225 2241 2278 2274 lu-

1297 2309 1377 2329 men
1394 2295 1537 2329 habetat
1554 2296 1673 2330 oculos
1691 2302 1754 2329 etc.
1813 2294 1865 2327 Sit
1886 2294 1992 2337 igitur
2007 2292 2099 2325 inter
2119 2304 2225 2335 agens
2246 2298 2280 2325 et

1296 2348 1432 2393 patiens
1465 2349 1640 2392 quaedam
1675 2346 1881 2392 aequalitas.
1955 2344 2049 2376 Haec
2084 2343 2278 2377 similitudo

1297 2400 1565 2432 accommodata
1607 2399 1651 2431 ad
1686 2398 1889 2431 societatem
1922 2393 2109 2428 hominum
2146 2394 2279 2428 illustre

1331 2491 1363 2520 ’ἢ
1384 2490 1462 2516 Conf.
1483 2495 1566 2520 supra
1584 2496 1608 2520 p.
1626 2489 1685 2514 368.
1703 2489 1768 2512 nota
1782 2488 1806 2511 6.
1820 2493 1860 2517 sq.

1332 2534 1378 2564 48)
1398 2530 1671 2565 πολυπραγμοσύνῃ]
1690 2532 1727 2554 sic
1745 2530 1827 2554 Editt.
1853 2529 1944 2558 1546..
1972 2529 2064 2561 ¹550.,
2091 2528 2180 2560 1554„
2209 2527 2282 2554 ¹557.

1367 2571 1394 2592 et
1415 2569 1504 2598 1560.;
1530 2568 1601 2591 Edit.
1622 2567 1694 2590 1545.
1714 2561 1981 2595 πολυπραγμοσύνη.

1331 2612 1378 2641 49)
1398 2611 1604 2642 procedentem]
1630 2609 1669 2632 sic
1693 2608 1776 2631 Editt.
1798 2607 1888 2638 155⁰„
1917 2607 2008 2636 155⁴„
2042 2606 2115 2630 ¹557.
2141 2609 2167 2630 et
2189 2605 2280 2634 1560.;

1367 2647 1452 2670 Editt.
1470 2646 1544 2669 ¹545.
1563 2647 1590 2668 et
1611 2643 1682 2667 1546.
1704 2644 1859 2672 vagantem.

1332 2690 1381 2714 50)
1401 2690 1490 2717 certa]
1516 2688 1556 2711 sic
1580 2686 1663 2711 Editt.
1688 2685 1779 2715 1545„
1813 2685 1886 2708 ¹546.
1913 2687 1939 2707 et
1967 2683 2057 2713 1550.;

1369 2724 1443 2749 1⁵57.
1463 2725 1489 2746 et
1510 2722 1583 2746 1560.
1602 2724 1686 2745 certe.

2095 2683 2174 2707 Editt.
2196 2683 2280 2713 1554.‚
