2347 3000
232 120 328 157 1115

332 205 361 249 3.
381 205 441 241 27.
477 208 563 239 Num
591 207 627 238 1³.
653 204 798 246 Clodius]
833 202 1036 242 Transitio,
1065 213 1134 247 qua
1162 213 1215 234 re-

228 259 380 303 spondet
404 256 660 290 Clodianorum
685 253 916 287 contentioni.
995 253 1120 296 Baius]
1153 252 1217 285 sci-

230 310 309 341 licet
325 308 463 342 balnea.
543 305 720 349 Renum-n]
746 304 878 337 seilicet
902 303 963 349 qui
986 303 1060 337 istis
1084 303 1218 336 deliciis

232 372 313 393 usus
331 359 386 392 sit.

333 410 419 453 Cap.
443 406 515 440 Xll.
550 404 578 449 3.
603 406 663 441 28.
699 403 911 452 Gusrassem]
941 404 974 437 id
1001 411 1070 444 est,
1103 403 1220 436 brevi-

232 468 283 494 ter
300 461 506 503 attigissent.
586 459 699 491 Datur
720 458 824 500 euim]
849 455 1014 489 Excurrit
1040 455 1074 488 in
1101 456 1218 488 locum

231 522 455 545 communem
483 510 525 541 (le
550 507 808 540 adolescentiae
832 507 993 546 licentia,
1027 518 1098 551 quo
1124 506 1217 538 viam

231 563 296 597 sibi
327 563 370 594 ad
401 560 575 606 reliquam
615 559 856 592 defensionem
889 558 1047 597 muniat,
1097 563 1218 602 estque

229 610 462 658 κρινόμενον.
532 611 623 644 Nam
657 609 686 643 si
716 609 970 653 indulgendum
1004 614 1055 641 est
1084 608 1217 653 aliquid

229 662 508 700 adolescentiae,
553 660 638 693 vitio
668 660 756 693 xerti
783 673 854 692 non
883 661 987 692 debet
1015 659 1156 699 (laelio,
1190 658 1219 691 si

230 715 373 760 «plaudo
394 712 538 746 liberius
556 711 694 745 xixerit.
773 712 917 755 Abduci]
948 711 981 744 id
998 717 1060 749 est,
1089 709 1218 742 abalie-

230 778 320 799 nari.

330 814 361 859 3.
378 815 438 848 30.
466 816 543 848 Non
563 814 692 857 recuso]
721 812 931 857 Principalis
955 812 1165 856 propositio.

334 866 420 910 Cap.
447 864 534 898 Xlll.
570 863 599 908 3.
625 865 684 898 30.
727 867 858 898 Aurum
889 864 1070 906 sumptum]
1106 862 1219 908 Syllo-

231 919 362 962 gismus
377 914 627 962 hypotheticus
644 921 711 954 est,
740 916 768 949 si
787 914 925 948 Caelius
946 914 1130 947 familiaris
1154 913 1219 946 suit

232 969 398 1008 Clodiae,
442 980 568 1000 aurum
596 967 743 1010 recepit:
784 978 867 1009 ergo
901 978 1076 998 xenenum
1104 965 1217 1002 dedit;

229 1021 283 1054 siu
301 1032 385 1054 vero
404 1018 589 1052 familiaris
604 1030 677 1050 nou
694 1017 778 1050 suit:
807 1029 890 1059 ergo
917 1029 1043 1049 aurmn
1066 1028 1140 1048 non
1164 1027 1218 1048 re-

231 1071 325 1116 cipit.

333 1119 362 1164 3.
382 1120 441 1154 31.
469 1120 667 1153 Maximum
681 1117 786 1162 video]
803 1117 929 1161 Signa,
958 1116 1084 1162 qulbus
1099 1117 1217 1150 locum

229 1175 270 1206 de
290 1184 377 1205 auro
399 1171 567 1203 confutat.

336 1221 366 1267 3.
384 1222 443 1257 32.
473 1223 563 1262 Quae
577 1221 622 1265 si]
649 1219 838 1253 Dilemma.

229 1275 285 1319 ea]
313 1274 451 1308 Salsum
474 1270 542 1304 hoc
569 1277 629 1304 cst.

333 1324 418 1369 Cap.
434 1322 524 1357 XIV.
553 1322 582 1367 3.
601 1322 661 1355 33.
697 1323 786 1362 Quid
808 1332 881 1354 cnm
902 1321 1048 1364 homine]
1076 1320 1217 1353 Sermo-

229 1376 360 1410 einatio
374 1402 382 1415 ,
411 1388 479 1420 qua
496 1375 625 1418 probat
641 1385 742 1406 suum
762 1372 927 1404 dilemma
944 1372 986 1404 de
1005 1371 1140 1404 Clodia.

330 1425 360 1470 3.
376 1425 436 1460 34.
460 1428 547 1467 Quid
564 1424 763 1469 iye'lnrsuH]
791 1422 991 1456 Conclusio.
1043 1425 1163 1456 [Vomze

228 1476 277 1525 te]
306 1477 473 1511 versatus
491 1483 541 1510 est
558 1474 724 1508 hactenus
747 1475 783 1506 in
806 1475 909 1507 rebus
934 1473 1157 1506 brevioribus
1185 1479 1218 1505 et

228 1529 420 1562 levioribus
451 1534 485 1560 et
520 1526 730 1560 habentibus
762 1525 879 1558 minus
913 1531 1218 1568 argumentorum,

230 1587 373 1624 excepto
395 1580 455 1611 illo
474 1579 552 1611 loco
570 1579 612 1611 de
629 1577 794 1610 societate
808 1576 998 1616 Catilinae,
1026 1588 1120 1608 nunc
1134 1575 1218 1608 facit

229 1629 522 1675 prosopopoeias.
618 1630 787 1671 Imuye‘ues
823 1624 956 1672 viriles]
1000 1624 1110 1659 Schilt
1143 1627 1216 1659 und

230 1682 351 1721 Helm,
381 1692 597 1726 quamquam
620 1677 797 1711 habebant
812 1684 944 1710 statuas
963 1677 1149 1710 illustrium
1167 1676 1217 1708 vi-

230 1745 364 1766 rorum.
469 1728 670 1776 Proyem’es]
710 1729 798 1762 solte
820 1729 869 1762 sie
895 1725 992 1760 nicht
1016 1740 1061 1760 an
1086 1729 1216 1760 andere

230 1783 380 1817 XVeibcr
404 1783 619 1825 gedenclxen.
699 1777 895 1826 Aenndum]
931 1779 1059 1822 folgen.
1112 1779 1217 1811 Redit

231 1835 276 1868 ad
292 1834 463 1877 exempla.
507 1833 617 1865 Filius
634 1832 735 1864 debet
753 1830 924 1863 aemulari
942 1836 1125 1874 paternam
1143 1831 1217 1862 lan-

230 1888 322 1919 dem.
408 1885 548 1918 Vestalis
567 1881 724 1930 Claudia]
742 1881 830 1914 Vide
843 1881 1011 1914 Ovidium
1031 1881 1063 1914 4.
1073 1880 1216 1925 Ἑειεῐ.“·“5)

229 1939 271 1970 de
289 1934 437 1970 historia
449 1935 618 1968 Claudiae
630 1960 638 1973 ,
666 1945 756 1979 quae
774 1945 899 1965 navem
912 1932 1057 1976 Cybeles
1074 1933 1117 1964 ad
1135 1943 1218 1976 por-

230 1995 305 2021 tum
333 1986 488 2020 deduxit.
556 1985 714 2018 Vestales
742 1984 884 2017 suerunt
908 1984 1081 2022 Romen,
1121 1980 1218 2015 nicht

230 2039 299 2071 wie
323 2049 470 2076 unsere,
504 2037 563 2069 sed
588 2042 725 2068 tantum
753 2041 958 2068 manserunt
984 2035 1018 2066 in
1042 2040 1218 2067 monaste-

230 2089 284 2122 rio
313 2100 423 2134 usque
452 2087 494 2120 ad
523 2087 743 2130 trigesimum
761 2097 913 2125 annum,
942 2093 975 2118 et
997 2086 1062 2118 fuit
1085 2085 1131 2117 ita
1156 2086 1217 2117 do-

230 2140 373 2174 mestica
398 2139 571 2184 quaedam
598 2137 794 2181 disciplina.
856 2137 911 2169 Ad
930 2135 1115 2170 historiam
1133 2137 1218 2169 allu-

231 2191 283 2224 dit
308 2189 364 2224 bic
390 2189 532 2229 Cicero,
579 2202 685 2234 quam
709 2187 873 2221 describit
897 2194 929 2221 et
955 2187 1076 2220 Livius
1108 2187 1166 2220 lib.
1184 2186 1218 2220 9.

231 2241 373 2276 secundi
390 2241 473 2274 belli
490 2240 617 2273 Punici
634 2241 675 2272 de
687 2239 956 2284 Q.Claudia‘³⁰).
1035 2239 1218 2282 Fraterna]

231 2294 431 2337 Significat,
458 2292 553 2336 quod
569 2292 676 2323 frater
693 2303 772 2323 cum
790 2302 828 2322 ea
847 2288 976 2323 babeat
997 2290 1219 2323 consuetudi-

230 2357 332 2384 nem,
376 2343 412 2375 id
446 2343 543 2387 quod
572 2354 675 2386 saepe
702 2342 752 2374 illi
774 2341 895 2374 obiicit
919 2341 954 2373 in
987 2340 1219 2374 orationibus.

232 2393 380 2441 Pyrrhi]
408 2393 600 2437 Peregrina
624 2390 730 2438 πάθη
753 2404 772 2425 a
798 2393 902 2426 rebus
920 2393 1022 2436 gestis
1041 2392 1217 2425 maiorum

234 2446 370 2491 Cyneas
392 2445 525 2488 legatus
550 2456 567 2477 a
593 2442 733 2489 Pyrrho
758 2445 800 2477 ad
828 2450 987 2477 senatum
1011 2443 1136 2477 missus
1160 2455 1219 2487 pe-

233 2497 306 2536 tiit,
350 2502 388 2529 ut
413 2496 680 2540 componendae
709 2495 802 2539 pacis
824 2506 926 2529 causa
950 2507 1010 2528 rex
1034 2495 1071 2527 in
1094 2495 1217 2528 urbem

916 1221 1124 1252 Praesertim
1145 1231 1218 1252 cum

1171 1421 1217 1467 Ἡ)

269 2613 317 2640 24)
337 2611 453 2638 Nonne]
475 2610 515 2633 sic
533 2610 581 2634 Ed.
596 2610 669 2634 1568.
691 2611 717 2633 et
736 2610 788 2640 at.;
813 2610 861 2634 Ed.
882 2611 968 2635 Oretl.
985 2617 1050 2636 nun.

271 2664 319 2692 25)
339 2662 418 2687 Ovid.
437 2661 513 2686 Fast.
534 2662 582 2691 lv,
602 2662 652 2686 343
665 2668 722 2693 sqq,

272 2715 320 2743 26)
340 2713 402 2737 vid.
422 2712 481 2736 Liv.
501 2712 605 2740 xxm,
626 2713 665 2736 14.

802 116 923 151 PHIL.
959 116 1070 151 MEL.
1107 113 1306 149 SCRIPTA

1346 111 1679 150 PHILOLOGICA.
2162 121 2180 154 1
2189 121 2259 155 116

1270 200 1505 245 reciperetur,
1533 202 1576 234 de
1595 213 1663 247 qua
1681 214 1719 235 re
1738 214 1815 236 cum
1836 204 1877 236 ad
1905 203 2182 249 frequentiorem
2204 218 2255 240 se-

1270 258 1393 284 natum
1416 252 1538 284 referri
1561 253 1768 296 placuisset,
1805 254 1942 298 Appius
1969 255 2155 296 Claudius,
2196 258 2256 302 qui

1271 308 1417 346 propter
1432 302 1704 336 invalitudinem
1722 304 1906 338 oculorum
1927 306 1996 338 iam
2016 306 2076 339 diu
2099 318 2119 339 a
2144 307 2258 341 consi-

1271 353 1325 386 liis
1345 353 1493 397 publicis
1510 354 1747 394 abstinuerat,
1775 355 1871 389 venit
1894 357 1930 389 in
1948 357 2102 397 curiam,
2130 363 2165 390 et
2180 369 2259 391 sen-

1272 404 1380 437 tentia
1400 416 1462 437 sua
1480 405 1610 445 tenuit,
1637 411 1675 438 ut
1695 405 1728 438 id
1748 405 1888 451 Pyrrho
1905 407 2160 455 negareturffi).
2206 407 2257 441 Ita

1271 461 1392 499 postea
1414 455 1565 499 turpiter
1580 456 1699 500 pulsus
1719 468 1759 489 ex
1774 456 1871 490 Italia
1889 459 2110 504 (liscessit‘·'⁸).
2176 461 2259 493 Foe-

1270 503 1371 552 dera]
1400 505 1525 546 idest,
1551 513 1590 539 ut
1603 507 1734 540 faceres
1755 508 1896 541 foedera
1923 522 2001 542 cum
2026 509 2256 543 amatoribus.

1270 555 1432 604 Addua-i]
1461 558 1576 600 gefiirt
1592 559 1663 591 und
1682 558 1806 602 gelegt.
1870 558 2017 606 lna-este]
2043 558 2258 594 sebendlich.

1271 606 1425 640 Incestus
1443 614 1494 640 est
1510 609 1715 642 concubitus
1732 616 1854 642 contra
1873 616 2038 642 naturam
2050 637 2058 650 ‚
2087 612 2129 643 ab
2145 614 2193 651 in,
2221 610 2257 643 id

1272 664 1333 697 est,
1356 670 1441 698 non,
1464 664 1497 691 et
1514 665 1632 700 cestus,
1658 661 1752 706 quod
1769 660 1940 703 signifieat
1957 660 2259 703 ‹tiugulumVene-

1270 709 1330 749 riS,
1349 722 1419 754 quo
1432 709 1620 753 cingebant
1636 723 1671 744 se
1687 710 1914 757 sponsae²³a),
1934 712 2033 756 quasi
2047 712 2154 745 dIcat:
2184 711 2258 745 sine

1271 766 1379 793 casto.
1447 760 1568 795 Cestus
1595 761 1688 794 enim
1716 762 1889 805 signifieat
1911 762 2083 805 legitimas
2104 763 2257 807 nuptias.

1270 809 1353 844 lude
1374 810 1543 851 incestus,
1576 813 1670 857 quod
1700 814 1736 845 fit
1759 819 1880 845 contra
1906 812 2080 855 legitimas
2104 813 2258 857 nuptias,

1271 868 1393 894 contra
1418 868 1594 896 naturam.
1684 862 1799 910 Viam]
1833 864 1927 897 unde
1951 863 2041 896 dicta
2068 870 2119 897 est
2140 864 2258 908 Appia

1271 912 1347 953 via,
1375 913 1469 945 deun
1487 925 1524 946 er
1542 911 1604 946 bat
1630 913 1697 946 viel
1721 916 1902 957 gebawet,
1938 916 2010 947 und
2032 916 2161 948 claraus
2185 915 2258 947 kan

1271 976 1354 996 man
1370 964 1557 1004 mereken,
1583 965 1647 998 das
1665 977 1699 998 es
1718 964 1899 998 dreckiebt
1915 978 1974 1010 sey
1991 966 2074 998 umb
2091 965 2184 998 Rom
2202 977 2258 1009 ge-

1271 1027 1389 1048 wesen
1403 1041 1411 1054 ,
1440 1016 1533 1047 deun
1554 1027 1588 1047 es
1607 1015 1685 1048 sind
1705 1015 1771 1047 viel
1791 1016 1896 1059 berge
1914 1014 2063 1049 herumb
2081 1028 2258 1059 gewesen,

1273 1067 1345 1098 uml
1363 1063 1612 1109 gemeiniglich
1630 1065 1673 1099 ist
1691 1078 1725 1100 es
1744 1066 1780 1098 in
1804 1067 1883 1099 dem
1901 1064 1994 1098 Tbal
2017 1067 2093 1099 ticsf
2115 1068 2171 1100 fiir
2186 1066 2258 1099 Kot

1271 1128 1446 1160 gewesen.

1374 1168 1458 1211 Cap.
1482 1167 1556 1201 XV.
1592 1165 1621 1211 ξ.
1646 1165 1706 1201 85.
1747 1165 1908 1213 Grarem]
1948 1167 2077 1200 scilicet
2100 1166 2257 1211 Appium

1272 1217 1472 1251 Claudium.
1551 1221 1724 1253 Grave'tute
1747 1219 1914 1262 censma'u]
1950 1218 2120 1251 Censores
2144 1225 2257 1258 erant,

1271 1269 1332 1314 qui
1376 1267 1554 1302 habebant
1595 1269 1732 1303 tabulas
1773 1269 1950 1302 censorias
1966 1295 1975 1309 ,
2037 1266 2257 1313 Reiclisregi-

1271 1326 1360 1359 ster,
1384 1320 1519 1353 tabulas
1538 1320 1735 1360 redituum,
1763 1326 2022 1363 proventuum,
2048 1320 2257 1353 facultatum

1272 1370 1432 1404 omnium
1453 1371 1581 1403 civium
1595 1398 1604 1411 ,
1632 1377 1665 1404 et
1684 1371 1744 1416 qui
1761 1371 2021 1414 cognoscebant
2037 1372 2078 1404 de
2099 1371 2258 1404 moribus

1271 1422 1414 1456 civium.
1465 1422 1668 1455 Puniebant
1685 1429 1802 1455 autem
1821 1422 1946 1454 delicta
1964 1421 2118 1462 leviora,
2143 1428 2201 1461 ut,
2228 1421 2257 1455 si

1272 1473 1408 1506 iuvenis
1431 1485 1505 1505 non
1532 1473 1776 1506 assurrexisset
1801 1473 1953 1512 seui01·I‚
1986 1479 2049 1506 etc.
2135 1474 2256 1506 Disce-

1267 1522 1475 1571 pastoribus]
1504 1522 1571 1557 hoc
1593 1531 1661 1565 est,
1690 1524 1863 1557 iudicibus
1887 1523 2089 1557 ordinariis.
2167 1525 2255 1556 Pro-

1270 1575 1441 1618 baiurum]
1469 1573 1525 1608 ich
1542 1575 1604 1608 wil
1622 1588 1656 1609 es
1675 1576 1747 1608 also
1766 1573 1965 1608 ausrichteu
1978 1601 1986 1614 ,
2022 1576 2083 1607 das
2109 1574 2157 1607 du
2181 1575 2256 1607 und

1271 1626 1327 1659 eiu
1361 1623 1528 1669 jeglicher
1561 1627 1665 1659 einen
1701 1627 1848 1669 gefallcn
1884 1627 1996 1658 daran
2027 1624 2143 1658 haben
2177 1624 2256 1658 solt.

1270 1675 1419 1722 Mulier]
1439 1677 1567 1709 scilicet
1581 1677 1694 1721 Appia
1714 1677 1873 1709 Claudia.
1952 1679 2088 1720 Loquar
2098 1672 2170 1721 ²⁹)]
2188 1674 2256 1707 Re-

1271 1728 1321 1760 dit
1345 1728 1387 1759 ad
1412 1727 1590 1761 dilemma.
1692 1729 1782 1768 Quae
1805 1724 1951 1773 moliris]
1982 1726 2036 1758 Ex
2058 1726 2125 1759 illis
2147 1725 2255 1769 signis

1271 1779 1346 1811 vult
1369 1778 1630 1821 argumentari,
1664 1778 1693 1811 si
1716 1779 1773 1810 ille
1800 1785 1914 1811 tecum
1941 1776 2150 1816 concubuit,
2181 1787 2255 1809 non

1271 1835 1332 1868 est,
1352 1830 1447 1873 quod
1465 1842 1543 1861 cum
1563 1842 1604 1862 co
1622 1829 1832 1873 expostulas.
1912 1825 2087 1874 Convivia]
2104 1827 2256 1860 bancke-

1271 1880 1373 1913 tiren.
1452 1877 1646 1926 Effrenaicc]
1667 1892 1728 1913 aus
1749 1879 1857 1913 Zorn.
1934 1881 2004 1912 Aut
2019 1876 2148 1924 diluas]
2166 1877 2257 1911 Acu-

1272 1937 1345 1964 tum
1373 1930 1552 1964 dilemma.
1619 1929 1666 1963 lst
1690 1943 1724 1964 es
1744 1928 1865 1970 sache,
1898 1930 1959 1963 das
1983 1930 2030 1962 du
2055 1928 2154 1968 wilt,
2195 1929 2256 1962 das

1271 1994 1355 2014 man
1387 1982 1442 2013 dir
1469 1982 1618 2025 gleuben
1647 1981 1716 2021 sol,
1758 1994 1795 2015 so
1827 1987 1945 2014 mustu
1967 1980 2073 2013 selbst
2094 1979 2149 2012 die
2171 1979 2256 2023 ding

1271 2034 1510 2072 umbstossen‚
1538 2033 1593 2065 die
1612 2032 1660 2066 sie
1677 2030 1749 2065 ihm
1765 2030 1877 2066 sclmlt
1895 2032 2020 2075 gabon.

1375 2082 1404 2127 3.
1430 2083 1489 2117 36.
1531 2081 1650 2130 Illum]
1689 2083 1820 2116 scilicet
1846 2083 2001 2127 Appium
2031 2081 2182 2114 Caecum
2198 2079 2255 2127 ³⁰).

1273 2133 1419 2181 Genera]
1444 2135 1481 2166 in
1497 2134 1565 2166 den
1580 2133 1720 2168 sacben.
1797 2136 1862 2175 Qui
1879 2140 1910 2167 te
1924 2131 2034 2180 amat]
2064 2132 2108 2166 ist
2123 2131 2180 2165 ein
2195 2143 2256 2175 gu—

1273 2193 1324 2218 ter
1341 2185 1566 2218 bancketirer
1581 2187 1652 2218 und
1675 2185 1778 2229 gesell
1797 2196 1970 2227 geweseu.
2024 2182 2256 2216 Amarulenta

1272 2243 1353 2270 sunt
1377 2234 1474 2270 haec.
1567 2234 1847 2283 Pepzderent³¹)]
1883 2235 2070 2279 legendum
2094 2240 2159 2267 est:
2196 2245 2257 2277 pe-

1272 2287 1505 2332 pulerunt32).
1593 2285 1721 2334 copiis]
1757 2287 1888 2320 scilicet
1921 2285 2082 2330 pecunia.
2134 2284 2255 2317 Merae

1306 2389 1354 2417 27)
1375 2388 1438 2412 Vid.
1459 2387 1595 2412 Plutarch.
1616 2387 1717 2418 Pyrrh.
1737 2393 1758 2410 c.
1775 2387 1816 2411 18.
1837 2386 1876 2410 19.

1307 2432 1354 2459 26)
1375 2431 1439 2455 lbid.
1459 2437 1481 2454 c.
1495 2431 1538 2454 21.
1555 2430 1599 2454 22.

1306 2475 1372 2502 28³)
1393 2474 1526 2504 sponsae]
1546 2473 1594 2497 Ed.
1611 2472 1684 2496 ¹568.
1706 2477 1800 2496 errore
1818 2472 1943 2501 typogr.:
1971 2469 2089 2500 sponsis.

1305 2518 1352 2545 29)
1372 2517 1504 2548 Loquar]
1524 2515 1563 2539 sic
1582 2515 1629 2539 Ed.
1648 2516 1739 2545 1568.;
1764 2514 1813 2539 Ed.
1833 2513 1918 2538 Orell.
1938 2513 2048 2544 loquor.

1306 2561 1354 2588 30)
1373 2560 1475 2591 Appius
1490 2559 1620 2583 Claudius
1637 2559 1741 2583 Caecus
1761 2558 1825 2587 ille,
1844 2556 1888 2587 qui
1907 2561 1999 2587 pacem
2020 2555 2121 2587 Pyrrhi
2139 2554 2256 2580 diremit.

1306 2603 1557 2660 31)51⁶¹8epulerent]
1582 2602 1649 2625 hauc
1674 2601 1788 2625 formam
1812 2600 1967 2629 corruptam
1991 2600 2015 2623 h.
2034 2600 2052 2624 1.
2077 2599 2182 2623 exhibet
2207 2599 2256 2623 Ed.

1342 2639 1353 2661 1
1410 2654 1417 2661 .

1306 2680 1355 2707 32)
1374 2679 1548 2709 pepulerunt]
1569 2678 1637 2701 hanc
1655 2677 1812 2705 lectionem,
1844 2682 1924 2706 quam
1941 2676 1990 2700 Ed.
2010 2676 2093 2701 orell.
2117 2678 2144 2700 et
2168 2676 2264 2706 pluri-.

1343 2719 1403 2738 mae
1421 2714 1492 2737 aliae
1510 2712 1593 2737 Editt.
1612 2712 1726 2743 habent,
1746 2711 1802 2741 ipse
1821 2711 1970 2741 adscripsi,
1996 2717 2054 2735 cum
2073 2710 2100 2735 in
2118 2710 2166 2735 Ed.
2183 2711 2256 2735 1568.
