2347 3000
249 147 296 182 67

348 233 463 265 Porro
482 230 587 266 babet
603 246 705 267 usum
732 234 981 267 connnutativa
1001 234 1072 266 tion
1093 239 1229 265 tantum

250 283 287 316 in
305 284 559 323 contractibus,
587 286 644 318 sed
668 285 701 317 in
728 285 824 317 omni
849 285 938 324 xita,
967 286 1167 329 ubicunque
1194 285 1231 317 fit

249 346 369 368 rerum
393 335 590 368 aestimatio
613 349 673 369 seu
691 336 951 379 compensatio,
980 343 1018 368 ut
1037 335 1071 367 in
1097 335 1231 379 poenis,

249 398 322 418 non
339 386 452 419 solum
470 386 528 419 ubi
547 388 715 420 damnum
735 393 768 419 et
786 388 938 425 lucrum,
966 388 1024 420 sed
1046 386 1151 420 etiam
1170 386 1231 419 ubi

250 437 415 470 delictum
431 444 464 469 et
482 450 594 481 poena
611 438 861 476 aestimanu1r,
888 443 926 470 ut
946 437 979 470 in
997 450 1110 482 poena
1130 438 1231 470 talio-

250 487 323 528 nis,
358 486 589 521 homicidium
614 502 696 521 nece
725 488 888 531 punitur,
923 489 1012 522 sicut.
1039 495 1073 522 et
1095 495 1229 521 caetera

249 539 349 582 paria
374 540 518 580 delicta,
545 540 596 573 xis
619 539 774 583 publica,
808 539 959 583 impetus
981 547 1231 583 grassatorum.

249 590 372 635 Neque
409 591 486 622 ideo
524 591 770 623 arbitrandum
807 597 858 627 est
885 604 1067 636 nunquam
1097 591 1229 623 consuli

249 641 507 674 Geometricznn
525 642 794 684 proportionem
821 654 839 674 a
868 641 979 675 iudice
997 649 1058 675 aut
1075 641 1231 683 negotia-

249 692 395 724 toribus.
423 691 498 723 lmo
516 689 601 723 baec
618 705 760 737 quoque
777 690 965 727 adhibetur
981 694 1015 725 in
1033 693 1231 731 consilium,

250 743 286 775 in
321 742 508 775 collatione,
540 743 904 783 circumstantiarum,
949 746 1005 778 sed
1040 750 1229 788 antequam

248 799 393 826 rentum
424 800 475 826 est
508 793 543 825 in
571 795 697 827 iudicia
725 801 785 827 aut
810 796 943 828 sorum:
978 801 1168 840 antequam
1195 795 1231 827 s1t

248 844 394 888 emptio,
411 851 551 888 oportet
570 846 797 879 constitutum
816 858 899 885 esse,
921 859 1010 891 quae
1029 846 1100 879 sint
1119 846 1229 889 pretia

247 895 371 929 talium
386 908 522 928 rerum:
542 903 733 942 antequam
751 897 854 930 iudex
868 897 971 941 punit
987 898 1111 936 furem,
1126 909 1231 941 opor-

246 952 296 979 tet
313 953 430 979 extare
446 947 556 990 legem
576 949 616 980 de
635 961 746 992 poena
766 948 870 987 furti,
899 949 1055 981 sedante
1074 948 1231 981 collatio-

245 1010 307 1031 nes
332 998 674 1032 circumstantiamnn
701 1000 738 1031 iit
761 999 909 1042 simplex
936 1011 1055 1032 rerum
1081 999 1173 1032 inter
1195 1012 1230 1033 se

246 1049 464 1089 aestimatio,
492 1056 530 1082 ut
547 1050 660 1083 caedis
680 1056 711 1082 et
731 1062 864 1093 poenae
883 1051 1063 1094 capitalis,
1091 1051 1174 1084 surti
1199 1057 1232 1084 et

244 1100 489 1139 restitutionis,
511 1113 588 1133 cum
607 1114 719 1144 poena
741 1101 857 1146 aliqua
877 1102 1093 1145 pecuniaria,
1107 1115 1229 1135 verum

244 1158 366 1194 postea
391 1163 456 1195 pro
480 1151 682 1185 dix'ersitate
712 1151 1078 1193 cireunistantiarum,
1114 1154 1231 1186 natio-

242 1214 350 1242 num,
378 1208 591 1246 temporum,
619 1215 755 1247 poenae
775 1204 969 1238 atrociores
991 1211 1052 1238 aut
1071 1205 1231 1238 mitiores

243 1253 516 1288 constituuntur.

412 1338 509 1380 Quid
530 1342 587 1373 est
612 1337 854 1374 distributiva
879 1337 1060 1374 iustitia?

341 1404 405 1439 Est
427 1418 660 1450 personarum
687 1407 867 1440 ordinatio
892 1408 928 1439 in
954 1406 1052 1440 omni
1080 1406 1150 1440 vita
1167 1419 1230 1451 pu-

240 1455 329 1489 blica
347 1463 380 1489 et
394 1457 545 1501 privata,
560 1458 654 1491 iuxta
672 1458 943 1502 proportionem
955 1458 1230 1498 Geometricam,

240 1507 403 1540 videlicet
435 1521 504 1553 qua
533 1509 661 1551 gradus
700 1509 898 1542 officiorum
929 1516 962 1542 et
995 1522 1229 1553 personarum

241 1559 522 1599 constituuntur,
550 1566 583 1592 et
604 1559 740 1593 idoneis
760 1567 862 1604 aptae
878 1560 923 1605 91)
947 1561 1145 1594 functiones
1169 1561 1229 1594 tri-

239 1611 419 1650 buuntur,
452 1616 490 1643 ut
514 1623 672 1644 summus
696 1613 825 1655 gradus
852 1612 889 1644 in
914 1612 1068 1645 Ecclesia
1097 1619 1147 1646 est
1173 1625 1229 1645 ex-

240 1661 401 1706 plicatio,
430 1667 464 1694 et
485 1661 691 1695 diiudicatio
716 1663 910 1697 doctrinae.
964 1663 1144 1697 Secundus
1169 1665 1228 1696 ad-

239 1712 455 1746 ministratio
486 1713 712 1747 iudiciorum.
792 1714 934 1748 Tertius
965 1714 1226 1748 administratio

239 1763 534 1798 ceremoniarum.
574 1763 717 1798 Infimus
732 1766 936 1809 procuratio
953 1767 1144 1806 redituum,
1173 1779 1228 1799 ae-

239 1814 494 1854 dificationum,
524 1816 842 1861 eleemosynarum.
897 1818 1129 1862 Quaerendae
1146 1824 1228 1851 sunt

238 1866 347 1910 igitur
363 1878 535 1910 personae
553 1874 654 1912 aptae
674 1868 819 1911 singulis
837 1869 1022 1912 generibus
1039 1870 1080 1901 ad
1099 1869 1228 1901 diiudi-

238 1917 413 1950 cationem
430 1918 648 1961 dogmatum,
664 1920 869 1962 deligendus
885 1926 935 1952 est
951 1920 1005 1952 vir
1023 1920 1225 1966 caeteros9‘2)

238 1968 419 2009 doctrina,
447 1969 576 2012 pietate
594 1977 627 2003 et
645 1971 832 2014 prudentia
849 1971 1079 2011 antecellens,
1116 1971 1152 2004 in
1172 1984 1225 2004 re-

238 2019 344 2064 liquis
361 2032 434 2052 non
450 2020 644 2065 requiritur
660 2028 755 2054 tanta
773 2022 946 2055 doctrina.
998 2021 1037 2054 In
1058 2034 1225 2067 procura-

239 2071 336 2104 tione
367 2070 546 2104 redituum
570 2072 653 2105 satis
675 2079 722 2105 est
750 2085 822 2106 esse.
848 2073 1051 2116 diligentem
1075 2086 1225 2107 oecono-

237 2135 334 2154 mum
348 2149 357 2161 ,
392 2122 551 2155 doctrina
573 2136 646 2156 non
663 2125 855 2157 admodum
873 2125 1080 2170 requiritur.
1135 2125 1222 2159 Cum

237 2170 322 2205 llaec
337 2174 524 2217 proportio
544 2175 770 2215 observatur,
800 2175 886 2209 iusta
907 2182 957 2209 est
985 2176 1164 2209 ordinatio
1191 2183 1224 2209 et

238 2222 424 2257 harmonia
458 2225 621 2259 salutaris
649 2225 841 2259 Ecclesiae:
884 2228 941 2260 sed
969 2239 1046 2260 cum
1085 2240 1222 2261 summa

239 2276 409 2309 autoritas
433 2276 652 2309 diiudicandi
680 2278 845 2320 dogmata
878 2278 1046 2311 tribuitur
1079 2279 1222 2312 indocto

239 2333 273 2359 et
299 2327 407 2371 impio
432 2328 610 2371 pontifici,
640 2329 700 2374 qui
726 2330 921 2362 contemnit
949 2329 1117 2363 iudicium
1144 2330 1222 2370 Dei,

240 2383 290 2416 et,
316 2385 355 2411 ut
371 2379 595 2423 tyrannidem
611 2392 710 2412 suam
727 2380 900 2421 stabiliat,
924 2382 1079 2414 defendit
1096 2381 1222 2425 impias

240 2428 436 2471 opiniones,
455 2436 487 2462 et
503 2431 703 2465 detruditur
719 2431 774 2465 vir
789 2433 911 2466 doctus
929 2439 962 2465 et
978 2433 1067 2476 pius,
1096 2433 1221 2476 dignus

242 2480 358 2523 priore
376 2481 451 2512 loco
469 2482 513 2512 ad
531 2481 704 2523 infimum,
732 2484 775 2515 ad
794 2496 898 2529 quem
917 2484 1064 2518 sortasse
1080 2496 1153 2517 non
1171 2490 1221 2517 est

239 2531 402 2570 idonens,
448 2533 675 2566 confunditur
703 2540 776 2567 tota
812 2533 1000 2568 harmonia
1033 2535 1219 2569 Ecclesiae.

273 2696 319 2723 91)
339 2697 433 2726 aptae]
454 2696 493 2720 sie
512 2697 560 2721 Ed.
583 2698 672 2727 1546.;
692 2699 740 2722 Ed.
764 2700 834 2724 1540.
855 2702 925 2731 apte.

273 2746 320 2775 92)
339 2748 480 2776 caeteros]
500 2748 539 2772 sic
557 2748 605 2774 Ed.
627 2749 718 2781 1546.;
740 2751 788 2774 Ed.
812 2752 883 2776 1540.
904 2751 1028 2776 caeteris.

517 146 717 181 SCRIPTA
744 146 817 182 PH.
845 147 881 181 M
889 147 955 183 EL.
982 147 1047 182 AD
1074 145 1280 182 ETHICEN
1307 147 1371 183 ET
1398 147 1654 185 POLITICEN
1682 147 1993 185 SPECTANTIA.

2216 151 2264 185 68

1282 232 1331 267 Ita
1357 234 1384 268 si
1409 235 1545 269 Marius
1575 236 1672 268 domi
1701 237 1873 278 gubernet
1896 235 2173 279 reuqmblstam,
2203 236 2268 269 Ca-

1284 286 1434 332 tulusffl)
1458 299 1542 320 vero
1569 288 1729 320 mittatur
1754 294 1873 320 contra
1900 287 2082 326 Cimbros,
2115 293 2267 332 utroque

1284 337 1318 369 in
1350 338 1427 369 loco
1461 338 1718 382 periclitabitur
1748 339 1957 382 respublica.
2011 339 2101 372 ham
2133 338 2268 372 Marius

1283 387 1349 421 suit
1370 389 1453 421 felix
1476 389 1646 428 bellator,
1675 391 1732 422 sed
1750 390 1845 421 domi
1867 389 2089 422 turbulentus
2107 395 2139 421 et
2155 402 2267 433 popu-

1285 439 1377 472 laris.
1430 439 1585 472 Econtra
1611 440 1755 473 Catulus
1778 440 1924 474 idoneus
1947 447 2022 473 erat
2047 441 2089 473 ad
2114 441 2269 473 retinen-

1285 491 1365 522 dam
1396 491 1494 523 urbis
1523 491 1836 535 tranquillitatem,
1885 492 1921 524 in
1952 505 1990 524 re
2019 492 2165 524 militari
2196 504 2269 525 non

1286 541 1429 585 perinde
1448 548 1523 573 erat
1538 542 1630 575 felix.
1672 542 1726 574 Sic
1747 542 1909 586 princeps
1926 543 2124 575 cancellarii
2139 556 2269 577 munus

1284 592 1433 636 sapienti
1470 592 1588 636 potius
1622 594 1904 633 commendabit,
1946 606 2051 638 quain
2089 594 2269 638 imperito,

1285 641 1419 683 hebeti,
1453 644 1590 677 infanti.
1656 644 1711 675 Sic
1743 644 1778 676 in
1802 645 1934 677 familia
1963 645 2155 678 videndum
2183 646 2269 690 quid

1285 695 1428 727 cuilibet
1450 708 1623 739 personae
1650 696 1849 729 conxeniat.
1924 695 2086 740 Denique
2111 697 2146 729 in
2170 697 2269 729 muni

1288 746 1354 778 vita
1370 746 1507 790 privata
1531 753 1559 779 et
1582 747 1717 790 publica
1734 748 1862 790 gradus
1880 747 2104 789 negotiorum
2123 754 2157 780 ct
2174 748 2269 791 inge-

1285 798 1427 830 niorum
1455 798 1640 831 obserxare
1666 799 1852 838 debemus,
1882 798 2104 831 considerare
2128 799 2268 839 merita,

1286 849 1444 891 ingenia,
1472 861 1589 882 mores
1606 849 1778 890 aliorum,
1806 856 1844 882 ut
1865 862 1928 882 suo
1955 862 2132 894 quemque
2156 851 2269 894 gradu

1285 907 1318 933 et
1343 901 1419 933 loco
1444 900 1666 934 collocenms.
1730 900 1824 933 Haec
1848 900 1977 934 iustitia
2004 907 2054 933 est
2078 901 2268 945 praecipua

1284 951 1524 984 conservatrix
1547 964 1665 984 rerum
1684 952 1926 995 publicarum,
1959 958 1991 984 et
2007 952 2167 995 privatae
2186 964 2268 985 con-

1284 1003 1489 1036 suetudinis.
1542 1002 1623 1035 ldeo
1643 1003 1745 1036 Plato
1769 1003 2024 1047 sapientissime
2048 1003 2154 1042 dixit,
2178 1002 2269 1047 opti-

1284 1067 1381 1087 mum
1417 1054 1630 1098 reipublicae
1670 1060 1798 1087 statum
1830 1067 1921 1094 esse,
1956 1054 1983 1086 si
2004 1054 2048 1087 sit
2077 1054 2266 1087 constituta

1284 1106 1507 1139 Geometrica
1539 1105 1793 1150 proportione,
1830 1112 1864 1138 et
1896 1105 2039 1150 quidmn
2071 1105 2169 1138 addit
2200 1105 2267 1138 Dei

1284 1157 1492 1190 beneficium
1515 1170 1586 1190 esse
1604 1155 1695 1189 lianc
1720 1157 1988 1201 proportionem
2015 1157 2052 1188 in
2073 1156 2268 1200 republica,

1285 1215 1318 1241 et
1349 1220 1555 1253 quanquam
1592 1208 1713 1251 exigua
1748 1208 1920 1251 contingit
1954 1208 2057 1241 rebus
2090 1205 2268 1248 humanis,

1284 1266 1403 1291 tamen
1421 1259 1449 1292 si
1466 1271 1534 1303 qua
1553 1258 1736 1301 contingit,
1755 1259 1926 1292 maximas
1944 1259 1979 1291 in
2006 1259 2076 1291 vita
2099 1259 2268 1292 utilitates

1284 1309 1388 1354 parit.
1440 1308 1495 1341 Ex
1518 1306 1585 1341 lloc
1607 1309 1766 1342 Platonis
1791 1310 1869 1342 loco
1894 1310 2043 1354 sumpsit
2061 1310 2268 1344 Aristoteles

1284 1359 1567 1393 venustissimam
1585 1359 1809 1392 collationem
1828 1360 2024 1404 specierum
2046 1361 2199 1394 iustitiae
2222 1362 2267 1394 ad

1283 1409 1574 1451 Aritlnneticam,
1626 1417 1660 1443 et
1690 1411 1951 1444 Geometricam
1984 1412 2269 1455 proportionem,

1283 1475 1346 1496 nec
1364 1462 1513 1495 difficilis
1529 1468 1580 1495 est
1597 1462 1879 1494 acconnnodatio
1902 1460 1992 1494 hanc
2006 1463 2166 1496 Platonis
2190 1475 2267 1496 sen-

1282 1514 1432 1547 sentiam
1462 1513 1630 1546 intuenti:
1666 1525 1805 1557 semper
1833 1513 1927 1546 enim
1959 1513 1996 1546 in
2027 1514 2267 1548 discernendis

1283 1565 1448 1609 gradibus
1473 1577 1703 1609 personarum
1729 1577 1801 1597 non
1827 1565 1940 1597 solum
1968 1564 2003 1597 in
2032 1565 2200 1609 praemiis
2232 1571 2266 1598 et

1281 1616 1406 1661 poenis
1431 1615 1701 1655 distribuendis,
1729 1622 1790 1648 aut
1815 1615 1969 1659 legendis
1992 1616 2266 1657 magistratibus,

1281 1669 1339 1701 sed
1356 1667 1565 1712 generaliter
1581 1667 1719 1711 publice
1738 1673 1771 1699 et
1789 1667 1970 1710 privatim,
1992 1667 2266 1701 inomnidiscri-

1282 1720 1396 1759 mine,
1424 1719 1617 1752 industriae
1636 1725 1669 1751 et
1688 1718 1828 1751 virtutis
1844 1719 1960 1751 locum
1980 1716 2097 1759 habet,
2125 1718 2214 1752 sicut
2231 1725 2265 1751 et

1280 1770 1486 1804 Aristotcles
1519 1771 1665 1802 eandem
1696 1769 1957 1802 distinctionem
1985 1770 2112 1813 allegat
2139 1770 2265 1816 quinto

1280 1822 1524 1855 Politicorum.
1584 1821 1699 1854 Habet
1723 1820 1828 1864 igitur
1852 1827 1885 1853 et
1912 1821 2135 1854 distributiva
2160 1834 2263 1855 usum

1280 1873 1431 1906 inomni
1450 1873 1519 1905 vita
1537 1872 1673 1917 privata
1706 1879 1739 1905 et
1765 1872 1924 1916 publica,
1958 1872 1993 1904 in
2024 1872 2265 1906 discernendis

1280 1924 1450 1969 personis.
1503 1923 1549 1956 Et
1582 1930 1633 1957 est
1662 1923 1857 1957 necessaria
1888 1923 2088 1966 diligentia,
2122 1923 2159 1956 in
2189 1923 2262 1957 vita

1279 1977 1477 2009 discernere
1503 1987 1672 2019 personas
1698 1981 1731 2007 et
1764 1988 1865 2008 suum
1889 1975 2005 2008 locum
2033 1975 2180 2019 singulis
2201 1974 2263 2008 tri-

1278 2029 1396 2061 buere.
1461 2027 1552 2060 Nam
1583 2033 1615 2059 et
1640 2026 1836 2069 respublica
1872 2023 1974 2058 babet
2003 2039 2090 2070 opus
2116 2025 2264 2060 diversis

1279 2079 1488 2118 artificibus,
1517 2084 1550 2110 et
1565 2077 1733 2110 (livinitus
1751 2078 1939 2110 multarum
1966 2077 2095 2110 artium
2113 2077 2262 2111 artifices

1277 2128 1453 2164 humanae
1474 2129 1566 2161 vitae
1584 2128 1705 2161 donati
1722 2135 1813 2162 sunt.
1852 2128 1972 2173 Quare
1991 2141 2054 2161 nec
2074 2128 2261 2161 abiiciendi

1276 2188 1359 2215 sunt
1376 2181 1456 2221 ulli,
1485 2193 1637 2226 quorum
1665 2180 1837 2213 industria
1864 2180 1956 2212 vitae
1982 2180 2177 2213 necessaria
2198 2186 2261 2220 est,

1277 2246 1340 2266 nec
1361 2232 1626 2266 conturbandus
1649 2238 1699 2265 est
1725 2233 1834 2271 ordo,
1863 2231 1897 2263 id
1921 2237 1988 2271 est,
2022 2243 2096 2263 non
2120 2237 2169 2264 est
2193 2243 2259 2275 pro

1276 2284 1412 2318 medico
1439 2283 1591 2327 agricola
1618 2281 1857 2324 adhibendus,
1893 2294 2007 2328 neque.
2030 2294 2094 2326 pro
2120 2283 2260 2315 concio-

1275 2342 1400 2368 natore
1418 2334 1527 2368 bomo
1546 2335 1718 2368 indoctuS.
1772 2335 1840 2367 Sed
1859 2347 1960 2367 suum
1976 2334 2123 2379 quisque
2139 2334 2257 2367 locum

1276 2393 1402 2420 teneat.
1455 2385 1490 2418 Id
1511 2387 1611 2419 docet
1629 2386 1851 2419 distributiva
1872 2384 2000 2418 iustitia
2021 2391 2053 2417 et
2070 2385 2257 2429 proportio

1274 2438 1514 2472 Geometrica:
1533 2444 1583 2471 est
1599 2444 1715 2470 autem
1730 2436 1916 2481 proportio
1927 2436 2163 2476 Geometrica,
2178 2448 2256 2470 cum

1274 2491 1384 2523 tribus
1402 2495 1461 2522 aut
1478 2489 1636 2533 pluribus
1654 2489 1812 2521 terminis
1831 2487 2019 2532 dispositis,
2046 2499 2120 2519 non
2133 2499 2258 2520 nurne-

1272 2554 1395 2575 rorum
1419 2541 1615 2573 differentia
1643 2540 1905 2578 consideratur,
1931 2539 1988 2571 sed
2017 2545 2178 2572 servatur
2200 2550 2256 2571 ae-

1273 2593 1422 2639 qualitas
1439 2592 1714 2637 proportionum
1726 2617 1735 2631 ,
1762 2597 1801 2624 ut
1823 2590 1913 2624 sicut
1934 2602 1969 2623 se
1986 2587 2118 2623 habent
2133 2590 2156 2624 6
2174 2595 2208 2624 et
2220 2589 2256 2629 3,

1306 2717 1353 2744 93)
1373 2716 1436 2741 Cae.
1454 2716 1580 2741 Lutatius
1599 2715 1729 2747 Catulus,
1749 2715 1778 2741 C.
1798 2714 1879 2741 Marii
1896 2714 2017 2741 consulis
2036 2715 2160 2748 collega3
2179 2715 2254 2741 Cim-

1340 2753 1404 2776 bros
1424 2752 1458 2775 ad
1478 2751 1622 2776 Vereellos
1642 2750 1714 2775 vicit.
