2347 3000
215 113 289 148 523

203 199 291 232 bant
316 199 468 234 aliorum
499 199 684 243 coniuges,
725 210 799 230 non
822 194 1030 240 polluebant
1059 193 1194 239 filiasffl)

202 251 432 296 cuiusquam,
470 251 642 284 timebant
665 250 799 287 Deum,
842 253 876 279 et
899 258 973 278 non
994 246 1194 290 petulanter

205 309 328 335 contra
346 302 598 336 conscientiam
618 300 801 332 violabant
816 298 984 330 mandata
1003 297 1080 330 Dei.
1123 296 1194 329 Ta-

204 353 252 386 les
270 366 349 386 cum
368 360 500 393 essent,
527 351 663 385 etiamsi
686 362 772 395 quas
796 350 917 382 sordes
942 354 1091 392 propter
1113 359 1196 380 con-

204 405 294 448 tagia
321 405 427 438 seculi
457 402 678 440 habuerunt,
715 408 835 434 tamen
861 399 944 445 quia
969 400 1135 432 lucebant
1159 398 1195 431 in

203 455 251 489 eis
268 456 370 495 fides,
399 466 480 487 vera
505 452 705 491 invocatio,
739 452 832 484 hona
860 451 1098 489 conscientia,
1134 450 1196 482 ali-

204 506 265 551 qui
282 507 329 539 eis
348 505 426 538 nevi
446 503 641 537 condonati
654 509 748 542 sunt,
769 515 849 536 cum
867 503 1052 535 crederent
1069 514 1104 535 se
1123 501 1196 544 pla-

204 569 280 589 cere
313 556 389 588 Deo
421 567 482 599 per
514 553 795 588 misericordiam
826 560 973 598 propter
1006 559 1195 586 venturum

237 663 452 722 wisigassim
470 663 663 694 Editt.1550.‚
686 663 776 693 1554„
796 662 889 692 155⁷.‚
909 661 1002 693 1560.;
1024 661 1095 686 Edit.
1112 662 1197 694 1545„

344 717 349 722 .
379 705 452 722 ilos.

239 742 287 770 68)
308 743 420 770 semen]
439 742 456 766 i.
473 748 496 766 c.
516 740 665 766 Christum.

239 784 287 815 69)
308 787 349 808 est
368 786 435 814 vox]
456 785 494 808 sic
514 785 598 808 Editt.
624 784 717 815 1550.‚
747 783 836 813 1554.‚
863 783 956 814 1557.‚
986 783 1077 814 1560.;

277 820 363 848 1545.,
385 819 460 843 15⁴6.
481 826 534 843 vox
555 821 604 843 est.

242 862 289 890 70)
309 863 404 886 Matth.
422 862 462 891 19,
481 863 506 887 5.
526 863 551 886 6.
587 863 671 886 Marc.
691 862 730 893 10,
753 861 778 885 8.

241 904 288 936 71)
312 905 367 928 Nec
387 911 454 934 opus
474 907 516 928 est
537 905 676 935 disputare
696 905 729 927 de
748 903 924 928 excusatione
943 903 1070 933 Patrum,
1094 903 1200 928 etiamsi

278 940 339 968 qnid
354 939 413 962 vitii
429 939 479 962 fuit
495 939 520 961 in
537 940 690 968 aliquorum
705 939 900 963 connubiis.—
922 939 956 962 ad
971 939 1084 967 primam
1099 940 1124 961 et
1139 939 1200 968 pul-

277 974 438 996 cherrimam
457 974 672 997 coniunctionem
693 973 771 996 nnius
788 973 871 996 maris
892 975 918 996 et
937 973 1019 996 unius
1040 973 1198 1000 foeminae]

280 1008 319 1030 sic
338 1008 522 1038 Edunt-²145„
544 1008 628 1037 15⁴6„
651 1009 734 1038 1550„
757 1008 841 1038 1554„
864 1007 937 1031 1557.
957 1008 983 1030 et
1005 1007 1094 1034 1560.;
1118 1007 1201 1030 Editt.

282 1042 376 1070 1540„
399 1041 492 1073 1542,
515 1043 608 1066 1544..
630 1042 711 1066 Editt.
732 1042 831 1071 singul.
855 1041 944 1070 1540„
966 1041 1058 1070 1541„
1080 1042 1153 1065 1548.
1174 1042 1201 1064 et

281 1076 352 1099 Edit.
380 1076 463 1099 Basil.
492 1077 610 1105 Operum
634 1076 696 1099 Mel.
722 1082 771 1105 pro
798 1075 853 1098 illis
880 1075 972 1097 verbis
996 1075 1062 1098 haec
1087 1076 1200 1098 liabent:

282 1110 336 1133 Nec
355 1116 422 1139 opus
448 1113 489 1133 est
515 1110 655 1139 disputare
681 1110 714 1133 de
739 1109 916 1134 excusatione
936 1109 1062 1139 Patruui,
1095 1108 1201 1132 etiamsi

283 1144 345 1173 quid
365 1144 425 1166 vitii
445 1144 494 1166 suit
514 1144 540 1166 in
559 1144 711 1173 aliquorum
731 1143 873 1166 connubiis
891 1144 955 1166 ante
974 1143 1079 1172 legem.
1111 1144 1201 1165 tamen

284 1180 363 1201 erant
383 1181 495 1207 peccata
519 1178 692 1207 ignorantiae
717 1177 881 1207 probabilis,
915 1182 983 1206 quae
1008 1176 1111 1199 sanctis
1128 1177 1202 1199 Deus

283 1212 433 1242 condonat,
453 1211 497 1241 qui
517 1214 657 1240 praestant
672 1212 727 1234 Deo
749 1217 830 1234 veros
848 1211 938 1233 cultus
957 1211 1122 1240 spirituales,
1148 1210 1202 1233 Pa-

278 1247 337 1269 tres
355 1247 467 1269 verbum
491 1245 537 1268 Dei
556 1252 587 1268 nc
606 1251 700 1268 verani
721 1245 869 1268 doctrinam
889 1244 1024 1269 retinent,
1044 1245 1201 1274 defendunt,

285 1281 399 1307 docent,
421 1286 486 1302 vere
504 1280 600 1302 timent
619 1280 718 1306 Deum,
744 1286 811 1302 vera
830 1279 881 1302 fide
900 1279 1029 1302 invocant
1045 1285 1121 1302 eum.
1148 1284 1202 1301 non

286 1314 441 1344 excogitant
459 1313 647 1337 idololatricos
666 1315 769 1343 cultim,
790 1313 987 1342 belligerantur
1006 1319 1065 1336 cnm
1086 1313 1203 1335 idolola—

285 1348 353 1379 tris,
385 1347 481 1372 deiude
504 1348 532 1373 in
557 1349 671 1373 externa
697 1348 754 1372 vita
772 1349 914 1379 praestant
930 1347 1020 1372 officia
1039 1346 1203 1377 dilectionis,

1113 782 1197 808 Editt.

477 110 678 146 SCRIPTA
703 111 778 145 PH.
806 108 919 143 MEL.
943 108 1008 141 AD
1036 107 1245 141 E'I'HICEN
1277 107 1342 140 ET
1369 106 1626 141 POLITICEN
1655 104 1964 141 SPECTANHA.

2161 107 2235 143 524

1247 193 1444 240 Seme—11⁶⁸).
1496 193 1547 226 lta
1567 200 1598 227 et
1618 193 1720 227 nobis
1741 192 1843 226 multi
1869 192 1950 226 nevi
1976 193 2234 233 condonantur,

1248 245 1308 290 qui
1335 245 1499 278 oriuntur
1524 258 1542 278 a
1569 245 1740 287 contagiis
1769 252 1970 289 temporum
2001 257 2040 277 ac
2066 245 2234 287 gentium.

1247 296 1315 329 Sed
1333 295 1476 329 interim
1497 295 1671 330 discamus
1687 297 1831 330 virtutes
1842 297 1990 328 Patrnm
2006 295 2139 328 imitari
2153 307 2235 328 con-

1249 353 1412 391 gruentes
1431 359 1509 379 cum
1529 348 1705 380 mandatis
1721 347 1808 386 Dei,
1835 354 1873 379 ut
1898 347 2029 380 dictum
2054 352 2116 380 est.
2167 345 2235 378 Re-

1249 399 1356 443 petita
1385 404 1435 431 cst
1466 397 1589 443 vox‘ffl)
1612 398 1649 430 in
1662 397 1856 441 Evangelio
1868 398 1930 444 ⁷⁰):
1965 397 2081 431 Erunt
2105 398 2175 429 duo
2198 396 2236 428 in

1249 461 1354 482 carne
1372 462 1462 488 nna,
1486 461 1576 494 quae
1601 455 1743 481 revocat
1766 461 1831 482 nos
1856 451 1900 481 ad
1925 449 2078 494 primam
2103 454 2137 481 et
2157 447 2236 492 pul-

1250 499 1462 534 cherrimam
1498 500 1785 533 coniunctionem
1816 500 1921 533 unius
1943 500 2051 534 maris
2076 506 2109 532 et
2131 499 2236 532 unius

1249 550 1497 596 foeminaefl).

1319 663 1347 684 et
1367 662 1465 684 cavent
1483 661 1622 684 scandala.
1660 662 1727 685 Erat
1745 662 1834 684 antem
1853 662 1917 684 tnnc
1935 660 2092 690 polygamia
2111 666 2168 683 rnos
2186 665 2236 689 po-

1318 696 1428 727 liticus,
1454 702 1503 719 nec
1522 697 1668 725 putabatur
1687 702 1750 719 csse
1770 696 1915 725 turpitudo.
1952 695 2011 719 Etsi
2029 695 2099 718 enim
2117 696 2177 718 erat
2196 695 2238 717 di-

1321 732 1407 753 ctnni:
1429 731 1515 753 Erunt
1535 730 1585 753 dno
1606 731 1633 752 in
1653 736 1737 753 earne
1756 736 1826 760 nna,
1846 732 1873 753 et
1892 730 2005 753 Lamech
2026 729 2156 758 peccavit,
2177 729 2240 758 quia

1319 764 1371 788 fuit
1390 767 1470 787 autor
1491 764 1668 794 polygamiae
1687 765 1800 792 (Genes.
1819 766 1845 788 4.
1868 764 1938 793 19³,
1969 766 2058 786 tamen
2077 762 2205 793 paulatim
2224 767 2240 785 a

1321 800 1437 821 naturae
1456 799 1619 822 rectitudine
1638 799 1725 829 magis
1739 799 1921 822 discesserant
1935 798 2066 822 nomines.
2093 798 2128 820 Et
2141 801 2241 826 magna

1321 832 1364 854 vis
1381 836 1423 856 est
1438 833 1647 856 consuetudinis.
1682 834 1717 856 Et
1731 834 1847 857 nondum
1863 833 1971 856 extabat
1984 832 2043 863 lex,
2063 836 2130 862 quae
2143 832 2241 861 postea

1321 868 1496 896 promulgata
1514 869 1564 891 est.

1389 902 1509 931 Cumque
1528 902 1687 932 polygamia
1705 902 1850 926 duceretur
1876 908 1937 925 esse
1960 907 2020 925 mos
2043 900 2187 931 politicus.
2214 900 2242 923 et

1322 936 1425 959 scirent
1446 936 1543 959 Patres
1563 937 1647 960 Deum
1667 937 1754 963 velle,
1781 938 1809 959 ut
1829 936 1955 959 viverent
1975 936 2000 959 in
2019 935 2153 959 communi
2173 934 2241 963 vita,

1323 970 1418 994 essent
1437 971 1543 997 mariti.
1562 972 1723 1001 glutiet-ent,
1743 971 1784 994 nsi
1802 973 1865 993 sunt
1885 972 1911 993 et
1925 971 1974 993 hoc
1990 976 2080 1000 more,
2100 969 2147 992 sed
2161 974 2242 997 saepe

1323 1004 1424 1034 aliquid
1442 1004 1502 1027 vitii
1521 1007 1564 1028 est
1584 1006 1609 1028 in
1630 1005 1748 1035 politicis
1766 1005 1899 1033 moribus,
1927 1004 1996 1034 quod
2015 1005 2087 1027 Deus
2106 1003 2243 1027 condonat

1322 1039 1392 1069 piis,
1411 1044 1466 1062 uon
1485 1039 1628 1069 agentibus
1649 1040 1746 1062 contra
1765 1044 1922 1068 expressam
1941 1038 2148 1068 prohibitionem
2167 1037 2241 1060 divi-

1323 1079 1393 1096 nam.
1432 1072 1498 1095 Nam
1518 1073 1675 1101 ignorantia
1693 1073 1842 1102 probabilis
1862 1078 1916 1096 non
1935 1072 2062 1101 impedit,
2081 1078 2132 1101 quo
2152 1071 2242 1094 minus

1324 1109 1452 1131 maneant
1471 1108 1540 1130 bona
1558 1107 1726 1130 conscientia
1744 1109 1771 1130 et
1791 1106 1872 1134 adea,
1902 1112 1969 1136 qnae
1988 1106 2056 1129 talia
2075 1105 2243 1129 incommoda

1324 1142 1351 1165 in
1371 1140 1490 1170 politicis
1510 1142 1629 1164 moribus
1650 1141 1726 1171 tegit.
1762 1141 1863 1170 Magna
1882 1142 1909 1164 et
1928 1141 2064 1163 excellens
2083 1139 2170 1169 pietas
2188 1140 2242 1167 est,

1324 1175 1405 1199 fidem
1425 1175 1535 1199 Patrum
1553 1175 1670 1205 imitari,
1702 1174 1746 1205 qui
1766 1180 1833 1198 vera
1852 1174 2026 1198 invocatione
2046 1174 2129 1197 Deum
2148 1173 2242 1197 colue-

1325 1211 1405 1240 runt,
1429 1211 1455 1232 et
1474 1210 1574 1233 bellum
1592 1212 1738 1240 gesserunt
1757 1215 1816 1232 cum
1833 1209 1922 1238 impiis
1943 1209 2065 1232 cultibus.
2103 1209 2160 1231 liae
2179 1209 2243 1231 sunt

1324 1250 1440 1273 magnae
1460 1243 1594 1275 virtutes,
1623 1249 1690 1274 quas
1713 1243 1890 1267 considerare
1914 1243 1939 1265 in
1960 1242 2087 1266 Patribus
2105 1242 2240 1266 dehemus.

1324 1278 1456 1307 Exempla
1475 1279 1547 1301 vitae
1566 1278 1692 1307 politicae
1710 1278 1820 1301 variant
1837 1277 2011 1306 temporibus.
2057 1277 2091 1300 Et
2111 1278 2153 1299 est
2175 1282 2242 1306 pru-

1324 1312 1417 1336 dentia
1441 1313 1598 1336 necessaria
1623 1312 1786 1336 Christianis
1811 1312 1966 1335 discernere
1990 1316 2084 1335 veram
2108 1312 2134 1335 et
2159 1310 2243 1341 spiri-

1326 1348 1428 1373 tualem
1444 1346 1573 1372 iustitiam
1591 1348 1618 1371 et
1637 1352 1727 1371 mores
1745 1346 1878 1377 politicos.
