2347 3000
203 120 274 157 951

208 207 328 244 rescit;
351 207 428 240 laus
453 205 658 238 clementiae
683 216 754 237 non
778 209 893 248 potest
917 207 1091 235 vetustate
1114 212 1197 233 con-

208 271 311 293 sumi.

311 308 480 354 Sequitur
524 305 854 349 amplificatio,
908 316 1001 349 quae
1040 302 1199 335 continet

210 359 515 405 comparationem
551 356 764 390 Caesarinae
802 355 974 388 1101001110
1008 366 1087 387 011111
1122 354 1199 387 111115

210 412 370 445 civilibus
394 408 563 442 victoriis.
616 406 709 441 Bam
743 407 899 445 Marius,
927 406 1043 451 Sylla,
1071 405 1200 446 Cinna,

209 470 243 497 et
258 463 389 497 similes
410 467 487 504 post
506 459 673 492 victorias
691 459 809 492 civiles
829 459 864 490 111
882 459 968 491 urbe
994 457 1201 490 occiderunt

212 515 364 547 inermes
395 512 487 545 cix-cs
520 510 704 555 plurimos.
770 509 807 542 Id
841 510 971 543 Caesar
1002 522 1075 542 non
1106 508 1200 547 secit,

209 578 323 611 neque
355 574 570 609 quemquam
606 562 718 595 voluit
750 561 860 594 occidi
899 561 934 593 in
964 561 1064 594 urbe.
1143 560 1199 593 Sic

211 617 317 660 igitur
348 615 471 647 laudat
500 613 701 647 Caesarem.
765 613 835 645 Alii
869 614 1008 645 suerunt
1041 612 1199 645 crudeles

210 669 245 700 in
275 668 381 705 url›e;
420 672 457 698 tu
494 671 615 698 contra
651 665 803 698 clemens
837 678 871 698 es
902 662 968 697 1110.
1032 662 1200 696 Caeteros

209 719 352 765 quidem
373 729 495 750 omncs
511 716 662 750 victores
684 717 753 749 iam
776 716 903 760 pietate
920 715 1066 748 xiccras.
1119 714 1198 746 Alia

209 769 457 815 amplificatio:
487 768 539 801 Te
563 768 678 812 ipsum
704 768 836 807 111-1511,
864 774 895 799 et
921 773 968 800 cst
998 772 1138 810 sumpta
1160 778 1200 798 ex

208 824 286 855 loco
319 819 518 855 communi:
557 819 692 853 Omnes
724 819 875 851 xictores
906 824 988 852 sunt
1019 817 1120 857 irati,
1161 829 1200 849 ac

207 875 284 907 iure
316 873 482 905 videntur
514 883 615 915 posse
650 871 762 904 victos
794 870 965 903 occidere.
1043 868 1200 901 licentra

209 925 340 959 Caesar
366 924 402 956 in
426 923 574 955 x·ictoria
602 934 675 954 non
699 923 765 955 suit
792 922 924 960 iratus,
953 921 1113 965 pepercit
1136 920 1200 952 ini-

381 975 458 1008 Hoc
486 974 675 1019 aliquoties
704 973 854 1018 repetit,
891 972 973 1018 quia
1007 972 1200 1004 maximam

1003 1024 1097 1057 Bam
1115 1021 1202 1056 haec

209 989 321 1010 micis.

207 1029 278 1061 vim
297 1025 404 1060 habet
422 1027 465 1058 ad
485 1025 747 1057 conciliandum
766 1026 965 1057 Caesarem.

209 1091 347 1114 summa
374 1079 450 1110 laus
478 1082 529 1109 est
554 1075 783 1119 imperatoris
810 1075 844 1107 in
869 1074 1019 1107 xictoria
1037 1075 1202 1106 modera-
1226 1098 1228 1110 Ε

211 1137 283 1164 tum
308 1141 393 1162 0550.

782 117 906 152 PHIL.
942 115 1057 151 MEL.
1090 112 1292 150 SCRIPTA
1318 112 1664 150 PHILOLOGICA.'

312 1181 398 1224 Cap.
421 1178 464 1212 V.
494 1177 524 1222 ξ.
552 1177 610 1211 13,
638 1179 747 1223 Atque
775 1178 834 1210 hoc
863 1178 897 1210 C.
929 1177 1086 1210 Caesaris
1114 1176 1203 1208 iudi·
1227 1200 1228 1222 3

1227 1234 1228 1238 ’
1255 1227 1357 1260 dum
1391 1233 1639 1270 argumentum
1673 1233 1740 1260 est:
1783 1226 1992 1260 Difficiliora
2022 1233 2105 1260 sunt
2134 1224 2244 1260 hone-

209 1233 313 1277 cium]
342 1231 429 1264 Tra
443 1229 611 1263 nslatio
643 1235 810 1267 xocatur,
840 1228 984 1273 quando
1002 1239 1057 1260 res
1081 1238 1098 1258 a
1119 1238 1201 1270 pro—

206 1285 324 1328 posito
344 1289 377 1316 et
404 1295 421 1314 a
441 1280 620 1326 praesenti
637 1292 790 1324 persona
809 1280 1021 1312 transfertur
1039 1279 1082 1310 ad
1101 1278 1201 1311 alios.

206 1335 259 1368 lta
294 1333 351 1368 1110
384 1333 552 1366 transfert
575 1331 698 1365 Cicero
731 1331 941 1364 beneficium
972 1330 1140 1363 collatum
1166 1329 1201 1361 in
1226 1350 1227 1356 1

208 1386 440 1424 Marcellum,
479 1385 524 1416 ad
558 1396 680 1417 omnes
711 1383 820 1421 alios,
863 1382 922 1427 qui
956 1381 1066 1415 secuti
1100 1387 1227 1413 0011111Ἰ

206 1437 442 1482 Pompeium,
477 1441 511 1468 et
543 1436 587 1467 ad
621 1441 733 1468 totam
764 1433 1034 1478 rempublicam.

209 1490 340 1523 Caesar
362 1487 522 1532 pepercit
544 1486 734 1519 Marcello:
765 1487 812 1518 ita
838 1485 1011 1529 significat
1033 1497 1068 1518 se
1093 1483 1201 1517 simili

208 1540 392 1573 clementia
419 1551 566 1572 usurum
591 1550 663 1571 0550
687 1550 769 1579 erga
799 1537 888 1570 alios
918 1543 949 1569 et
979 1548 1060 1579 erga
1087 1542 1199 1569 totam

209 1591 478 1637 rempublicam.
532 1589 700 1634 Sequitur
733 1589 840 1632 igitur
870 1587 1201 1632 amplificatio,

1104 1432 1202 1465 Sicut

208 1644 245 1676 in
267 1655 336 1689 qua
363 1642 577 1675 transfertur
604 1640 804 1684 exemplum
836 1640 880 1672 ad
910 1639 1018 1677 alios,
1054 1645 1087 1671 et
1119 1645 1202 1672 sunt
1225 1658 1226 1661 =

208 1702 278 1729 tres
298 1694 367 1727 loci
386 1693 422 1726 in
443 1692 732 1737 amplificatione.
788 1690 1074 1723 Translatio:
1104 1690 1201 1723 Sicut

208 1747 339 1780 Caesar
363 1743 514 1787 ignoscit
537 1743 727 1782 Marcello,
755 1742 803 1774 ita
830 1747 951 1786 parcet
974 1741 1063 1775 aliis.

1116 1741 1227 1779 Ex-‚

208 1796 383 1831 elisatio
411 1795 559 1829 civium:
602 1793 719 1828 Secuti
743 1806 864 1827 sumus
889 1793 1104 1837 Pompeium
1127 1805 1202 1825 non
1225 1789 1227 1821 j

208 1850 326 1894 aliqua
344 1846 558 1892 cupiditate,
585 1847 647 1879 sed
665 1857 797 1879 errore.
850 1844 960 1877 Addit
977 1844 1094 1888 signa:
1122 1844 1200 1888 Ego

207 1912 348 1944 semper
373 1900 415 1931 de
437 1911 523 1943 pace
548 1897 633 1931 dixi.

207 1953 312 1986 saris:

205 2003 319 2048 pisse,
349 2002 431 2048 quia
456 2000 559 2034 nobis
584 2006 665 2045 post
689 1999 875 2032 uictoriam
899 1999 1024 2043 parcit.

685 1896 830 1929 Accedit
853 1903 887 1929 et
912 1896 1089 1929 excusatio
1114 1895 1200 1929 Cae·
1224 1898 1226 1937 ξ

350 1950 479 1984 Caesar
505 1949 659 1983 ostendit
689 1961 724 1982 se
749 1947 901 1981 invitum
926 1948 1060 1981 bellum
1087 1960 1200 1982 susce·
1224 1966 1226 1990 J

312 2053 398 2098 Cap.
426 2051 484 2086 VI.
515 2050 545 2096 ξ.
572 2053 630 2086 17.
664 2050 870 2096 Vidimns'ff)
892 2055 983 2084 tuam
1008 2051 1200 2095 victoriam]
1224 2045 1226 2052 '

206 2105 406 2150 Repetitio:
460 2104 547 2137 Post
585 2103 719 2136 bellum
756 2102 937 2134 neminem
982 2102 1199 2143 interfecisti.

209 2157 443 2201 Comparatio
477 2168 556 2189 cum
587 2153 838 2198 Pompeianis,
877 2153 1092 2198 Pompeiani
1126 2166 1199 2186 non

208 2215 310 2242 erant
331 2214 404 2241 tam
434 2208 622 2240 clementes
644 2205 753 2239 futuri
779 2205 814 2237 in
838 2205 1000 2238 victoria.

311 2258 341 2303 ξ.
362 2258 421 2293 19.
451 2260 562 2300 Quare
576 2257 700 2302 quade]
728 2256 975 2290 Conclusio
1001 2256 1197 2300 gratiarum

208 2311 370 2352 actionis,
391 2311 427 2344 in
445 2322 514 2356 qua
533 2310 707 2354 repetitur
724 2308 920 2353 principale
937 2314 1199 2352 argumentum.

207 2362 362 2396 Meliora
395 2368 478 2396 sunt
517 2362 612 2395 bona
655 2360 766 2393 animi
795 2372 856 2394 5011
894 2360 1056 2400 111111115,
1091 2372 1198 2405 quam

208 2415 303 2446 bona
334 2415 517 2447 fortunae:
561 2413 641 2446 ideo
682 2412 779 2445 iubet
822 2424 901 2444 eum
938 2411 1104 2444 delectari
1132 2409 1199 2444 hac

210 2465 395 2498 clementia
420 2478 494 2498 sua.
547 2464 593 2497 Et
611 2463 744 2497 accedit
762 2461 988 2501 adhortatio,
1013 2469 1052 2496 ut
1076 2469 1201 2507 pergat

209 2514 275 2550 hac
309 2516 493 2549 clementia
526 2528 607 2560 erga
643 2515 736 2549 cives
766 2515 830 2548 uti.
891 2515 982 2549 Nam
1017 2512 1054 2547 111
1085 2514 1200 2548 solent

209 2580 282 2602 esse
307 2567 374 2601 loci
407 2567 688 2601 conclusionum.
740 2566 865 2600 Brevis
897 2566 1063 2610 repetitio
1095 2578 1199 2610 argu-

209 2619 341 2658 menti,
370 2624 403 2651 et
425 2616 628 2651 adhortatio
653 2618 784 2663 aliqua.

245 2746 295 2773 47)
313 2745 457 2773 Vidimus]
477 2743 516 2768 sic
534 2743 583 2767 Ed.
605 2743 706 2772 0r011.;
724 2743 774 2766 Ed.
796 2743 870 2767 1568.
892 2743 1031 2768 Videmus.

1224 2103 1226 2139 ³,
1251 2104 1324 2138 nis:
1351 2102 1441 2148 Quis
1458 2102 1671 2137 insidiatur?

2168 114 2243 153 952

1355 199 1421 234 Hic
1454 207 1505 235 est
1534 201 1613 235 finis
1647 200 1858 245 praecipuae
1895 199 2005 244 partis
2035 198 2140 236 huius
2163 214 2243 236 ora-

1253 250 1372 285 tionis.
1423 252 1591 297 Sequitur
1616 252 1710 285 enim
1742 252 1837 285 velut
1874 252 1942 284 alia
1971 264 2010 284 ac
2038 263 2132 285 nova
2162 265 2241 287 ora-

1254 302 1302 335 tio
1329 300 1419 335 nihil
1445 303 1491 336 ad
1517 303 1675 336 Marcelli
1702 316 1842 337 causam
1862 303 2055 347 pertinens,
2083 304 2142 336 sed
2158 316 2241 337 con-

1252 353 1370 387 tinens
1395 354 1497 399 quasi
1519 355 1657 397 generis
1672 354 1846 389 iudicialis
1863 354 2120 400 quaestionem.
2173 354 2243 388 Ex-

1255 411 1354 438 cusat
1371 405 1465 438 enim
1493 405 1604 445 clx‘es,
1631 407 1727 451 quod
1753 418 1826 439 non
1852 406 2064 440 insidientur
2090 405 2182 439 vitae
2208 412 2243 439 et

1253 456 1358 501 capiti
1385 455 1558 490 Caesaris.
1611 456 1662 489 Ac
1683 457 1871 501 diligenter
1885 463 2026 502 oportet
2040 457 2242 492 meminisse

1252 508 1420 541 lectorem
1438 505 1525 541 haec
1543 508 1749 547 intervalla,
1777 515 1811 541 et
1827 509 1926 554 quasi
1946 515 2058 542 certas
2079 508 2242 552 regiones

1253 559 1475 593 diversarum
1503 559 1658 604 partium
1682 559 1719 592 in
1746 560 1903 605 qualibet
1932 559 2114 600 oratione,
2150 566 2183 593 et
2203 566 2243 593 ut

1253 608 1309 644 1110
1332 616 1442 644 10111111
1468 623 1609 644 causam
1644 611 1765 643 animo
1790 611 1974 655 complecti
2000 611 2129 655 possit,
2164 612 2242 644 bre-

1253 662 1343 694 viter
1386 668 1596 707 repetantur
1635 668 1668 695 et
1707 662 1904 707 propositio
1946 668 1979 695 et
2021 669 2242 706 argumenta.

1253 714 1380 747 Postea
1407 714 1595 758 relegenda
1619 719 1670 747 est
1694 714 1828 754 oratio,
1852 720 1891 747 ut
1909 713 2131 757 singulorum
2148 713 2244 746 loco-

1253 777 1331 798 rum
1359 778 1398 797 ac
1422 765 1678 799 sententiarum
1704 766 1811 799 rerba
1839 765 2007 809 insignia,
2035 771 2067 798 et
2088 764 2244 809 insignia

1255 824 1465 850 ornamenta
1486 817 1732 851 obserxentur.
1784 816 2054 861 Propositio
2079 823 2146 850 est:
2175 815 2242 849 Be-

1253 869 1417 901 neficium
1451 868 1487 901 in
1521 868 1728 901 Marcellum
1762 869 1930 901 collatum
1962 866 2145 901 honestius
2180 874 2243 907 est,

1256 932 1363 965 quam
1392 920 1458 952 alia
1485 920 1668 963 praeclara
1689 920 1778 953 sacta
1804 919 1970 953 inbellis.
2023 919 2243 963 Argumenta

1254 971 1320 1003 tria
1354 977 1448 1004 sunt.
1525 970 1723 1003 Primum
1766 971 1910 1015 propria
1942 972 2033 1003 facta
2069 970 2243 1004 maiorem

1253 1022 1395 1055 laudem
1421 1020 1576 1061 liabent,
1612 1034 1719 1066 quam
1750 1022 1878 1056 aliena.
1932 1021 2008 1054 Hoc
2032 1021 2243 1056 beneficium

1255 1079 1305 1106 est
1323 1072 1510 1116 proprium
1527 1072 1673 1112 sactum,
1702 1072 1785 1118 qnia
1805 1079 1855 1106 est
1872 1072 2000 1104 animi:
2031 1084 2113 1116 ergo
2131 1073 2243 1106 maio-

1254 1136 1331 1156 rem
1354 1124 1496 1157 laudem
1520 1121 1647 1164 habet,
1683 1135 1792 1169 quam
1815 1123 2005 1163 militaria,
2045 1135 2135 1169 quae
2163 1130 2246 1157 sunt

1255 1175 1391 1215 aliena,
1420 1175 1624 1208 communia
1646 1175 1726 1208 duci
1747 1188 1825 1209 cum
1843 1175 2026 1208 militibus.
2079 1175 2244 1209 Secun-

1254 1278 1382 1316 stiora;
1411 1278 1586 1311 difficilius
1598 1285 1654 1311 est
1670 1278 1761 1311 Iram
1780 1279 1933 1319 vincere,
1962 1290 2069 1324 quam
2086 1276 2243 1312 hostem:

1255 1342 1339 1373 ergo
1366 1327 1434 1363 hoc
1458 1330 1691 1369 beneficium,
1719 1337 1883 1375 superata
1911 1330 1961 1363 ira
1990 1342 2072 1373 erga
2090 1327 2243 1370 hostem,

1254 1379 1438 1415 honestius
1459 1388 1527 1421 est,
1556 1394 1663 1426 quam
1683 1382 1781 1426 ipsae
1798 1381 1980 1415 victoriae.
2035 1381 2246 1415 Tertium

1256 1439 1505 1477 argumentum
1531 1439 1599 1466 est:
1641 1431 1834 1478 Trophaea
1861 1433 2092 1467 x‘ictoriarum
2118 1445 2244 1467 consu-

1253 1491 1402 1518 muntur
1412 1490 1605 1522 vetustatffi
1623 1484 1762 1519 vvirtutis
1777 1485 1853 1519 laus
1871 1485 2242 1519 consumiturnonve-

1253 1543 1395 1570 tustate.
1448 1535 1588 1569 Deinde
1607 1538 1780 1571 accedunt
1795 1536 2090 1582 amplificationes
2106 1543 2139 1570 et
2158 1549 2242 1570 con-

1254 1588 1376 1622 clusio.
1431 1588 1521 1621 Cum
1544 1586 1636 1620 hanc
1662 1589 1836 1622 orationis
1852 1588 2122 1633 dispositionem
2140 1589 2242 1634 quasi

1253 1640 1470 1672 lineamenta
1490 1639 1729 1673 consideravit
1751 1641 1879 1679 lector,
1902 1639 2005 1672 facile
2028 1639 2095 1672 erit
2117 1639 2241 1672 memi-

1252 1691 1345 1724 nisse
1370 1702 1513 1723 causam
1539 1696 1573 1723 et
1599 1690 1719 1723 omnia
1746 1691 1920 1725 orationis
1948 1697 2172 1724 ornamenta.

1354 1741 1457 1776 Nunc
1472 1741 1632 1787 sequitur
1649 1742 1758 1775 altera
1776 1742 1949 1776 orationis
1967 1754 2062 1786 pars,
2089 1748 2123 1775 et
2139 1742 2241 1787 quasi

1253 1804 1348 1826 nova
1375 1793 1503 1827 oratio.
1554 1793 1822 1838 Propositio
1855 1800 1920 1828 est:
1954 1793 2038 1828 Non
2060 1793 2241 1838 suspican-

1253 1846 1352 1884 dum,
1380 1846 1476 1890 quod
1496 1844 1623 1889 aliquis
1641 1844 1827 1878 insidietur
1842 1845 1917 1879 tibi.
1969 1844 2122 1889 Elegaus
2140 1857 2242 1879 occu-

1252 1896 1352 1941 patio
1378 1902 1429 1930 est
1451 1896 1488 1928 in
1513 1895 1589 1939 ipsa
1614 1896 1879 1941 propositione:
1907 1896 2101 1942 Nunquam
2125 1896 2241 1931 verbis

1253 1948 1463 1982 extenuabo.
1524 1947 1604 1981 Tua
1631 1948 1725 1981 enim
1749 1948 1866 1981 cautio
1887 1954 2009 1982 nostra
2034 1947 2151 1982 cautio
2178 1955 2241 1988 est,

1254 1999 1355 2047 quasi
1380 1999 1529 2032 diceret:
1557 1999 1710 2034 Prodest
1733 1999 1856 2039 nobis,
1884 2006 1918 2033 te
1943 2012 2015 2034 esse
2041 2000 2178 2034 salxmn
2205 2006 2238 2033 et

1254 2052 1481 2086 incolumem.
1510 2050 1536 2083 C
1548 2063 1567 2083 0
1580 2064 1603 2084 11
1614 2051 1675 2085 icc
1687 2059 1784 2085 tura
1795 2052 1807 2084 1
1820 2051 1853 2085 15
1869 2058 1980 2085 status
1996 2058 2047 2085 est
2063 2064 2105 2084 ex
2119 2063 2241 2096 perso-

1721 2103 1804 2137 Kon
1821 2104 1884 2143 tui,
1911 2103 1994 2149 quia
2021 2109 2103 2136 sunt
2123 2102 2239 2136 amici.

1251 2157 1334 2191 Non
1359 2152 1496 2195 hostes,
1525 2155 1607 2200 quia
1634 2154 1829 2201 perierunt.
1875 2154 2135 2188 Concessio:
2172 2153 2240 2188 Sed

1224 2212 1225 2216 ’
1250 2210 1305 2241 fac
1330 2218 1511 2251 superesse
1543 2205 1679 2248 hostes,
1707 2206 1768 2252 qui
1792 2205 1856 2239 tibi
1880 2218 2008 2251 parum
2031 2205 2135 2251 aequi
2158 2205 2242 2245 sint,

1222 2510 1225 2548 Ῐ
1251 2517 1492 2561 imperatoris.

1222 2634 1223 2657 3
1250 2621 1321 2654 vita
1341 2620 1531 2654 sollicitum
1550 2632 1622 2653 esse
1637 2624 1784 2663 propter
1803 2618 2073 2662 rempublicam.

1255 2267 1375 2293 tamen
1405 2258 1455 2290 illi
1492 2259 1559 2303 ipsi
1593 2266 1625 2292 10
1654 2259 1791 2293 salvum
1830 2269 1903 2292 esse
1934 2257 2059 2291 volunt
2092 2263 2240 2301 propter

1252 2310 1531 2355 rempublicam,
1570 2311 1653 2357 qnia
1679 2310 1877 2354 respublica
1904 2322 1977 2342 non
1999 2314 2132 2352 potest,
2169 2307 2237 2342 nisi

1252 2376 1270 2396 a
1295 2370 1348 2403 te,
1376 2361 1526 2397 restitui.
1579 2361 1625 2395 Et
1646 2359 1703 2395 hic
1726 2361 1824 2395 locus
1852 2360 2004 2394 maxime
2035 2360 2162 2403 dignus
2187 2365 2239 2393 est

1251 2414 1508 2452 admiratione3
1540 2413 1813 2458 prudentissime
1839 2412 1971 2456 colligit
2000 2423 2124 2445 omnes
2147 2411 2239 2444 cala-

1252 2466 1393 2500 mitates
1410 2466 1447 2498 in
1462 2466 1555 2499 bello
1572 2471 1733 2509 acceptas
1749 2464 1925 2498 sanandas
1941 2475 2035 2496 nunc
2053 2462 2238 2507 diligentia

1551 2515 1655 2550 Initio
1686 2516 1851 2549 transfert
1882 2515 2109 2548 inimicorum
2144 2513 2238 2558 cogi-

1250 2569 1403 2602 tationes
1429 2568 1466 2601 in
1487 2580 1588 2602 suam
1612 2579 1820 2612 personam,
1849 2566 1933 2599 dicit
1957 2580 1992 2600 se
2016 2566 2059 2599 de
2077 2565 2239 2599 Caesaris

2124 2616 2238 2650 Con-

1250 2672 1419 2705 l'utatio
1451 2671 1547 2704 vocis
1571 2669 1804 2704 Caesarianae
1829 2670 1872 2702 de
1898 2671 2021 2703 eadem
2048 2680 2104 2707 re,
2139 2668 2237 2713 quod

1250 2723 1333 2757 satis
1359 2723 1418 2756 ‹liu
1442 2721 1580 2756 vixerit.
1631 2720 1691 2755 Est
1715 2728 1831 2754 autem
1859 2720 2053 2755 confutatio
2072 2720 2175 2753 ducta
2195 2730 2236 2752 ex
