2347 3000
74 132 142 167 541
566 131 590 166 Ι.

70 218 125 252 tis.
179 217 269 252 Sunt
288 224 405 251 autem
426 217 558 261 agnitio
576 218 660 259 Dei,
687 225 721 252 et
737 224 900 252 motuum
918 218 1057 251 consor-

69 269 173 303 mitas
192 282 272 303 cnm
287 269 376 302 Deo.
437 269 493 302 Sic
516 269 553 301 in
569 267 695 314 Ioseph
721 270 757 302 in
781 268 845 303 hac
872 270 942 302 vita
973 281 1055 302 xera

69 321 180 354 xirtus
198 327 248 354 est
267 321 338 364 ipse
354 320 466 359 Deus,
502 318 666 354 habitans
689 322 726 354 in
743 320 869 366 Ioseph
895 333 956 365 per
979 333 1055 353 ver-

68 373 152 406 bum
164 399 172 411 ,
201 384 263 415 per
278 371 373 415 quod
390 371 463 414 ipse
481 368 589 419 λόγος
606 372 715 406 Filius
730 373 798 406 Dei
815 380 865 406 est
884 373 918 404 in
938 379 1054 405 mente

68 421 211 467 loseph,
240 422 426 454 ostendens
442 421 578 462 Deum,
606 430 640 456 et
663 425 881 457 voluntatem
908 424 993 462 Dei,
1022 429 1055 455 et

68 474 204 517 spirant
228 472 334 505 Pater
361 478 394 505 et
416 472 526 506 Filius
550 474 721 519 Spiritum
748 482 907 509 sanetum
936 475 969 506 in
994 486 1054 506 eor

66 521 209 567 loseph,
255 522 316 568 qui
353 523 514 558 flammas
545 537 585 559 ac
616 533 733 560 motus
767 527 851 560 tales
884 525 1053 564 accendit,

67 574 179 619 qualis
196 573 269 617 ipse
287 579 349 607 est.

168 623 278 668 Igitur
301 625 351 657 ibi
376 638 518 672 quoque
541 633 592 660 est
613 638 695 659 vera
720 628 830 660 virtus
856 627 928 671 ipse
944 626 1052 665 Deus,

64 673 228 708 habitans
247 675 284 707 in
302 674 428 720 Ioseph
453 689 516 721 per
536 674 666 724 λόγον,
702 684 732 710 et
757 685 874 711 motus
901 690 961 711 sen
988 677 1051 709 im-

61 732 184 770 petus,
220 727 278 771 qui
303 728 474 760 excitatur
498 740 559 771 per
583 728 753 771 Spiritum
777 735 948 763 sanctum.
1006 727 1052 760 Et

62 778 313 822 unaquaelibet
338 780 468 822 species
490 791 551 811 seu
575 779 666 811 actio
691 780 830 813 virtutis
859 780 895 812 in
920 779 1050 812 renatis

61 829 167 862 simul
190 829 434 873 complectitur
456 829 673 872 agnitionem
689 830 776 870 Dei,
799 843 922 864 xerum
946 831 1050 862 timo—

62 891 156 919 rem,
181 892 301 912 veram
326 880 491 912 fiduciam
505 880 733 921 Mediatoris,
761 888 795 914 et
819 882 990 914 laetitiam
1013 880 1049 913 in

61 930 150 963 Deo.
204 930 300 963 Sicut
317 931 532 963 continentia
547 930 673 976 Ioseph
690 931 796 966 habet
817 946 955 966 causam
979 933 1049 965 effi-

61 982 210 1014 cientem
226 981 355 1014 filium
374 982 439 1014 Dei
464 982 500 1014 in
518 989 634 1015 mente
651 985 824 1017 efficacem
841 998 918 1017 eum
939 984 1047 1017 verbo

61 1031 194 1071 vocali,
224 1038 256 1064 et
281 1034 523 1066 ostendentem
548 1046 670 1067 verum
694 1035 829 1074 Deum,
857 1034 1048 1079 prohiben-

58 1089 128 1115 tem
150 1083 363 1116 adulterium
383 1090 416 1116 et
432 1085 689 1128 approbantem
711 1087 948 1119 obedientiam
966 1098 1047 1130 pro-

60 1140 138 1177 pter
170 1133 416 1168 Mediatorem.
490 1134 578 1168 Item
611 1137 782 1180 Spiritum
817 1145 978 1171 sanctum
1011 1137 1047 1169 in

59 1185 165 1217 corde
185 1186 454 1218 confirmantem
473 1187 731 1228 assensionem,
759 1195 792 1221 et
814 1187 908 1222 hunc
932 1189 1046 1233 ipsum

59 1242 196 1268 motum
216 1236 384 1269 castitatis
403 1239 670 1279 accendentem,
700 1240 782 1284 quia
802 1240 874 1283 ipse
893 1240 970 1272 talis
986 1245 1047 1272 est.

57 1287 269 1320 l'raelucent
286 1286 393 1330 igitur
411 1289 494 1321 fides
506 1315 514 1328 ,
537 1289 644 1321 timor
664 1296 697 1322 et
713 1291 853 1324 dilectio
865 1291 951 1331 Dei,
978 1291 1048 1322 lae-

59 1338 136 1370 titia
152 1338 190 1370 in
207 1337 304 1377 Deo,
332 1344 365 1370 et
381 1340 551 1372 accedunt
570 1340 747 1374 invocatio
774 1348 807 1374 et
831 1354 933 1375 causa
962 1342 1047 1373 fina-

58 1389 98 1422 lis
109 1416 118 1429 ,
146 1390 243 1434 quod
258 1390 408 1422 refertur
424 1388 510 1423 haec
527 1391 726 1424 obedientia
745 1394 789 1426 ad
805 1393 954 1436 gloriam
968 1391 1046 1430 Dei,

58 1453 102 1473 ne
135 1440 297 1473 doctrina
327 1441 545 1475 deformetur
572 1443 750 1478 scandalo.
814 1444 878 1477 Est
910 1450 944 1476 et
973 1443 1046 1487 ipse

58 1497 176 1524 motus
199 1491 367 1524 castitatis
389 1491 426 1524 in
450 1490 575 1533 corde,
602 1493 746 1527 flamma
769 1507 913 1528 accensa
931 1507 949 1527 a
968 1494 1046 1539 Spi-

59 1544 131 1576 ritu
154 1549 294 1582 sancto,
341 1543 396 1575 cui
422 1545 585 1577 voluntas
609 1545 760 1579 libenter
785 1553 819 1580 et
843 1553 1045 1581 constanter

59 1595 301 1638 obtemperat,
328 1593 465 1628 etiamsi
489 1595 595 1628 sentit
621 1604 876 1641 repugnantem
897 1599 1045 1632 infirmi-

58 1651 180 1678 tatem.

159 1695 206 1728 At
222 1694 438 1729 continentia
456 1696 492 1729 in
510 1696 712 1732 Alexandro
735 1712 810 1733 non
832 1698 939 1734 habet
959 1701 1045 1734 tales

59 1759 191 1780 causas,
241 1746 426 1780 Tenebrae
449 1749 583 1781 suntin
606 1757 724 1784 mente
750 1752 792 1784 de
818 1752 947 1785 iudicio
966 1752 1045 1792 Dei,

60 1805 94 1832 et
118 1799 159 1831 de
185 1797 402 1837 Mediatore,
444 1811 508 1832 nec
537 1808 619 1834 sunt
645 1802 681 1834 in
704 1804 809 1836 corde
832 1803 941 1836 timor
966 1803 1045 1843 Dei,

57 1849 191 1882 laetitia
216 1849 254 1881 in
275 1849 372 1888 Deo,
400 1850 578 1885 invocatio
604 1853 690 1893 Dei,
717 1866 781 1887 nec
804 1865 907 1888 causa
931 1854 1045 1887 finalis

60 1907 110 1934 est
133 1900 243 1944 gloria
268 1901 355 1940 Dei,
395 1909 533 1936 tantum
556 1910 735 1950 utcunque
763 1905 911 1949 cogitat,
949 1907 1045 1952 quod

59 1952 151 1984 ratio
171 1952 265 1984 videt
280 1954 390 1996 legem
418 1968 489 1988 esse
509 1953 759 1999 prohibentem
785 1957 976 1997 adulteria,
1005 1970 1045 1990 ex

58 2002 125 2036 hac
150 2003 222 2047 lege
242 2005 474 2040 ratiocinatur
491 2007 739 2051 imperandum
765 2020 836 2042 esse
859 2008 1046 2041 locomoti-

62 2068 145 2093 xae,
180 2067 224 2087 ne
248 2057 396 2101 attingat
410 2057 512 2090 Darii
535 2059 739 2103 coniugem,
774 2066 807 2092 et
832 2057 913 2092 huic
936 2059 1046 2093 ratio-

61 2107 230 2140 cinationi
257 2108 513 2156 assentiturll).
564 2110 659 2143 Haec
680 2118 752 2145 tota
777 2110 943 2154 cogitatio
969 2124 1045 2144 mo-

60 2165 119 2191 vet
150 2160 354 2200 cerebrum,
393 2161 528 2193 cerebri
552 2168 651 2195 motu
679 2162 909 2207 impelluntur
933 2163 1045 2203 nervi,

59 2217 98 2243 ut
117 2210 231 2243 cieant
246 2218 362 2245 motus
379 2212 415 2244 in
434 2212 603 2246 membris
627 2219 859 2258 congruentes
882 2211 965 2246 huic
988 2226 1046 2247 co-

62 2261 234 2304 gitationi.

158 2312 253 2356 Quid
285 2313 393 2358 igitur
424 2321 475 2348 est
503 2312 589 2347 haec
622 2314 713 2347 actio
748 2313 785 2346 in
817 2312 1045 2348 Alexandro?

61 2362 215 2395 Tantum
232 2364 457 2398 ratiocinatio
476 2372 508 2398 et
526 2366 679 2399 assensio
708 2371 758 2398 est
781 2378 928 2399 mox'ens
953 2378 1045 2399 cere-

61 2414 185 2453 brum,
225 2421 259 2447 et
284 2416 417 2449 cerebri
444 2423 560 2450 motus
585 2417 768 2461 impellens
793 2428 941 2456 nervos,
981 2430 1044 2450 nec

62 2465 128 2497 alia
149 2476 204 2497 res
223 2465 259 2498 in
276 2466 342 2499 isto
361 2468 553 2502 monstrari
571 2474 703 2511 potest,
731 2479 820 2512 quae
839 2467 1046 2502 nominetur

61 2515 200 2549 castitas
217 2529 306 2561 quae
321 2518 365 2551 sit
379 2519 502 2553 virtus.
555 2520 744 2564 Utcunque
767 2524 884 2552 autem
904 2518 1046 2553 iuvatur

59 2565 146 2600 haec
168 2567 411 2611 ratiocinatio,
451 2578 485 2604 et
511 2571 665 2604 assensio
688 2569 845 2603 bonitate
871 2576 1044 2614 tempera-

58 2618 169 2651 menti
186 2618 221 2650 in
237 2618 458 2663 Alexandro,
485 2623 581 2668 quod
603 2634 676 2656 non
694 2619 803 2655 habet
826 2626 897 2654 tam
920 2621 1042 2666 rapida

91 2734 136 2762 14)
155 2733 232 2759 Conf.
252 2735 322 2760 Plut.
341 2736 419 2761 Alex.
437 2743 460 2762 c.
474 2737 517 2762 21.

641 131 1011 166 PROLEGOMENA
1045 129 1093 166 IN

1131 129 1318 164 OFFICIA
1354 129 1614 166 CICERONIS.
2025 134 2099 169 542

1111 216 1292 257 incendia,
1319 217 1572 264 sicutAiaxffi),
1600 217 1659 263 qui
1677 218 2096 263 stupravitCassandram

1110 268 1146 301 in
1164 269 1295 312 templo
1312 269 1466 303 Palladis
1478 269 1534 315 16).

1210 319 1285 352 Etsi
1305 320 1411 364 igitur
1436 327 1469 353 et
1486 321 1561 354 fieri
1585 327 1733 365 possunt
1753 327 1917 354 externae
1940 321 2096 354 actiones

1108 367 1297 410 honestae,
1342 378 1376 404 et
1407 374 1587 417 quomodo
1622 374 1707 405 liant
1739 384 1780 405 ex
1814 372 2096 405 consideratione

1107 432 1292 454 causarum
1306 448 1315 461 ,
1343 424 1384 455 de.
1401 424 1527 468 quibus
1545 424 1675 457 dictum
1694 431 1763 463 est,
1792 423 1937 464 intelligi
1962 429 2094 466 potest:

1107 477 1226 504 tamen
1244 473 1328 517 quid
1346 473 1390 506 sit
1408 474 1518 508 xirtus
1537 476 1572 508 in
1591 476 1773 508 xoluntate
1797 481 1831 507 et
1852 476 1957 507 corde
1981 472 2095 506 hoini-

1106 522 1160 555 nis
1178 535 1251 555 non
1270 525 1382 556 renati
1402 525 1458 557 xix
1476 527 1611 558 ostendi
1639 533 1769 570 potest,
1804 533 1841 558 ut
1864 527 1905 558 ‹le
1930 525 2092 569 gregario

1107 573 1228 613 milite,
1253 574 1315 607 etsi
1334 576 1546 617 rogitatione
1564 590 1624 610 seu
1640 577 1911 610 ratiocinatione
1929 583 1961 609 et
1979 588 2094 609 assen-

1105 623 1203 657 sione
1219 626 1355 657 moveri
1376 633 1510 669 potest,
1537 635 1575 660 nt
1592 628 1737 672 imperet
1757 628 1908 661 externis
1926 626 2094 660 membris

1105 687 1147 707 ne
1166 675 1319 718 fugiant,
1348 683 1381 709 et
1397 675 1482 709 baec
1500 679 1754 724 ‹plalisrunque
1777 679 1923 722 firmitas
1949 678 2093 711 adiuxa-

1106 731 1161 757 tnr
1179 733 1461 770 temperamento
1474 755 1482 767 ‚
1510 736 1629 762 tamen
1648 730 1740 763 intus
1759 742 1848 774 quae
1863 730 1907 762 sit
1924 729 1997 762 eius
2022 730 2093 761 for·

1104 777 1217 809 titudo
1236 778 1294 810 vix
1309 780 1500 812 monstrari
1522 787 1648 824 potest.

1205 828 1267 861 list
1291 836 1407 862 autem
1432 838 1549 865 motus
1575 833 1718 877 quidam
1747 829 1910 863 heroicus
1938 831 1973 863 in
2007 831 2091 863 viris

1104 880 1365 921 praestantibus
1389 882 1495 915 etiam
1522 895 1595 915 non
1618 883 1769 921 renatis,
1796 889 1833 915 nt
1862 882 2032 914 fortitudo
2057 882 2092 913 in

1101 927 1257 971 Achille,
1283 931 1506 973 Alexandro,
1532 932 1621 967 Iulio
1644 941 1676 967 et
1693 934 1770 966 aliis
1785 933 1924 971 multis,
1952 932 2013 977 qni
2029 933 2092 965 etsi

1102 987 1152 1013 est
1172 983 1305 1014 donum
1322 983 1387 1016 Dei
1400 1011 1408 1023 ,
1436 991 1555 1017 tamen
1575 986 1634 1018 ubi
1652 992 1702 1019 est
1721 985 1795 1018 sine
1813 996 1893 1017 vera
1912 983 2092 1027 agnitione

1101 1032 1186 1073 Dei,
1215 1045 1288 1065 non
1306 1035 1514 1068 nominatur
1530 1037 1588 1069 lux
1605 1037 1686 1069 Filii
1702 1036 1770 1068 Dei
1795 1042 1828 1068 et
1854 1036 1994 1067 ssannna
2014 1035 2091 1078 Spi-

1102 1083 1189 1117 ritus
1217 1086 1349 1125 sancti,
1378 1087 1460 1130 quia
1486 1087 1523 1119 in
1546 1088 1679 1121 renatis
1703 1088 1823 1120 lucent
1848 1085 1981 1130 agnitio
2006 1098 2089 1118 vera

1102 1135 1167 1167 Dei
1178 1161 1186 1175 ‚
1215 1141 1249 1168 et
1265 1137 1465 1178 praesentia
1482 1138 1634 1183 Spiritus
1650 1139 1774 1173 sancti.

1203 1185 1437 1221 Discernendi
1452 1196 1534 1222 sunt
1560 1190 1668 1233 igitur
1691 1196 1811 1224 motus
1832 1189 1869 1222 in
1888 1188 2021 1222 renatis
2045 1189 2088 1219 ab

1102 1236 1143 1269 iis
1167 1237 1289 1278 (touls,
1326 1251 1416 1283 quae
1440 1247 1589 1274 naturae
1614 1242 1776 1275 attribuit
1799 1241 1895 1274 Deus
1922 1239 2027 1272 etiam
2053 1239 2087 1270 in

1102 1299 1173 1320 non
1197 1289 1348 1329 renatis,
1381 1296 1421 1322 ut
1444 1298 1603 1325 servetur
1629 1305 1736 1336 genus
1759 1290 1976 1330 humanum,
2005 1290 2089 1334 quia

1100 1339 1196 1370 nulla
1216 1340 1426 1382 gubernatio
1446 1349 1550 1383 esset,
1578 1343 1647 1376 nisi
1664 1343 1782 1389 aliqua
1805 1349 1895 1377 esset
1918 1341 2088 1375 excellens

1099 1389 1230 1429 xirtus,
1257 1392 1299 1422 de
1322 1389 1376 1424 his
1399 1393 1502 1426 donis
1523 1400 1616 1426 recte
1641 1395 1775 1427 dictum
1793 1401 1843 1428 est
1864 1406 1883 1426 a
1900 1393 2088 1427 Cicerone:

1098 1440 1204 1474 Nulla
1236 1447 1287 1474 est
1319 1443 1488 1477 excellens
1511 1445 1623 1477 virtus
1648 1445 1722 1478 sine
1749 1446 1870 1478 afflatu
1892 1445 2015 1477 divino
2030 1443 2089 1489 l⁷).

1098 1490 1144 1524 Et
1158 1491 1306 1524 Seneca:
1335 1492 1440 1526 Nulla
1459 1501 1510 1527 est
1527 1496 1698 1529 excellens
1712 1496 1823 1529 virtus
1841 1496 1915 1528 sine
1931 1495 2021 1528 Deo.

1200 1542 1246 1575 Et
1264 1543 1346 1588 quia
1365 1542 1403 1576 hi
1419 1552 1536 1580 motus
1552 1544 1686 1579 heroici
1707 1559 1781 1579 non
1806 1553 1888 1580 sunt
1911 1546 1947 1579 in
1973 1545 2087 1579 omni-

1097 1594 1175 1633 hus,
1202 1601 1295 1627 recte
1312 1595 1393 1629 inde
1410 1597 1645 1631 ratiocinatur
1657 1598 1792 1638 Cicero,
1822 1609 1894 1631 esse
1917 1610 1976 1631 eos
1993 1597 2087 1630 testi-

1098 1644 1238 1684 monia,
1275 1648 1371 1691 quod
1393 1648 1437 1680 sit
1452 1648 1566 1689 Deus,
1603 1655 1635 1681 et
1665 1650 1761 1695 quod
1783 1649 1827 1682 sit
1850 1647 2088 1693 providentia,

1098 1695 1180 1741 quia
1200 1693 1237 1728 hi
1258 1704 1376 1731 motus
1401 1699 1576 1744 aliquibus
1599 1700 1803 1734 tribuuntur
1826 1706 1973 1745 propter
1995 1711 2089 1732 com-

1098 1759 1242 1780 munem
1262 1749 1398 1792 generis
1415 1748 1563 1784 humani
1580 1752 1742 1785 salutem.

1200 1798 1268 1832 Sed
1281 1812 1421 1845 semper
1438 1803 1689 1846 quaesiverunt
1705 1803 1893 1847 sapientes,
1916 1814 1995 1834 cnm
2012 1813 2087 1833 ma-

1098 1849 1264 1883 nifestum
1292 1851 1335 1884 sit
1358 1850 1520 1887 heroicos
1546 1854 1698 1898 impetus
1722 1854 1759 1886 in
1782 1853 1903 1898 paucis
1922 1865 2012 1892 esse,
2040 1865 2086 1884 ²¹¹¹

1099 1900 1159 1933 alii
1176 1898 1339 1936 homines
1356 1905 1608 1937 assuefactione
1626 1905 1762 1949 possint
1779 1905 1845 1938 sibi
1869 1905 2008 1937 firmam
2032 1904 2085 1936 in-

1099 1952 1325 1986 clinationem
1350 1954 1490 1995 indere,
1519 1968 1609 2001 quae
1635 1957 1679 1989 sit
1702 1957 1831 1996 virtus,
1864 1956 1900 1988 id
1923 1955 2088 1989 nominat

1098 2003 1303 2037 Aristoteles
1318 2004 1407 2045 ἕξιν,
1437 2018 1528 2052 quae
1553 2007 1638 2052 quid
1656 2008 1717 2047 sit,
1746 2014 1807 2040 aut
1824 2007 1883 2041 ubi
1906 2007 1969 2047 sit,
1997 2006 2086 2039 diffi-

1099 2055 1162 2087 cile
1187 2061 1237 2089 est
1258 2057 1455 2091 ostendere.
1508 2057 1590 2091 Non
1616 2059 1815 2103 negandum
1841 2065 1909 2097 est,
1942 2058 2087 2091 notitias

1098 2118 1200 2150 posse
1223 2107 1390 2148 retineri,
1419 2115 1453 2141 et
1476 2115 1568 2143 artes
1590 2122 1662 2143 esse
1684 2110 1896 2148 memorias,
1934 2116 1967 2142 et
1989 2108 2086 2149 ἕξεις,

1098 2164 1137 2191 ut
1164 2158 1200 2190 in
1221 2158 1376 2203 pictore,
1418 2159 1457 2192 in
1483 2158 1706 2201 citharaedo,
1738 2174 1838 2195 mens
1863 2161 1992 2193 retinet
2013 2172 2084 2192 me-

1098 2209 1251 2242 moriam
1268 2210 1470 2251 doctrinae,
1498 2218 1531 2244 et
1547 2224 1673 2246 manus
1696 2211 1829 2245 habent
1853 2211 1926 2251 ἕξιν
1950 2223 2083 2244 assum-

1098 2267 1196 2305 ptam
1214 2262 1467 2295 assuefactione
1479 2289 1488 2303 ‚
1511 2275 1550 2296 ac
1568 2263 1695 2296 certius
1712 2263 1845 2296 faciunt
1859 2263 1943 2296 artis
1964 2274 2084 2305 opera,

1099 2324 1205 2357 quam
1225 2312 1285 2344 alii
1301 2324 1374 2345 non
1388 2314 1583 2348 assuefacti.
1637 2314 1731 2347 Haec
1754 2315 1795 2346 de
1821 2314 1953 2346 artibus
1973 2314 2084 2345 mani-

1097 2364 1182 2395 festa
1201 2369 1292 2396 sunt.
1344 2363 1543 2397 Fatendum
1562 2371 1612 2398 est
1631 2365 1738 2408 igitur
1753 2366 1858 2397 talem
1884 2377 1956 2398 esse
1981 2371 2084 2397 natu-

1098 2426 1174 2446 ram
1193 2412 1385 2447 humanam
1397 2441 1406 2455 ,
1433 2422 1473 2448 ut
1489 2413 1629 2449 habitus
1647 2416 1784 2461 aliquos
1801 2428 1979 2449 assumere
2004 2428 2083 2459 pos-

1133 2530 1178 2562 15)
1197 2530 1282 2562 Aiax,
1303 2529 1389 2562 O‘ilei,
1409 2529 1559 2554 Locrorum
1578 2529 1669 2561 regis,
1687 2529 1767 2555 filius,

1133 2581 1178 2607 16)
1198 2581 1255 2603 1100
1284 2580 1399 2602 narrant
1424 2579 1560 2608 Lycophr.
1588 2577 1743 2602 357—60.
1776 2579 1841 2603 1142
1860 2586 1898 2609 sq.
1933 2583 1958 2604 et
1992 2582 2070 2610 Quint

1166 2616 1277 2643 Sinyru.
1298 2613 1371 2643 xm,
1397 2613 1455 2636 422.
1510 2612 1588 2636 Conf.
1615 2613 1696 2636 etiam
1723 2614 1823 2643 Heyuii
1846 2618 2021 2639 commentar.
2048 2618 2080 2639 at!

1165 2648 1243 2678 Virg.
1263 2647 1365 2674 Aen.1,
1384 2647 1426 2670 41.
1451 2647 1484 2676 11,
1503 2647 1562 2670 403.
1583 2647 1693 2676 eiusque
1710 2648 1825 2673 Excurs.
1840 2648 1876 2673 X.
1894 2649 1928 2672 ad
1948 2650 2007 2673 libr.
2020 2651 2051 2675 Π,

1131 2698 1176 2726 17]
1195 2697 1273 2721 conf.
1292 2697 1347 2722 Cic.
1372 2697 1405 2720 de
1425 2698 1480 2720 nat.
1499 2697 1581 2720 Deor.
1597 2697 1630 2725 ΙΙ,
1649 2697 1693 2725 66,
1714 2698 1786 2722 lez:
1820 2699 1903 2723 Nemo
1929 2700 2012 2732 igitur
2039 2702 2081 2725 vir

1163 2738 1278 2763 magnus
1298 2732 1359 2756 sine
1376 2731 1466 2762 atiquo
1485 2731 1578 2756 afflatu
1597 2731 1689 2756 divino
1708 2738 1823 2763 unquam
1842 2734 1904 2758 fuit.
