2347 3000
74 138 148 176 273
629 134 671 170 II.

71 235 238 267 magnam
264 222 446 267 regionem
473 221 661 266 occupavit
678 220 735 266 ⁷¹).
809 221 1057 254 Successerunt

71 275 222 320 posteri,
251 275 410 320 quaestio
430 279 500 313 est,
528 284 574 305 an
591 272 679 306 iuste
697 278 852 305 teneant.

173 341 334 386 Denique
365 339 518 373 maxima
550 351 632 383 pars
656 337 843 372 hominum
866 339 1054 378 dubitaret,

70 404 116 426 an
132 393 220 427 iuste
235 404 290 426 res
307 403 386 425 suas
401 391 615 435 possideret,
642 391 670 423 si
688 391 811 434 procul
831 391 1054 435 quaerendae

70 450 184 478 essent
208 455 332 476 causae
357 442 610 476 translationis.
671 440 753 473 Ideo
775 442 954 485 sapienter
976 452 1053 474 san-

69 495 136 528 cita
161 500 211 528 est
233 493 488 538 praescriptio,
521 499 554 525 et
579 492 829 532 constitutum,
864 505 906 525 ne
929 491 1052 535 procul

69 551 286 590 quaerantur
303 556 447 584 causae,
474 544 535 577 sed
551 550 589 577 ut
608 544 720 586 legem
741 550 774 575 et
793 549 951 575 nostram
970 553 1052 574 con-

67 596 251 630 scientiam
268 595 491 639 aspiciamus.

169 663 214 697 Ei
238 661 295 696 11ἰο
322 663 477 707 primum
501 661 620 703 regula
647 660 798 692 tenenda
833 665 900 691 est:
944 658 1050 703 Quod

68 713 195 760 cuique
219 714 380 747 attribuit
404 714 478 751 lex,
505 722 587 743 vera
611 710 801 743 autoritate
827 709 986 749 condita,
1016 711 1049 742 id

69 765 157 798 iuste
184 772 297 805 tenet,
339 763 443 796 etiam
466 761 542 794 Deo
567 761 808 805 approbante,
848 761 931 806 quia
954 761 1050 794 Deus

70 818 245 860 approbat
264 815 424 859 politicas
447 812 689 845 ordinationes
711 812 888 855 probabili
911 812 1048 844 ratione

68 868 187 901 factas.
238 865 359 910 Itaque
379 876 498 896 coram
517 863 593 895 Deo
611 863 705 895 bona
724 863 936 896 conscientia
961 863 1048 896 iuste

69 918 223 962 possides
246 922 343 949 tuam
370 915 544 954 tunicam,
583 913 721 947 etiamsi
744 926 817 946 11011
840 914 923 954 scis,
951 927 1049 959 vqno-

68 970 173 1002 modo
191 967 274 999 lana
293 967 337 999 ad
356 978 435 999 eum
452 965 675 1010 pervenerit,
703 965 764 1010 qui
781 965 861 998 l‘ecit
877 978 1048 1009 pannum.

165 1034 259 1067 Haec
276 1033 437 1066 doctrina
464 1039 498 1066 et
522 1032 717 1065 consolatio
743 1033 847 1066 bonis
871 1033 1048 1066 mentibus

65 1085 260 1119 necessaria
279 1091 346 1125 est,
373 1096 462 1130 quae
490 1083 518 1117 si
542 1084 662 1127 ignota
679 1090 785 1124 esset,
814 1085 1047 1117 conscientiae

63 1137 199 1181 magnis
217 1135 497 1169 dubitationibus
515 1135 812 1168 excruciarentur.

165 1203 233 1237 Sed
252 1203 343 1236 dicet
358 1203 501 1248 aliquis:
538 1202 730 1247 Quomodo
756 1208 872 1246 potest
887 1200 975 1235 1111111
995 1214 1048 1236 res

64 1254 180 1287 aliena
211 1254 376 1293 attribui,
418 1266 493 1286 non
517 1253 728 1286 assentiente
751 1253 922 1286 domino?
981 1253 1049 1285 Ito-

63 1306 238 1350 spondeo:
269 1305 357 1338 Cum
384 1305 543 1348 privatus
568 1305 733 1337 dominus
754 1317 834 1338 suas
861 1316 914 1337 res
940 1305 1049 1347 negli-

64 1357 132 1401 git,
166 1357 222 1389 lex
246 1357 284 1388 fit
305 1356 428 1389 talium
456 1367 575 1388 rerum
594 1355 752 1393 domina,
778 1355 867 1388 sicut
884 1354 978 1387 Deus
996 1355 1048 1386 in-

65 1407 143 1452 quit
168 1406 296 1453 (Exod.
318 1406 374 1446 19,
394 1404 428 1440 5.
462 1406 592 1439 Psalm.
610 1404 670 1445 50,
698 1405 788 1449 12.):
831 1406 943 1437 Terra
970 1418 1045 1437 mea

64 1464 126 1492 051.
189 1457 278 1491 Cum
303 1457 410 1500 igitur
434 1457 488 1489 lex
513 1456 618 1495 sciat,
655 1462 819 1500 oportere
842 1457 948 1489 finem
976 1468 1047 1489 esse

63 1509 198 1548 litium,
226 1514 259 1541 et
276 1507 431 1551 singulos
453 1507 540 1541 scire
559 1513 742 1550 oportere,
770 1519 815 1539 an
832 1519 976 1540 suarum
995 1520 1047 1540 re-

62 1572 143 1593 rum
168 1559 306 1591 domini
331 1558 419 1599 sint,
459 1565 492 1591 et
516 1557 598 1591 iusti
619 1570 856 1602 possessores,
898 1559 1049 1591 consulit

62 1610 244 1644 communi
261 1609 339 1654 paci
357 1616 390 1642 et
404 1609 638 1643 conscientiae
655 1609 923 1653 possidentium.
950 1609 1047 1642 Alio-

62 1661 124 1707 qui
142 1660 235 1694 enim
259 1660 417 1706 quisquis
442 1661 567 1700 vellet,
596 1661 834 1706 qualicunque
851 1667 1047 1705 praetextu,

62 1713 206 1746 turbare
237 1718 391 1745 veterem
420 1723 676 1756 possessorem,
725 1718 763 1745 ut
795 1718 914 1744 tamen
943 1724 1046 1756 saepe

62 1764 138 1796 fieri
168 1763 338 1796 videmus.
405 1764 500 1796 Haec
523 1774 602 1795 cum
627 1762 675 1795 ita
701 1763 756 1795 lex
779 1763 914 1803 sanxit,
952 1763 1047 1796 Deus

62 1815 257 1859 approbat,
296 1820 331 1847 et
360 1826 434 1847 non
463 1813 610 1847 dubium
637 1820 687 1846 est
711 1814 990 1858 praescriptione
1015 1820 1048 1846 et

62 1865 198 1911 acquiri
217 1864 395 1906 dominia,
425 1871 458 1898 et
473 1877 527 1898 res
546 1865 635 1898 iuste
655 1865 828 1908 possideri
844 1866 938 1898 bona
965 1877 1047 1898 con-

63 1916 222 1950 selentia.

233 2006 291 2040 De
319 2006 449 2040 metis
475 2005 882 2051 praescriptionis.

163 2082 233 2116 Sed
265 2083 357 2127 leges
387 2082 537 2127 scriptae
564 2083 784 2116 circumdant
811 2087 921 2114 metas
945 2093 1046 2125 prae-

62 2132 264 2178 scriptioni,
305 2134 365 2167 ubi
392 2134 526 2173 valeat,
568 2146 657 2179 quae
684 2134 712 2167 si
734 2133 931 2172 violentur,
974 2145 1045 2164 non

61 2191 153 2218 recte
172 2186 461 2218 accommodatur
484 2197 616 2218 nomen
639 2183 940 2229 praescriptionis.
999 2183 1045 2216 Ut

96 2318 143 2350 71)
163 2320 237 2342 Haec
256 2318 379 2347 spectant
398 2317 431 2340 ad
447 2317 580 2347 Byrsam,
612 2321 703 2339 arcem
728 2314 754 2338 in
779 2315 866 2338 media
890 2315 956 2338 urbe
974 2315 1045 2339 Car-

133 2353 359 2383 thaginiensium,
378 2351 455 2374 0111115
475 2351 591 2374 11011111115
613 2350 689 2380 origo
709 2356 741 2373 ex
760 2350 926 2373 Graecorum
946 2349 1044 2372 sabulis

133 2389 161 2410 et
180 2387 276 2410 servio
297 2386 360 2409 talis
380 2388 437 2409 est:
470 2385 594 2414 Appulsa
611 2384 646 2407 ad
666 2384 780 2414 Libyam
799 2383 882 2411 Dido,
915 2390 993 2413 quuin
1012 2384 1045 2406 al)

133 2421 234 2444 Hiarba
251 2421 417 2450 pelleretur,
449 2420 527 2449 petiit
545 2418 660 2447 callide,
693 2420 722 2441 ut
741 2419 842 2441 emeret
862 2418 965 2441 tantum
983 2420 1043 2440 ter-

133 2460 197 2484 rae,
232 2456 358 2484 quantum
386 2455 481 2483 posset
505 2453 608 2476 corium
631 2452 708 2476 bovis
731 2453 840 2479 tenere,
872 2452 941 2481 quod
966 2458 1044 2481 qmnn

132 2488 320 2518 permisisset,
350 2488 452 2512 corium
476 2487 503 2511 in
529 2487 706 2510 tenuissimas
725 2487 859 2516 corrigias
879 2488 982 2509 sectum
1001 2488 1044 2508 te-

133 2522 235 2547 tendit,
253 2522 444 2552 occupavitque
463 2522 567 2545 moduni
589 2521 679 2544 stadia
695 2521 737 2544 22.
773 2522 870 2543 Arcem
883 2519 909 2542 111
923 2520 972 2543 1100
986 2519 1044 2543 loco

133 2556 266 2580 conditam
290 2561 307 2578 a
331 2557 426 2580 bubulo
449 2556 523 2580 corio
546 2557 663 2585 Byrsam
691 2554 863 2584 nuncupavit.
917 2553 991 2583 Quod
1017 2554 1044 2576 et

133 2590 222 2617 tangit
240 2589 319 2619 Virg.
339 2591 405 2613 Aen.
425 2591 450 2618 1,
467 2589 519 2613 367
533 2596 575 2619 sq.
605 2589 772 2618 Mercatique
798 2589 902 2616 solum,
928 2587 992 2611 facti
1011 2587 1044 2610 de

134 2624 241 2648 nomine
264 2624 394 2652 Byrsam,
430 2624 547 2647 Taurino
579 2626 705 2653 qnantum
733 2624 844 2652 possent
876 2622 1044 2645 circumdare

134 2660 221 2687 tergo.
275 2657 338 2680 Vid.
363 2657 438 2682 Flor.
457 2658 484 2684 2,
512 2659 553 2688 15,
580 2659 637 2689 11.,
668 2658 804 2681 Drakenb.
832 2657 865 2679 ad
889 2657 936 2679 sil.
958 2657 981 2685 1,
1004 2656 1043 2680 15.

134 2692 236 2722 Scalig.
249 2691 389 2716 Anilnadv.
405 2693 503 2717 Euseb.
522 2699 549 2715 11.
563 2692 624 2718 803,
644 2699 670 2722 p.
686 2693 728 2716 46.
749 2694 775 2715 et
795 2691 826 2714 de
847 2691 949 2714 emend.
964 2692 1043 2719 temp.

134 2726 253 2756 Append.
275 2733 298 2754 p.
313 2726 354 2748 28.

70 2768 249 2798 Mullum.
267 2766 371 2797 opzn.
402 2767 485 2799 Ver..
502 2768 590 2798 XVI.

723 132 929 169 ETHICAE
957 132 1236 169 DOCTRINAE
1263 133 1538 170 ELEMENTA.

2019 143 2093 177 274

1109 220 1137 254 si
1154 220 1231 266 quis
1255 221 1398 255 alterins
1424 234 1591 261 uxorem,
1627 222 1733 256 etiam
1758 224 1926 267 ignorans
1951 224 2091 268 babeat,

1109 284 1333 317 nequaquam
1355 286 1518 306 excusare
1541 274 1652 307 scelus
1675 275 1820 308 nomine
1844 278 2091 321 praescriptio-

1108 321 1162 355 uis
1180 329 1306 365 potest.
1360 324 1536 357 [silatum
1556 332 1605 358 est
1624 332 1740 358 aulem
1760 327 1795 358 in
1814 328 1990 372 aliquibus
2019 342 2091 361 ma-

1107 372 1148 405 lis
1165 376 1418 407 consuetudin(¹
1437 383 1469 408 et
1487 376 1717 409 diuturnitate
1735 379 1903 421 temporis
1927 392 2091 413 excusare

1108 430 1269 466 peccata,
1310 432 1346 457 ut
1382 440 1474 458 1111111·
1504 428 1604 460 11111111
1636 436 1801 461 excusant
1825 430 2091 472 profanationes

1107 473 1255 513 Missae,
1283 481 1316 506 et
1342 477 1429 510 alios
1455 478 1599 511 xiliosos
1623 479 1746 512 cultus.
1800 480 1867 513 Sed
1893 488 2034 513 aeterna
2059 489 2092 514 et

1108 524 1254 557 immota
1272 528 1391 567 regula
1412 531 1560 561 tenenda
1581 536 1647 561 est:
1678 530 1825 563 Peccata
1851 544 1925 564 11011
1951 539 2089 565 excusat

1105 575 1320 609 diuturnitas
1347 579 1536 621 temporis,
1565 587 1601 612 ut
1618 579 1812 615 Ezechielis
1828 584 1890 622 20,
1917 582 1993 627 (18.
2015 584 2090 627 19.)

1104 626 1248 659 dicitur:
1291 626 1330 659 In
1363 630 1558 672 praeceptis
1584 637 1725 674 patrum
1752 640 1950 666 vestrorum
1978 635 2089 667 nolite

1104 678 1297 711 ambulare.
1350 678 1426 721 Ego
1451 679 1627 714 Dominus
1645 682 1740 715 Dens
1761 690 1893 723 xester,
1930 685 1965 718 in
1989 698 2089 730 prae-

1103 729 1211 772 ceptis
1227 729 1314 762 meis
1331 731 1521 764 ambulate.

1203 804 1393 839 Sciendum
1418 813 1468 840 est
1491 806 1598 850 igitur
1614 808 1657 840 de
1680 810 1978 854 praescriptione,
2007 823 2089 844 0011-

1102 854 1256 889 ditiones
1275 863 1430 901 quatuor
1449 859 1618 892 tenendas
1636 871 1720 894 esse.

1204 932 1347 972 Prima,
1386 939 1426 966 ut
1451 946 1506 968 res
1530 935 1608 968 talis
1630 934 1693 975 sit,
1732 948 1822 981 quae
1852 937 1963 969 teneri
1990 950 2090 981 prae-

1101 981 1292 1026 scriptione
1311 984 1441 1028 possit,
1471 985 1551 1030 quia
1572 993 1734 1030 peccata,
1761 999 1817 1020 res
1839 987 2008 1028 furtivae,
2036 1001 2091 1022 res

1102 1034 1292 1067 attributae
1311 1035 1356 1080 ⁷²)
1393 1036 1591 1069 ministerio
1627 1037 1830 1081 Evangelii,
1879 1051 1943 1072 nec
1978 1039 2091 1072 teneri

1102 1085 1382 1130 praescriptione
1401 1094 1568 1131 possunt,
1594 1100 1656 1121 nec
1672 1089 1821 1134 acquiri.

1204 1161 1364 1194 Secunda
1389 1162 1566 1202 conditio,
1602 1170 1641 1196 ut
1666 1163 1709 1196 sit
1735 1164 1844 1198 iustus
1871 1165 2012 1205 titulus,
2040 1165 2091 1197 vi-

1102 1211 1227 1244 delicet
1244 1212 1414 1245 successio
1433 1213 1469 1245 iu
1488 1212 1716 1255 haereditate,
1744 1216 1799 1248 vel
1818 1216 1969 1260 emptio,
1999 1228 2089 1262 quae

1102 1263 1140 1294 fit
1156 1263 1251 1295 bona
1269 1264 1504 1304 conscientia,
1532 1265 1586 1297 vel
1602 1266 1768 1306 donatio,
1798 1273 1836 1300 ut
1859 1280 1977 1301 emens
2002 1280 2089 1311 pan-

1101 1325 1187 1346 num
1204 1326 1222 1346 a
1241 1321 1438 1347 mercatore
1457 1316 1530 1348 sine
1550 1317 1652 1356 dolo,
1674 1323 1805 1350 statuat
1821 1330 1856 1351 se
1874 1330 1957 1351 vere
1976 1319 2090 1351 domi-

1101 1376 1186 1396 num
1206 1365 1294 1404 fieri,
1322 1371 1355 1397 et
1372 1363 1438 1398 hoc
1455 1367 1653 1400 dominium
1673 1374 1705 1400 et
1723 1366 1813 1401 lianc
1830 1369 2089 1413 possessionem

1101 1426 1121 1447 a
1138 1414 1214 1447 Deo
1234 1416 1439 1460 approbari.

1205 1490 1328 1523 Tertia
1358 1490 1537 1531 conditio,
1573 1491 1667 1524 bona
1693 1492 1798 1533 fides,
1830 1493 1866 1527 id
1894 1501 1967 1534 est,
1994 1495 2089 1527 bona

1102 1541 1326 1576 conscientia.
1390 1541 1466 1575 Etsi
1495 1548 1613 1575 autem
1643 1540 1730 1576 haec
1754 1545 1910 1578 conditio
1937 1545 2090 1578 correla-

1101 1592 1172 1624 tiva
1190 1594 1364 1626 secundae
1383 1605 1455 1626 esse
1475 1593 1634 1633 videtur,
1660 1607 1739 1628 cum
1756 1595 1878 1629 titulus
1895 1596 2005 1630 iustus
2027 1602 2089 1635 est,

1100 1649 1216 1687 potest
1234 1656 1415 1689 possessor
1433 1642 1562 1677 habere
1578 1645 1711 1678 bonam
1729 1647 2001 1687 conscientiam,
2029 1648 2087 1681 sed

1101 1700 1220 1727 tamen
1243 1694 1331 1728 haec
1355 1695 1530 1729 restrictio
1555 1697 1800 1740 complectitur
1824 1705 1858 1731 et
1881 1698 2008 1738 aliam,
2039 1698 2090 1730 vi—

1100 1745 1246 1786 delicet,
1286 1758 1331 1779 ne
1358 1746 1394 1779 in
1421 1754 1558 1780 emente
1590 1748 1634 1780 sit
1661 1749 1774 1782 dolus.
1845 1750 1969 1783 Posset
1993 1749 2089 1781 enim

1101 1808 1219 1830 emens
1251 1798 1358 1837 scire,
1400 1810 1475 1830 rem
1503 1810 1575 1831 esse
1601 1799 1768 1832 furtivam
1794 1807 1855 1833 aut
1878 1812 2013 1833 sacram
2031 1800 2089 1844 ⁷3),

1100 1848 1276 1881 nesciente
1295 1849 1491 1882 venditore.
1545 1848 1798 1883 Honestissime
1824 1851 1931 1895 igitur
1955 1851 2088 1885 dictum

1101 1905 1169 1938 est,
1195 1901 1239 1931 ad
1256 1900 1574 1943 praescriptionem
1595 1901 1727 1945 requiri
1746 1902 1875 1935 bonam
1894 1903 2017 1941 fidem,
2053 1903 2086 1934 id

1101 1955 1168 1989 est,
1197 1950 1329 1983 bonam
1354 1951 1627 1991 conscientiam,
1663 1964 1706 1985 ne
1731 1953 1815 1997 quid
1842 1953 1925 1986 dolo
1951 1959 2088 1996 agatur,

1100 2007 1133 2032 et
1159 2012 1203 2034 ne
1229 2002 1275 2034 sit
1301 2002 1461 2035 affectata
1505 2002 1718 2045 ignorantia.
1782 2004 1875 2038 Nam
1916 2004 2088 2048 particula

1098 2053 1206 2086 bona
1250 2052 1366 2096 fides
1412 2052 1563 2086 excludit
1605 2054 1812 2098 multiplicia
1857 2053 2088 2099 sophismata,

1099 2103 1187 2136 sicut
1203 2104 1389 2149 antiquum
1408 2104 1557 2137 dictum:
1582 2102 1678 2138 Inter
1693 2105 1806 2139 bonos
1823 2106 1911 2139 bene
1931 2105 2086 2150 agierffl).

1098 2153 1202 2186 ltem:
1230 2153 1270 2187 In
1288 2155 1526 2189 contractibus
1542 2156 1656 2188 bonae
1674 2157 1765 2196 fidei,
1792 2158 1966 2202 quaedam
1986 2169 2086 2200 prae-

1100 2206 1224 2238 standa
1247 2218 1340 2246 esse,
1369 2219 1459 2251 quae
1475 2219 1547 2239 non
1566 2213 1646 2240 sunt
1664 2214 1867 2252 nuncupata
1885 2209 2015 2251 lingua.

1201 2279 1337 2324 Quarta
1361 2280 1537 2320 conditio,
1573 2287 1624 2314 est
1648 2281 1877 2324 possessionis
1902 2281 2085 2314 continua-

1098 2331 1168 2370 tio,
1196 2331 1732 2375 sineinterruptionelegitima.
1795 2332 1842 2364 Ut
1867 2344 1921 2365 res
1943 2333 2083 2366 mobilis

1097 2382 1251 2415 triennio
1271 2382 1345 2416 sine
1362 2382 1645 2426 interpellatione
1664 2382 1820 2426 legitima
1846 2395 2003 2427 possessa
2029 2384 2084 2417 sit.

1130 2534 1177 2565 72)
1197 2533 1361 2561 attributae]
1379 2530 1417 2555 sic
1436 2531 1502 2555 Edd.
1522 2530 1596 2555 1550.
1616 2532 1642 2554 et
1665 2531 1756 2562 15544
1784 2531 1850 2555 Edd.
1867 2532 1939 2556 1557.
1963 2534 1988 2556 et
2010 2533 2083 2557 1560,

1166 2568 1353 2593 attributivae.

1130 2629 1178 2656 73)
1200 2627 1255 2650 Res
1283 2630 1364 2649 sacra
1388 2622 1404 2648 i.
1425 2631 1449 2654 q.
1474 2629 1557 2653 snpra
1576 2622 1601 2646 in
1620 2623 1707 2653 prima
1734 2624 1888 2648 conditione
1913 2625 2083 2656 appellatur:

1166 2668 1213 2686 res
1232 2661 1366 2684 attributa
1384 2658 1538 2682 ministerio
1558 2658 1710 2688 Evangelii.

1131 2723 1178 2751 7-1)
1201 2720 1278 2745 Conf.
1298 2723 1382 2748 supra
1401 2717 1502 2786 p.12863.
1529 2719 1594 2742 nota
1608 2717 1649 2741 27.
