2347 3000
224 124 321 159 1107

794 120 916 156 PHIL.
953 118 1064 154 MEL.
1100 117 1303 153 SCfflPTA
1336 119 1674 156 PHILOLOGICA.

2151 122 2248 156 1108

536 258 573 294 2.
627 255 777 291 ALIA
815 253 1080 292 SCHOLIA
1113 254 1382 292 PHILIPPI
1420 255 1949 306 MELANTHONISM).

305 374 614 421 Paraphrasis
652 375 828 408 exordii
861 388 942 420 pro
972 374 1141 409 Caelio.

331 454 460 497 Magna
478 464 562 484 vero
587 464 641 485 res
667 451 703 483 in
729 451 899 485 iudicium
926 451 1022 484 vonit
1047 457 1079 484 et
1101 450 1220 493 digna,

233 506 269 539 in
294 518 399 551 quam
424 503 519 536 seriis
550 502 746 547 profanatis
770 509 804 536 et
828 503 975 547 publicis
1000 503 1092 535 ludis
1112 502 1220 534 inter—

232 556 347 590 missis
364 560 437 588 tota
457 554 580 587 civitas
598 554 780 587 incumbat
802 566 876 586 non
899 554 1021 594 aliter,
1056 559 1161 598 atque
1183 552 1220 584 in

233 607 374 652 publico
404 604 569 638 inccndio
601 604 759 638 universi
783 605 983 639 domesticis
1010 616 1049 637 ac
1073 603 1222 648 publicis

234 659 340 691 rebus
363 656 494 690 relictis
520 656 566 689 ad
596 656 879 700 propulsandum
912 655 1048 700 patriae
1084 655 1222 699 pericu-

234 709 307 741 lum
327 713 554 741 concurrunt.
608 707 704 751 Quid
722 707 816 740 enim
839 706 979 751 agitur?
1008 719 1093 739 num
1115 711 1154 739 ut
1172 717 1223 738 sc-

234 759 371 793 ditiosis
390 759 523 792 civibus
542 769 641 791 arma
661 758 697 790 in
714 759 866 802 patriam
884 764 1044 802 suscepta
1071 756 1224 801 eripian-

236 810 317 844 tur?
368 822 455 843 num
491 816 530 842 nt
567 809 774 853 capitolium
812 809 996 843 obsidione
1030 806 1223 841 liberetur?

234 861 338 902 Non,
379 862 440 895 sed
470 873 548 894 mos
577 861 712 903 geritur
743 860 984 905 impudentiae
1016 858 1225 898 meretricis,

239 925 330 958 quae
350 911 564 946 adolescenti
580 911 670 944 irata
691 912 888 956 periculum
911 911 1036 955 capitis
1062 911 1225 949 intentat,

235 970 275 998 ut
291 964 453 997 dolorem
472 962 583 995 animi
606 962 660 996 sui
683 963 884 997 ulciscatur.
946 961 984 995 ld
1008 968 1060 996 est
1084 974 1169 994 vero
1188 961 1224 992 in

236 1015 339 1059 nugiS
355 1014 576 1058 tragoediam
592 1025 715 1057 agere,
738 1014 894 1047 fabulam
914 1014 957 1046 ab
974 1013 1063 1045 irata
1082 1012 1225 1045 mulier-

237 1067 314 1099 cula
342 1067 527 1098 confictam
559 1070 592 1097 et
625 1064 829 1097 ementitam
860 1063 966 1097 tanus
996 1063 1120 1096 studiis
1152 1069 1224 1095 tani

237 1118 354 1149 alieno
380 1122 539 1159 tempore
572 1115 608 1146 in
639 1115 758 1148 sorum
789 1115 938 1148 adferre.
1007 1114 1132 1158 Neque
1161 1125 1224 1156 ego

237 1180 332 1201 nunc
349 1179 536 1200 succenseo
554 1164 719 1198 Atratino
728 1165 774 1211 93)
787 1192 796 1205 ‚
823 1166 884 1199 sed
900 1165 1108 1198 muliebrem
1130 1165 1226 1197 suro-

237 1231 311 1252 rem
345 1218 654 1262 comprimendum
681 1218 790 1257 duco,
827 1229 897 1262 quo
922 1214 978 1249 hic
1002 1216 1168 1248 incitatus
1193 1220 1226 1247 et

236 1269 462 1315 impulsusffl)
482 1267 661 1301 innocenti
678 1267 872 1312 perniciem
887 1265 1124 1300 machinatur.
1158 1266 1226 1299 Κρ-

239 1334 297 1353 mo
325 1320 419 1353 enim
448 1320 493 1352 ad
516 1317 608 1352 hanc
632 1319 891 1352 accusationem
914 1330 1020 1352 sanus
1046 1318 1141 1350 ultro
1167 1318 1226 1349 de-

236 1371 437 1411 scendisset,
464 1377 525 1403 aut
541 1371 570 1404 si
587 1370 832 1409 descendisset,
859 1369 1021 1414 polliceri
1033 1368 1099 1402 sibi
1117 1367 1227 1400 victo-

237 1423 327 1455 riam
349 1422 539 1466 potuisset,
572 1421 642 1454 nisi
660 1421 696 1453 in
713 1421 815 1454 malis
840 1421 993 1460 artibus,
1021 1426 1083 1453 ant
1102 1425 1226 1463 poten-

237 1474 286 1506 tia
310 1473 558 1518 improborum
581 1485 679 1516 spem
704 1472 856 1516 positam
880 1469 1038 1504 haberet.
1090 1470 1225 1503 Verum

237 1524 443 1558 Atratinum
461 1524 573 1556 llbero
592 1524 693 1567 culpa
706 1550 714 1562 ,
744 1523 805 1569 qui
822 1523 877 1556 vel
897 1522 1012 1555 officio
1032 1521 1087 1555 vel
1113 1527 1225 1554 aetate

239 1577 284 1609 ad
312 1576 549 1609 accusandum
574 1574 731 1607 Caelium
756 1575 927 1607 adductus
954 1580 1015 1607 est.
1082 1572 1174 1607 Nam
1198 1572 1227 1605 si

236 1633 402 1671 paternas
418 1625 621 1659 inimicitias
637 1626 897 1670 persequendas
914 1624 1070 1668 putavit,
1096 1623 1226 1667 pietate

239 1679 368 1722 lapsus.
422 1677 483 1710 Sin
501 1682 619 1709 autem
635 1676 791 1720 speravit
809 1675 994 1707 xictoriam
1006 1701 1014 1715 ‚
1049 1675 1227 1707 condone-

238 1735 295 1762 tur
315 1728 420 1761 aetati
439 1727 691 1771 imprudentia.
745 1727 813 1759 Sed
833 1738 912 1758 cum
930 1726 1065 1771 reliqua
1088 1736 1227 1757 accusa-

240 1786 358 1814 torum
374 1791 484 1812 manu
502 1778 616 1812 acrius
632 1775 720 1810 mihi
736 1777 1013 1810 concertandum
1030 1782 1100 1816 est,
1128 1782 1191 1810 etc.

615 1875 853 1911 Scholia.

339 1956 465 1989 Oratio
484 1961 533 1988 est
549 1954 686 1998 generis
704 1951 890 1991 iudicialis,
919 1951 1001 1997 quia
1019 1957 1148 1995 purgat
1163 1951 1227 1983 cri-

240 2007 335 2039 mina
355 2007 488 2039 obieeta
507 2005 639 2039 Caelio.
692 2003 888 2036 Exordium
909 2009 1027 2035 antem
1046 2000 1153 2034 habet
1173 2014 1228 2034 ex-

240 2058 483 2091 tenuationem
502 2068 625 2089 causae
643 2054 860 2088 contrariam
877 2053 1039 2097 opinioni
1055 2053 1227 2096 publicae.

240 2109 332 2152 Quia
371 2108 464 2141 enim
497 2108 620 2140 diebus
651 2105 747 2139 festis
779 2106 1006 2138 exercebatur
1037 2104 1226 2137 iudicium:

239 2160 362 2193 Cicero
396 2172 469 2192 reni
503 2163 687 2197 extenuat,
728 2162 762 2189 et
791 2156 876 2188 dicit
900 2155 1082 2198 indignam
1109 2155 1227 2195 fuisse,

239 2223 328 2256 quae
356 2211 477 2243 diebus
503 2210 598 2243 sestis
622 2213 905 2251 cognosceretur.
949 2206 1077 2244 ἄλλως.
1132 2205 1227 2238 Haec

238 2262 353 2294 oratio
382 2268 431 2295 est
456 2261 492 2293 in
516 2266 639 2294 senatu
664 2257 801 2296 habita;
836 2269 927 2304 quae
943 2257 1121 2303 sequitur,
1148 2268 1225 2289 eam

238 2325 303 2358 pro
330 2313 460 2346 nostris
486 2312 530 2345 ad
553 2310 728 2356 populum
745 2309 843 2343 dixit.
897 2308 992 2342 Haec
1010 2314 1128 2342 autem
1147 2320 1225 2341 ora-

273 2448 321 2475 92)
341 2448 415 2471 Haec
433 2446 537 2471 scholia
560 2446 588 2471 iu
614 2447 674 2471 sola
691 2445 739 2469 Ed.
757 2444 832 2469 1568.
858 2442 1033 2467 inveniuntur
1059 2442 1098 2467 sic
1123 2442 1224 2466 inseri-

307 2484 369 2511 pta:
394 2483 455 2505 Alia
474 2482 578 2506 scholia
596 2481 692 2510 Philip.
713 2480 775 2504 Mel.
795 2480 822 2502 in
841 2478 994 2502 orationem
1012 2483 1060 2508 pro
1076 2479 1111 2502 Μ.
1130 2477 1227 2501 Caelio

308 2516 406 2545 partim
426 2516 541 2545 privatis
560 2515 701 2545 discipulis
721 2513 892 2544 conscripta,
925 2511 1025 2543 partim
1050 2518 1083 2536 ex
1107 2517 1156 2536 ore
1181 2512 1223 2535 le-

308 2550 398 2580 gentis
419 2552 545 2580 excepta,
572 2550 646 2574 1531.

274 2601 323 2629 93)
345 2601 482 2629 Atratino]
508 2601 554 2624 Ed.
574 2600 647 2624 1568.
673 2600 696 2623 h.
716 2599 734 2622 l.
759 2597 906 2625 Atrocino,
937 2595 999 2621 aliis
1023 2597 1113 2621 autem
1137 2596 1223 2621 locis:

308 2636 449 2658 Atramao.
487 2636 541 2657 Nos
562 2635 656 2663 ubique
679 2634 704 2656 in
734 2633 856 2656 omuibus
882 2632 959 2654 huius
983 2631 1100 2654 nominis
1126 2631 1222 2655 formis

309 2670 429 2693 litteram
449 2675 463 2692 c
482 2669 507 2691 in
527 2670 538 2692 t
557 2668 735 2697 1nutavinius3
755 2668 826 2690 conf.
845 2672 928 2695 supra
949 2673 973 2696 p.
994 2667 1067 2690 1094.
1088 2667 1151 2689 nota
1165 2667 1187 2689 4.

271 2720 319 2748 94)
337 2720 484 2750 impulsus]
505 2719 552 2742 Ed.
570 2718 643 2743 1568.
661 2719 746 2741 male:
768 2717 899 2747 impulsi&

1273 358 1322 392 tio
1339 365 1434 392 caret
1448 358 1675 399 narratione,
1712 359 1796 405 quia
1820 359 1858 393 in
1882 360 2131 405 respondendo
2157 372 2258 395 rarus

1273 416 1323 444 est
1337 422 1419 444 usus
1436 410 1698 444 narrationum.

1376 476 1503 522 Cap.1.
1532 476 1562 521 ξ.
1581 478 1612 511 1.
1637 479 1679 511 Si
1702 476 1796 525 quis]
1824 476 1856 510 A
1879 479 2080 523 paradoxo,
2106 476 2173 512 hoc
2197 486 2260 520 est,

1275 540 1292 559 a
1313 534 1473 572 tempore
1492 534 1611 572 captat
1628 529 1824 563 exordium.
1895 528 2040 577 Leynm]
2060 529 2262 573 Congeries.

1275 578 1446 626 ,Mb-elecr]
1475 578 1690 619 Insinuatio‚
1718 592 1786 624 qna
1805 586 1969 613 extenuat
1989 593 2123 615 novum
2147 593 2262 614 exem—

1275 631 1396 673 plum,
1426 631 1521 676 quod
1547 631 1578 662 xi
1605 631 1775 664 debeatur
1800 631 1910 664 Caelii
1935 643 2036 665 causa
2063 632 2262 675 degravari.

1276 680 1447 728 Zl'eyote'is]
1475 681 1626 714 Collatio
1646 682 1815 725 temporis
1838 689 1872 715 et
1896 682 1992 724 legis.
2071 685 2142 716 Nec
2161 683 2262 716 ‹lubi-

1275 730 1340 778 ret]
1375 732 1500 765 Ratio:
1543 732 1635 777 Quia
1668 733 1780 776 magis
1809 739 1978 777 gravatur
2007 733 2145 767 Caelius
2179 733 2262 766 odio

1278 783 1442 824 Clodiae,
1471 795 1576 828 quam
1598 795 1715 817 causa.
1796 785 1901 825 Quum
1923 783 2058 831 uucIe'ut]
2086 783 2262 828 Interpre—

1278 834 1364 866 tatio
1382 847 1446 878 per
1464 833 1727 879 synonymiam.
1802 833 1907 881 Filio]
1936 835 2065 868 scilicet
2082 834 2260 869 Atratino-

1282 884 1435 932 Vocarit]
1453 885 1592 918 Caelius
1608 885 1701 918 enim
1721 885 2108 919 accusavitAtratinum
2126 892 2265 930 patrem

1277 936 1452 975 Atratini,
1487 942 1656 981 tanquam
1682 949 1781 969 reum
1810 936 2077 971 coniurationis.
2155 939 2266 971 Atra-

1277 990 1343 1022 tini
1361 985 1470 1034 illius]
1498 987 1679 1020 Secundus
1696 988 1790 1020 locus
1808 988 1943 1020 exordii
1963 994 2032 1028 est,
2067 988 2102 1021 in
2119 999 2189 1033 quo
2207 999 2264 1021 ex-

1279 1044 1401 1070 tenuat
1419 1050 1559 1070 causam
1579 1038 1824 1070 translatione.

1381 1094 1411 1139 ἓ.
1434 1099 1468 1131 2.
1507 1098 1577 1130 Sed
1610 1109 1668 1139 090
1702 1094 1883 1143 Atratino]
1927 1095 2050 1129 Tertia
2086 1096 2263 1129 excusatio

1278 1146 1446 1181 Atratini.
1499 1147 1647 1179 Tractat
1670 1147 1764 1179 enim
1790 1147 2033 1180 adversarium
2058 1146 2157 1180 molli
2181 1146 2265 1179 arti-

1280 1198 1378 1238 culo,
1405 1204 1444 1230 ut
1462 1197 1510 1230 ait
1529 1197 1772 1242 Quintilianus
1783 1198 1842 1245 ⁰⁷⁷).

1381 1256 1466 1300 Cap.
1492 1255 1533 1291 ll.
1568 1255 1596 1301 §-
1622 1257 1657 1292 3.
1697 1255 1942 1304 Deformamli]
1985 1270 2027 1291 zu
2065 1253 2266 1291 schmehen.

1280 1306 1452 1354 obiectus]
1481 1308 1600 1340 Prima
1622 1308 1831 1352 propositio.
1892 1308 1966 1340 Hae
1983 1315 2101 1341 autem
2119 1319 2265 1352 respon-

1279 1359 1396 1392 siones
1412 1359 1595 1392 continent
1611 1358 1765 1403 ἄτεχνα,
1794 1356 1860 1392 hoc
1879 1366 1941 1399 est,
1967 1365 2174 1403 argumenta
2191 1358 2267 1392 sine

1280 1416 1374 1449 arte,
1410 1410 1492 1455 quia
1520 1410 1691 1443 infitiatur
1717 1416 1853 1443 tanturn
1882 1422 1942 1450 ea,
1976 1422 2067 1456 quae
2095 1409 2267 1443 obiiciun-

1280 1468 1355 1500 tur,
1384 1467 1418 1493 et
1436 1461 1535 1494 addit
1558 1461 1714 1494 rationes
1739 1461 1900 1505 vulgares
1921 1468 2079 1505 sumptas
2103 1473 2122 1493 a
2146 1461 2266 1504 signis,

1280 1512 1353 1545 sine
1372 1518 1457 1546 arte.
1539 1514 1631 1553 Quod
1657 1514 1796 1546 iamdiu
1816 1511 1947 1559 minus]
1975 1511 2264 1557 Propositi0nem

1280 1563 1517 1608 propositioni
1536 1563 1705 1607 opponit,
1733 1569 1853 1608 estque
1870 1561 1926 1596 llic
1943 1564 2039 1597 locus
2059 1564 2265 1596 confutatio.

1384 1621 1412 1665 ξ.
1432 1622 1465 1656 4.
1496 1626 1629 1668 Equite's
1643 1621 1808 1668 Romani]
1836 1622 1867 1654 A
1885 1636 1948 1656 sno
1973 1630 2005 1655 et
2031 1623 2186 1656 indicum
2209 1634 2265 1655 ex-

1280 1674 1396 1716 emplo
1415 1674 1551 1716 arguit,
1578 1686 1650 1706 non
1668 1673 1824 1706 criminis
1841 1674 1919 1705 loco
1940 1674 2025 1718 poni
2042 1674 2168 1706 debere
2191 1685 2264 1706 esse

1281 1724 1407 1768 equitis
1431 1724 1587 1757 Romani
1609 1724 1731 1757 tilium.
1810 1726 1918 1764 Nam,
1952 1727 2036 1770 quod
2060 1727 2099 1758 cle
2120 1721 2262 1770 pietate]

1281 1775 1497 1808 Translatio.
1602 1773 1843 1822 Existimatio]
1878 1775 1948 1808 wir
1972 1776 2102 1819 miigen
2126 1776 2265 1807 darvon

1282 1827 1401 1859 reden.

1385 1882 1414 1927 ξ.
1430 1882 1463 1917 5.
1492 1886 1601 1923 Num,
1629 1881 1732 1929 quod]
1761 1882 1959 1916 Secundum
1980 1885 2113 1916 crimen
2129 1884 2170 1917 de
2190 1896 2267 1917 mu-

1282 1935 1466 1979 nicipibus.
1549 1933 1805 1981 I'2‹teolum'⁹⁶)]
1840 1934 1871 1966 Α
1894 1935 2095 1968 testimonio
2120 1941 2153 1967 et
2175 1934 2265 1967 litte-

1281 1987 1340 2020 ris.
1429 1983 1608 2032 Ordinem]
1644 1985 1675 2017 id
1704 1991 1772 2024 est,
1804 1986 2035 2019 senatorium.
2128 1988 2266 2028 (Σουρία-

1281 2035 1379 2083 remi]
1408 2035 1523 2070 baben
1542 2034 1603 2068 iliu
1622 2037 1656 2068 in
1673 2034 1768 2068 Ralit
1784 2035 1970 2080 gewelilet.
2047 2037 2265 2080 Detulerunt]

1280 2086 1395 2120 haben
1414 2085 1487 2121 sicli
1506 2088 1578 2120 also
1597 2100 1705 2131 gegen
1723 2085 1784 2119 ilm
1802 2088 1970 2132 erzeiget‚
2005 2087 2054 2121 :ds
2078 2087 2127 2120 sie
2151 2085 2266 2121 solchs

1279 2137 1371 2171 noch
1390 2151 1498 2183 gegen
1515 2138 1699 2184 koincuffl)
1718 2139 1847 2183 erzeigt
1865 2137 1999 2177 haben,
2035 2140 2097 2171 der
2113 2138 2162 2172 sie
2179 2139 2264 2170 den-

1279 2188 1371 2222 noch
1396 2190 1546 2223 darumb
1573 2190 1719 2232 gebeten
1745 2187 1818 2223 liat.
1909 2191 2044 2234 Videor]
2081 2189 2262 2222 Transitio

1280 2241 1465 2274 continens
1481 2247 1728 2285 argumentum
1741 2267 1750 2280 ‚
1779 2253 1849 2286 quo
1865 2241 2048 2285 probatur,
2077 2240 2173 2285 quod
2188 2252 2265 2272 mo-

1278 2305 1333 2326 res
1343 2292 1453 2325 Caelii
1471 2292 1540 2325 sint
1557 2292 1771 2336 probabiles,
1794 2292 1875 2336 quia
1892 2292 2023 2324 scilicet
2040 2291 2146 2335 ipsius
2163 2298 2264 2335 pater

1279 2350 1311 2376 et
1332 2343 1527 2387 municipes
1549 2343 1711 2387 probent.
1795 2344 1931 2386 lecisse]
1964 2342 2154 2385 Epilogus,
2189 2344 2263 2375 und

1278 2392 1526 2438 epiphonema.
1595 2395 1844 2438 Commendata]
1867 2391 1922 2426 ilir
1940 2393 2075 2426 wcrdet
2090 2390 2151 2426 ilin
2166 2390 2264 2426 nicht

1277 2443 1483 2488 vordechtig
1500 2443 1632 2478 lialten.

1309 2578 1356 2605 95]
1377 2575 1488 2607 Quintil.
1508 2574 1594 2599 instit.
1614 2577 1683 2600 orat.
1703 2575 1752 2606 XI,
1773 2576 1797 2605 1,
1815 2575 1874 2607 70„
1894 2575 1947 2602 vid.
1967 2581 2052 2607 supra
2070 2583 2094 2607 p.
2111 2576 2186 2603 1035.

1308 2628 1369 2685 96}
1380 2626 1545 2685 Ιέτιῖῖοῑαηῐ]
1571 2624 1611 2648 sic
1635 2624 1684 2648 Ed.
1710 2624 1817 2655 orell.;
1853 2625 1904 2650 Ed.
1927 2625 2000 2650 1568.
2028 2631 2125 2651 errore
2150 2628 2260 2658 typogr.

1372 2669 1386 2684 11
1404 2668 1434 2684 eo
1450 2666 1503 2684 αηι.

1309 2712 1356 2743 97)
1377 2711 1490 2739 kciucn]
1510 2710 1558 2734 Ed.
1577 2709 1649 2733 1568.
1671 2709 1788 2735 keinem.
