2347 3000
58 110 154 146 1213
378 106 468 145 XVI.

56 207 157 235 nem,
184 201 223 228 ut
248 195 410 228 ostendat
433 193 616 238 Ligarium
639 194 715 229 sine
741 196 951 241 cupiditate,
979 196 1051 231 Tn-

56 247 227 279 beronem
248 259 325 279 cum
343 244 535 289 cupiditate
552 246 749 290 profectum
768 260 851 282 esse.
931 249 1050 294 Nemo]

56 297 157 343 quasi
187 296 296 329 dicat:
349 297 430 331 Non
464 297 637 341 parebant
670 298 827 339 senatui,
871 299 931 345 qui
954 300 1049 333 vole-

55 349 142 381 bant
159 347 314 392 partium
333 348 642 383 Caesarianarnm.

159 397 188 442 ξ.
215 399 274 433 21.
314 401 399 433 Sors
423 396 587 446 coniecta]
620 400 869 434 Sortiebantur
891 400 1046 433 Romani

57 451 99 483 ‹le
124 449 328 494 provinciis.
411 451 511 495 Sors]
546 451 582 483 id
608 458 679 492 est,
721 458 814 485 sorte
839 458 1046 485 consecutus

55 507 107 535 est
122 500 299 541 Africam,
326 502 387 534 das
406 501 475 534 loss
496 503 563 545 gab
581 514 616 536 es
642 500 728 536 ibm.
815 503 922 547 Quae]
952 503 1045 535 Haec

54 552 197 592 inserit,
224 558 351 585 utnon
368 551 548 593 videatur,
577 565 656 586 eum
675 552 850 587 hostiliter
868 554 1044 600 persequi,

53 604 113 637 sed
130 604 322 637 adductum
339 601 560 637 humanitate
578 603 723 650 Ligarii.

158 652 188 699 ξ.
208 657 269 690 22.
302 655 395 699 Viri]
421 654 552 688 scilicet
573 655 750 701 Pompeii.

53 712 107 739 cet
121 706 182 751 qui
198 706 329 739 bellum
347 706 515 739 volebant
530 718 650 751 gerere
666 719 745 741 cum
756 705 917 741 Caesare.

50 757 223 801 cupatam]
250 756 382 790 scilicet
397 769 416 790 a
431 756 547 798 Varo,
582 758 644 804 qui
668 757 774 791 etiam
797 758 865 791 fuit
884 757 1041 802 partium

50 807 366 852 Pompeianarum.
453 806 590 856 Oritur]
627 808 719 854 Quia
745 808 834 842 alius
857 807 956 853 prius
976 808 1042 841 suit

51 858 89 891 in
120 858 260 899 Africa,
302 858 402 904 quasi
436 858 546 891 dicat:
591 859 628 892 Si
663 859 826 903 LigariUs
858 865 1040 904 peccatum

51 910 246 950 commisit,
272 910 332 955 qui
358 909 471 942 tenuit
486 908 664 951 Africam,
699 923 764 944 nos
790 910 895 944 etiam
920 923 1042 955 pecca-

49 961 129 1001 stis,
170 961 231 1006 qui
258 960 417 994 voluistis
439 966 571 994 tenere.
677 964 783 1002 Quum
815 963 959 1008 aliquem
989 959 1040 1008 se]

49 1011 203 1056 Epitasis
220 1017 271 1045 est
287 1011 323 1044 in
340 1023 425 1045 voce
441 1024 486 1045 se.
565 1013 645 1047 Non
664 1010 749 1060 sicit]
777 1012 892 1047 Varus
916 1013 1042 1046 maluit

51 1076 124 1097 esse
148 1062 357 1107 imperator.
410 1062 525 1097 Nemo
550 1063 645 1096 enim
669 1064 821 1097 libenter
846 1076 887 1098 ex
912 1064 1041 1097 talibus

50 1114 328 1158 possessionibus
346 1114 490 1147 excedit.
570 1115 705 1159 Fasces]
733 1115 863 1148 scilicet
889 1115 1039 1159 insignia

48 1165 202 1210 imperii.

153 1214 258 1259 §.23
302 1212 453 1261 Recepti]
490 1215 767 1257 Recriminatio,
801 1216 838 1249 in
864 1229 931 1263 qua
959 1217 1039 1250 facit

50 1279 154 1312 pares
171 1278 311 1306 causas,
339 1266 412 1299 imo
429 1266 633 1302 Tuberonis
650 1267 875 1302 deteriorem.

154 1317 240 1362 Cap.
259 1316 350 1351 VIII.
378 1316 407 1362 ξ.
426 1318 487 1353 23.
519 1321 599 1352 Vide
620 1317 719 1366 quid]
743 1317 970 1364 Apostrophe
996 1320 1040 1351 ad

53 1369 258 1409 Caesarem,
302 1380 371 1414 qua
404 1375 524 1414 captat
554 1370 851 1404 benevolentiam.
913 1370 1040 1409 ἄλλως.

49 1421 143 1465 Quia
161 1421 236 1453 vult
251 1420 387 1460 dicere,
414 1421 511 1466 quod
526 1420 666 1454 videtur
687 1433 758 1455 esse
776 1428 898 1454 contra
915 1422 1038 1455 Caesa-

49 1484 146 1512 rem,
194 1471 295 1516 quasi
334 1471 444 1504 dicat:
502 1471 540 1505 Si
577 1471 782 1506 tradidisses
818 1473 1039 1517 provinciam

50 1522 214 1563 Caesari,
242 1522 332 1555 male
348 1522 497 1557 fecisses.
549 1522 780 1568 Respondeo:
810 1524 939 1558 Caesar
956 1537 1038 1568 pro-

48 1576 111 1608 bat
127 1573 383 1613 constantiam,
411 1586 484 1606 non
502 1574 699 1617 perfidiam.
760 1574 855 1608 Haec
872 1576 974 1615 dicit,
1002 1582 1040 1608 nt

49 1637 192 1659 causam
212 1623 413 1658 Tuberonis
429 1626 555 1657 reddat
569 1626 681 1670 magis
698 1625 868 1667 invisam,
904 1633 938 1660 et
956 1626 1040 1660 dicit

49 1689 128 1710 eum
152 1676 253 1708 valde
280 1674 399 1709 hostili
424 1676 544 1708 animo
570 1683 690 1710 contra
711 1677 896 1711 Caesarem
920 1678 1038 1711 fuisse.

48 1727 231 1762 Sententia
250 1727 356 1770 igitur
373 1724 478 1760 huius
495 1726 563 1762 loci
580 1734 647 1761 est:
681 1728 738 1761 Tu
756 1728 886 1762 Caesar
911 1742 945 1762 es
972 1729 1039 1761 cle-

48 1778 300 1812 mentissimus.
352 1777 400 1810 Et
416 1775 483 1810 hoc
501 1776 641 1812 scbema
662 1792 744 1812 vere
767 1781 861 1824 apud
887 1778 1038 1813 rhetori-

50 1843 108 1864 cos
129 1835 278 1862 vocatur
299 1825 585 1875 ἅπροςὸόκητον.
651 1830 761 1864 Addit
791 1831 905 1871 enim,
941 1832 1038 1877 quod

49 1881 180 1915 Caesar
195 1892 268 1913 non
284 1879 405 1913 suisset
422 1879 649 1923 probaturus,
675 1881 703 1914 si
720 1881 932 1922 tradidisset,
954 1882 1036 1928 quia

48 1946 121 1966 non
145 1938 241 1965 amat
265 1931 477 1976 proditores.
541 1930 707 1975 Figurate
730 1933 861 1977 probat
887 1934 1038 1966 clemen-

47 1984 131 2018 tiam
146 1983 304 2017 Caesaris
316 2009 324 2021 ,
354 1982 491 2015 etiamsi
508 1981 648 2016 videtur
666 1983 800 2029 aliquid
817 1990 937 2018 contra
956 1997 1036 2017 enm

47 2036 174 2069 dicere.
228 2033 414 2079 Philippus
430 2033 579 2066 Macedo
599 2034 705 2075 (lixit,
732 2047 767 2068 se.
785 2036 936 2080 probare
955 2048 1037 2080 pro-

47 2087 240 2125 ditionem,
268 2098 341 2118 non
360 2085 572 2129 proditores.

151 2136 179 2181 ξ.
197 2136 257 2171 24.
298 2133 484 2182 Victoriae]
509 2135 638 2169 scilicet
663 2135 834 2171 Caesaris.
937 2136 1035 2185 Rex]

48 2188 178 2223 scilicet
202 2187 305 2227 iuba,
343 2187 432 2220 sicut
459 2199 553 2219 nunc
585 2199 645 2220 rex
669 2187 817 2222 Galliae.
879 2187 940 2221 Ille
974 2201 1035 2222 au-

48 2247 117 2273 tem
133 2239 216 2273 Iuba
241 2239 385 2272 iuvabat
409 2244 527 2282 partes
545 2238 708 2282 Pompeii
726 2240 892 2273 adversus
911 2239 1035 2273 Caesa-

45 2304 133 2326 tem.
240 2288 445 2337 Conventus]
480 2289 610 2322 scilicet
634 2290 732 2330 loca,
772 2291 834 2324 ubi
858 2291 1031 2335 praesidia

48 2349 166 2383 erant,
194 2342 294 2387 quasi
312 2341 424 2374 dicat:
448 2340 621 2384 praesidia
641 2341 739 2373 firma
759 2348 791 2373 et
807 2354 948 2386 magna.

149 2392 179 2438 ἓ.
194 2391 255 2429 25.
283 2395 409 2435 Nempe
430 2394 475 2426 ad
490 2390 582 2439 eum]
619 2390 672 2424 Ex
696 2393 926 2438 consequenti
949 2405 1031 2438 pro-

41 2445 104 2478 bat
125 2457 203 2479 eum
225 2444 394 2484 voluisse,
421 2443 552 2476 bellum
577 2455 697 2487 gerere
721 2445 888 2479 adversus
905 2444 1031 2479 Caesa-

43 2508 131 2530 rem.
209 2498 311 2530 Cuius
327 2495 574 2539 auctoritatem]
602 2493 791 2529 Subiectio.
872 2497 1030 2541 Querela]

43 2547 144 2592 quasi
168 2546 277 2579 dicat:
320 2544 417 2580 Nibil
442 2545 538 2578 aliud
563 2545 753 2586 accusatis,
796 2560 903 2593 quam
932 2549 1028 2593 quod

0 2623 1 2637 ¹
40 2598 203 2642 Ligarius
219 2610 293 2630 non
309 2596 509 2642 permiserit
526 2609 589 2630 vos
605 2597 734 2630 bellum
758 2610 879 2641 gerere
905 2605 1027 2632 contra

0 2640 2 2691 J
40 2649 238 2683 Caesarem.
342 2652 452 2695 Atque
475 2650 512 2682 in
531 2645 610 2695 hoc]
652 2647 784 2684 ironia.
891 2651 1028 2693 Culpam

36 2699 125 2748 esse]
153 2701 362 2749 εἰρωνικῶς.

832 656 924 700 Una]
953 655 1044 690 scili-

520 106 803 144 ENARRATIO
838 108 1098 150 ORATIONIS
1135 113 1383 150 CICERONIS
1418 113 1516 148 PRO
1549 114 1757 151 LIGARIO.

980 708 1043 741 Oe·
1062 741 1064 748 ,

1988 119 2084 154 1214

1208 201 1293 246 Cap.
1308 199 1365 235 IX.
1395 199 1424 245 §-
1443 201 1503 237 26.
1531 203 1600 236 Sed
1618 204 1708 243 ride,
1739 201 1877 250 quffl‘w]
1907 202 2001 237 Laus
2019 204 2091 237 Tu-

1100 253 1243 287 beronis
1269 265 1287 285 a
1311 253 1522 287 constantia.
1599 252 1846 300 Constantium]
1874 255 1987 287 Vocat
2008 268 2089 288 con-

1101 305 1288 344 stantiam,
1323 317 1397 338 non
1424 304 1655 349 pertinaciam
1678 304 1760 337 belli
1785 306 1940 348 gerendi.
1995 306 2089 339 Ilaec

1100 356 1196 397 (licit,
1223 362 1261 389 ut
1278 362 1487 400 praegravet
1503 368 1642 389 causam
1655 356 1868 390 Tuberonis.
1929 358 2088 400 Ereplus]

1099 406 1305 450 Legenduin
1333 413 1402 447 est,
1434 414 1594 451 receptus
1605 407 1663 453 79).
1750 409 1875 451 Μαρηὶ
1901 410 2089 451 cuiusdam]

1098 458 1129 490 Α
1148 458 1392 502 magnitudine
1409 458 1531 492 animi.
1596 458 1718 502 Nulla]
1745 459 1845 504 quasi
1862 458 1971 491 dicat:
2000 458 2089 491 Fue-

1098 517 1181 543 runt
1200 509 1317 542 onmia
1339 510 1371 541 in
1392 509 1582 543 Tuberone
1599 510 1795 554 superiora.

1203 568 1232 613 ἓ.
1249 569 1309 604 27.
1337 571 1478 604 Causam
1497 570 1604 613 illum]
1633 569 1761 602 scilicet
1779 568 1961 613 Pompeii,
1991 569 2090 613 quasi

1098 620 1207 654 dicat:
1237 620 1303 654 lste
1322 620 1516 665 asperrime
1533 620 1637 664 gessit
1661 620 1792 653 bellum
1818 621 1986 654 adversus
2004 620 2091 653 Cae-

1096 683 1224 706 sarem.

1200 729 1230 775 §-
1246 731 1309 767 28.
1338 730 1440 774 Quid]
1463 730 1580 764 Maius
1600 736 1849 774 argumentum
1869 731 2090 763 constantiae

1096 782 1310 817 Tuberonis.
1390 779 1488 829 Eius]
1506 781 1831 826 scilicetPompeII,
1861 781 1960 827 quasi
1981 781 2090 813 dicat:

1095 833 1220 868 Noluit
1248 846 1314 867 nos
1344 833 1530 866 restituere
1553 833 1705 867 Africae.
1811 835 1894 867 Eius
1924 832 2088 876 animum]

1096 885 1197 930 quasi
1220 885 1331 918 dicat:
1375 885 1458 919 Non
1481 883 1595 917 fuistis
1619 884 1858 921 remissiores,
1895 885 1955 916 sed
1978 883 2090 926 magis

1096 936 1290 980 cupiebatis
1313 947 1433 979 gerere
1458 936 1603 968 bellum.
1683 937 1724 969 ln
1739 935 1938 978 praesidiis]
1968 934 1999 965 id
2028 940 2089 969 est,

1096 986 1222 1027 otiosi,
1258 987 1357 1033 quasi
1384 987 1494 1019 dicat:
1525 986 1683 1019 minime.
1780 986 1852 1029 An]
1874 985 2001 1017 seilicet
2022 982 2088 1016 boc

1093 1038 1241 1079 fecistis,
1279 1037 1409 1072 scilicet
1450 1044 1487 1071 ut
1529 1037 1702 1081 cuperetis
1737 1036 1879 1069 vincere
1913 1043 1945 1068 et
1972 1036 2088 1067 delere

1094 1087 1224 1124 hostes.
1316 1092 1358 1124 In
1381 1086 1535 1135 reliquis]
1569 1089 1699 1122 scilicet
1734 1099 1778 1119 an
1811 1087 1916 1120 eratis
1950 1099 2011 1119 vos
2042 1086 2089 1119 sic

1094 1140 1230 1181 affecti,
1269 1146 1309 1174 ut
1332 1140 1404 1175 alii.
1521 1140 1658 1183 Omnes]
1693 1138 1755 1171 Est
1786 1150 1920 1170 novum
1955 1140 2088 1172 κῶλον.

1094 1192 1312 1236 Responsio:
1340 1190 1435 1235 Ergo
1453 1203 1596 1236 qnoque
1620 1189 1716 1224 volui
1740 1189 1844 1223 vinei.
1898 1188 2085 1221 Transfert

1095 1244 1235 1288 culpam
1253 1250 1286 1276 et
1302 1243 1337 1275 in
1355 1255 1402 1276 50.
1514 1243 1592 1287 Fui]
1618 1241 1750 1275 scilicet
1777 1246 1858 1273 ante
1885 1240 2015 1273 bellum
2042 1239 2088 1271 ci-

1095 1295 1175 1328 vile.
1256 1294 1359 1339 Eum]
1387 1293 1518 1328 scilicet
1534 1294 1570 1326 in
1589 1293 1674 1327 acie.
1754 1291 1976 1337 Quamquam]
2002 1290 2088 1323 Cor-

1094 1345 1215 1379 rectio.

1196 1413 1282 1458 Cap.
1299 1413 1340 1447 X.
1378 1411 1487 1457 §.QSL
1523 1414 1615 1446 Ilaec
1636 1412 1708 1456 eye]
1743 1410 1959 1454 Occupatio:
1994 1409 2087 1448 Scio,

1094 1465 1191 1510 quod
1215 1464 1346 1498 Caesar
1373 1476 1447 1497 non
1473 1475 1575 1507 aegre
1604 1464 1671 1495 sert
1702 1463 1768 1496 ista
1800 1461 1888 1499 dici,
1936 1467 1969 1493 et
2000 1460 2086 1499 scio,

1094 1517 1190 1561 quod
1209 1516 1315 1550 vultis
1334 1515 1447 1548 videri
1463 1521 1556 1548 recte
1579 1514 1719 1554 fecisse,
1754 1514 1815 1547 sed
1840 1512 1948 1546 secuti
1973 1511 2087 1545 fuistiS

1093 1567 1319 1612 Pompeium.
1385 1565 1468 1600 Ideo
1495 1565 1635 1609 mitigat
1657 1564 1792 1598 mitiori
1817 1563 2011 1601 vocabulo,
2054 1568 2088 1595 et

1093 1625 1144 1652 est
1173 1618 1284 1651 veluti
1314 1618 1488 1662 quaedam
1522 1615 1713 1650 excusatio,
1817 1617 1917 1648 Nunc
1947 1613 2086 1659 quaero]

1094 1669 1282 1703 Conclusio
1308 1681 1371 1713 per
1391 1668 1622 1705 divisionem,
1658 1667 1695 1699 in
1718 1678 1787 1712 qua
1812 1666 1940 1699 iterum
1966 1665 2087 1697 obiur—

1093 1727 1151 1764 gat
1168 1721 1416 1759 Tuberonem,
1446 1720 1541 1764 qnod
1567 1718 1729 1751 excludat
1745 1717 1833 1750 alios
1851 1729 1868 1749 a
1886 1716 2086 1749 misericor-

1092 1771 1169 1812 dia,
1197 1771 1331 1804 etfacit
1347 1771 1526 1804 dilemma.
1605 1771 1648 1804 Si
1665 1765 1881 1815 reipublicae]
1911 1767 2010 1812 quasi
2034 1766 2086 1798 di-

1092 1829 1164 1855 cat:
1192 1822 1430 1867 Nequaquam
1454 1820 1669 1866 reipublicae
1692 1819 1840 1853 iniurias
1865 1830 2084 1863 persequun-

1092 1880 1168 1913 tur,
1197 1873 1279 1918 quia
1296 1873 1441 1906 Tubero
1466 1885 1540 1905 non
1564 1871 1678 1905 voluit
1699 1878 1818 1904 tenere
1834 1870 1989 1903 Africam
2014 1869 2082 1902 rei-

1091 1924 1252 1969 publicae
1269 1936 1393 1965 causa,
1427 1925 1488 1958 sed
1507 1922 1672 1968 Pompeii
1695 1934 1810 1956 causa.
1870 1921 1937 1954 Sed
1965 1921 1992 1955 si
2019 1932 2081 1952 vo—

1090 1976 1209 2009 luisset
1233 1976 1448 2020 reipublicae
1472 1987 1574 2008 causa
1602 1981 1740 2012 tenere,
1781 1972 1957 2006 debuisset
1985 1971 2083 2016 quie-

1090 2040 1203 2067 scere,
1247 2039 1321 2060 non
1352 2026 1529 2060 debuisset
1559 2027 1675 2070 palam
1700 2024 1858 2069 profiteri
1883 2036 1917 2057 se
1943 2021 2082 2057 bostem

1090 2091 1161 2112 esse
1182 2078 1353 2112 Caesaris.
1434 2075 1583 2124 Errefis]
1611 2076 1709 2122 quasi
1729 2076 1840 2109 dicat:
1871 2075 1959 2108 Cum
1983 2074 2081 2117 igno-

1089 2129 1180 2163 verit
1197 2130 1318 2170 vobis‚
1345 2142 1417 2162 non
1435 2130 1568 2162 debetis
1586 2141 1665 2161 eum
1685 2140 1809 2160 acuere
1835 2133 1956 2159 contra
1981 2125 2079 2158 alios.

1088 2177 1223 2227 Itaque]
1246 2180 1418 2225 Epilogus
1437 2180 1621 2213 continens
1630 2178 1676 2225 s⁰)
1695 2178 1994 2223 deprecationem,
2023 2188 2080 2208 cu-

1089 2232 1141 2265 ius
1160 2232 1358 2277 propositio
1379 2237 1444 2266 est:
1474 2230 1572 2265 Nihil
1589 2231 1670 2263 volo
1689 2230 1869 2274 disputare
1882 2255 1890 2268 ,
1925 2228 1984 2262 sed
2002 2233 2078 2259 tan-

1087 2289 1162 2316 tum
1198 2284 1279 2316 volo
1313 2283 1507 2327 deprecari.
1575 2281 1708 2327 Estque
1738 2279 1914 2314 transitio.
1976 2278 2078 2311 Post-

1087 2347 1194 2379 quam
1211 2334 1304 2367 enim
1319 2334 1453 2378 Ligarii
1472 2334 1605 2366 crimen
1624 2331 1845 2371 extenuavit,
1874 2336 1904 2363 et
1925 2328 2080 2363 ostendit

1086 2385 1313 2419 Tuberonem
1331 2383 1631 2418 vehementiorem
1648 2381 1784 2417 hostem
1802 2381 1920 2421 fuisse,
1949 2381 2076 2413 omissa

1084 2437 1374 2470 recriminatione
1386 2463 1394 2476 ,
1424 2436 1520 2469 venit
1537 2437 1582 2468 ad
1601 2434 1900 2479 deprecationem.
1983 2434 2074 2466 Num

1082 2489 1160 2533 tibi]
1191 2488 1393 2522 Correctio:
1431 2487 1498 2521 Sed
1522 2488 1670 2520 sortasse
1692 2492 1796 2530 putas
1821 2496 1878 2517 me
1905 2483 1993 2516 velle
2018 2484 2076 2515 de-

1081 2540 1223 2573 fendere
1245 2538 1442 2584 Ligarium.
1539 2537 1652 2583 Facto]
1686 2536 1817 2572 scilicet
1842 2535 2074 2569 defendenda

1114 2663 1162 2691 79)
1181 2663 1322 2694 receptus]
1341 2661 1382 2687 sic
1399 2662 1448 2686 Ed.
1469 2661 1557 2687 Orell.
1576 2659 1603 2684 in
1623 2660 1698 2684 textu
1715 2659 1804 2683 habet.

1114 2715 1162 2745 80)
1181 2714 1339 2744 oontinons]
1356 2713 1404 2739 Ed.
1424 2712 1497 2738 1568.
1518 2717 1613 2736 errore
1631 2712 1759 2742 typogr.:
1778 2708 1920 2741 [contines.
