2347 3000
210 145 280 179 187

206 226 416 274 ἀτάραχον·
452 224 565 272 πολλὴ
590 223 663 274 γὰρ
690 224 730 259 ἐν
753 223 830 261 τοῖς
852 221 972 266 ὄχλοις
994 217 1016 264 ἡ
1039 214 1194 275 ταραχή.

206 281 286 316 Non
311 280 416 323 igitur
443 278 658 321 negligamus
682 274 923 318 disciplinam,
958 271 1018 304 sed
1043 281 1194 303 sctamus

207 332 376 365 divinitus
393 329 569 374 praecipi,
594 334 633 360 ut
651 327 758 360 simus
775 322 920 361 intenti,
947 333 1010 354 nec
1036 320 1194 354 laxemus

208 387 324 416 tri—nos
344 382 478 415 xitiosis
504 379 765 423 cupiditatibus.
820 373 892 418 Qui
912 373 1034 406 volens
1056 372 1120 405 alit
1141 371 1194 404 in-

208 434 330 467 cendia
359 433 526 466 vitiorum
551 429 710 463 admissis
734 424 923 463 illecebris,
949 424 1068 458 turbat
1085 423 1195 468 Spiri-

208 494 282 519 tum
300 491 480 522 sanctuni,
508 494 571 515 nec
599 479 728 524 expetit
749 490 783 511 se
808 476 999 520 gubernari
1023 487 1042 508 a
1060 475 1195 520 Spiritu

208 543 349 576 sancto,
377 548 455 569 cum
482 534 553 577 ipse
578 529 797 563 contrarium
822 527 938 561 faciat.
988 527 1195 560 Postulatur

209 589 349 620 enimet
369 592 489 619 nostra
509 582 710 625 diligentia,
738 586 775 612 ut
793 579 925 613 Paulus
951 578 1066 624 inquit
1081 578 1126 623 55)
1151 579 1196 610 ad

208 637 335 683 Eplies.
353 635 392 680 (5
404 663 412 675 ,
436 633 526 678 15.):
555 633 743 666 Ambulate
761 637 934 670 accurate,
952 643 1025 663 non
1041 636 1081 663 ut
1096 629 1195 669 satui,

209 691 268 724 sed
288 696 325 723 ut
341 687 515 731 sapientes
533 684 668 730 etc.⁵⁶).
722 684 809 717 Cum
835 682 928 714 enim
955 681 1070 727 inquit
1097 693 1196 713 accu-

210 748 300 779 rate,
330 737 498 783 praecipit
513 763 521 776 ,
548 742 586 770 ut
601 736 672 770 sint
690 735 724 767 in
743 733 844 767 nobis
862 733 1048 777 cogitatio,
1082 732 1196 765 inten—

210 792 277 830 tio,
312 803 395 823 cura
409 789 454 835 ⁵⁷)
471 795 505 821 et
522 794 668 821 conatus
687 785 902 831 reprimendi
925 785 1070 818 xitiosos
1088 784 1196 828 impe-

211 851 275 876 tus.
328 841 373 875 lit
394 842 438 873 ad
463 838 553 872 lianc
578 837 927 882 circumspectionem
956 842 989 869 et
1013 836 1056 868 ad
1069 834 1115 880 ὅ3)
1134 848 1198 867 no-

209 901 321 927 strum
341 899 508 926 conatum
527 892 669 924 accedat
691 888 867 922 invocatio
886 887 971 927 Dei,
1000 887 1084 920 sicut
1106 887 1195 919 infra

211 958 329 978 rursus
347 945 513 976 dicemus.
567 941 611 975 Et
630 942 760 975 Paulus
782 941 824 972 (le
841 952 914 972 sese
941 939 1008 970 iam
1032 950 1137 972 senex
1152 938 1197 983 5⁰)

210 996 295 1029 dixit
313 996 458 1041 (1.(]‹›r.
478 994 512 1032 9,
531 993 625 1039 27.);
658 993 791 1036 Sugillo
811 1003 938 1034 corpus
955 1002 1090 1029 meum,
1111 996 1144 1022 et
1163 989 1197 1021 in

209 1048 414 1081 semitutem
439 1045 581 1087 redigo,
610 1058 673 1084 nc,
708 1057 786 1077 cuni
811 1042 900 1075 alios
924 1043 1091 1080 doceam,
1126 1041 1198 1085 ipse

210 1102 291 1132 fiam
312 1099 495 1142 reprobus.

315 1159 387 1190 llae
407 1165 436 1190 el
459 1156 590 1190 shniles
608 1156 739 1187 multae
765 1152 959 1187 sententiae
977 1151 1199 1196 [maccipiunt

634 1213 666 1238 ct
700 1205 934 1237 intentionem
968 1203 1003 1234 iu
1040 1202 1200 1244 regendis

962 1254 1043 1287 ,Non
1074 1254 1201 1284 consu·-

211 1210 312 1243 uobis
343 1208 561 1252 dilig-cutiam
576 1234 585 1245 ,

213 1262 392 1298 moribus,
427 1272 516 1306 quae
548 1257 732 1301 disciplina
768 1256 907 1288 dicitur.

212 1314 338 1345 manda
365 1319 415 1345 est
438 1310 649 1352 negligentia
677 1308 711 1339 in
738 1305 963 1343 bominibus,
994 1304 1199 1348 praesertim

210 1377 287 1397 cum
306 1364 391 1396 salsa
410 1362 453 1395 sit
473 1361 614 1405 opinio,
642 1371 764 1391 omnes
782 1363 929 1389 conatus
947 1356 981 1388 in
1001 1354 1145 1388 homine
1165 1355 1200 1387 in

213 1414 372 1457 regendis
390 1412 542 1445 externis
565 1410 764 1444 actionibus
781 1409 900 1441 irritos
926 1413 957 1439 et
973 1407 1096 1439 inanes
1116 1419 1201 1445 esse,

210 1480 248 1498 ac
265 1465 460 1498 necessario
479 1463 565 1502 lieri,
584 1468 623 1495 ut
639 1461 839 1493 Alexander
857 1458 1043 1491 interliciat
1058 1458 1201 1497 Clitum,

210 1518 293 1550 sicut
329 1513 560 1548 Anaxarchus
574 1513 620 1558 60)
661 1511 912 1545 consolabatur
946 1509 1200 1542 Alexandrum.

245 1652 293 1678 55)
311 1650 403 1674 Tertia
428 1652 513 1671 causa
538 1645 671 1669 adiuvans
696 1656 730 1660 ——
755 1646 783 1666 nt
811 1643 913 1666 Paulus
936 1642 1036 1672 inquit]
1069 1641 1108 1665 sic
1133 1642 1201 1665 Edd.

281 1685 353 1709 ¹557.
374 1687 399 1707 et
417 1682 503 1709 1560.;
524 1680 589 1704 Edit.
608 1679 682 1702 1550.
702 1680 729 1701 et
745 1678 834 1701 1554.:
855 1677 947 1700 Tertia
966 1682 1050 1699 causa
1069 1676 1202 1699 adiuvans

280 1722 324 1743 est
343 1717 496 1747 disciplina,
517 1720 595 1745 quae,
618 1717 647 1736 ut
666 1714 715 1736 hoc
734 1713 793 1735 loco
812 1712 880 1735 lianc
899 1717 992 1734 vocem
1012 1710 1202 1741 intelligimus,

279 1758 321 1778 est
339 1751 515 1777 assuefactio,
535 1754 604 1779 quae
624 1750 667 1771 est
687 1747 714 1769 in
733 1747 870 1776 potestate
889 1746 1020 1768 hnmanae
1040 1744 1200 1775 voluntatis,

279 1795 305 1812 et
320 1790 450 1811 vei-satur
463 1785 536 1807 circa
548 1788 645 1806 causas
660 1781 833 1805 remotiores.
857 1780 882 1803 id
898 1782 951 1805 est,
970 1779 1042 1802 circa
1055 1779 1201 1802 illecebras

280 1826 306 1846 et
325 1818 565 1846 circumstantias,
585 1823 654 1847 quae
675 1816 791 1839 invitant
810 1815 844 1838 ad
863 1813 1085 1843 delinquendum,
1105 1815 1132 1836 et
1151 1814 1201 1837 ho-

281 1857 368 1881 nestis
395 1853 534 1878 laboribus
561 1851 683 1881 reprimit
710 1852 836 1873 errantes
862 1848 1041 1878 cupiditates,
1079 1849 1107 1870 nt
1133 1848 1201 1872 Cato

279 1892 354 1915 dixit.
393 1888 520 1912 Homines
540 1886 603 1909 nihii
623 1885 739 1916 agendo,
760 1883 831 1906 mala
849 1888 934 1911 agere
953 1882 1062 1905 discunt
1081 1882 1201 1910 (Cotum.

279 1927 311 1949 de
332 1931 361 1948 re
381 1926 450 1947 rust.
472 1922 518 1947 11,
540 1922 570 1947 1,
589 1920 658 1947 260.
705 1920 796 1947 Quare
814 1917 964 1941 hominibus
982 1917 1097 1946 proponi
1115 1917 1201 1940 hone-

280 1965 340 1984 stos
362 1960 470 1982 labores
492 1948 603 1979 necesse
623 1955 676 1984 est,
696 1953 739 1982 qui
760 1954 785 1975 et
804 1958 852 1982 per
872 1958 936 1975 sese
955 1951 1026 1974 freni
1045 1952 1108 1974 sunt
1125 1951 1201 1980 cupi-

280 1995 409 2017 ditatum.
430 1994 456 2014 et
475 1989 644 2013 assuefactio
664 1988 697 2011 ad
717 1993 762 2010 res
787 1988 917 2009 honestas
942 1985 1079 2016 agendas,
1105 1986 1201 2014 paula-

280 2029 327 2052 tini
341 2027 424 2051 nectit
444 2025 548 2048 animos
568 2024 601 2048 ad
627 2023 794 2046 intellectum
813 2022 840 2044 et
857 2026 978 2044 amorem
996 2019 1114 2043 virtutis.
1158 2020 1202 2043 Sic

281 2064 364 2087 inulta
384 2061 454 2084 mala
474 2059 553 2087 vitat,
573 2057 617 2088 qui
637 2057 706 2087 sugit
727 2056 798 2079 mala
817 2055 944 2078 sodalitia.
963 2056 990 2078 et
1008 2054 1201 2083 lielluationes,

279 2097 323 2128 qui
343 2097 463 2122 linguae,
483 2093 527 2122 qui
549 2092 634 2116 oculis
656 2091 785 2121 imperat,
806 2096 840 2113 ne
860 2091 961 2112 temere
980 2090 1125 2119 vagentur,
1146 2088 1201 2111 sic-

279 2136 307 2155 ut
327 2129 473 2154 verissime
493 2127 591 2150 dictum
611 2127 667 2149 est:
701 2125 798 2148 Vitare
819 2126 949 2154 peccata,
974 2126 1016 2146 est
1041 2123 1130 2146 vitare
1155 2128 1202 2146 oc-

278 2165 405 2189 casiones
433 2164 614 2192 peccatorum.
669 2161 703 2183 Et
729 2159 894 2189 praesertim
928 2164 977 2181 nos
1014 2157 1039 2180 in
1066 2158 1201 2188 Ecclesia,

280 2201 408 2223 sciamus.
430 2196 584 2220 mandatum
604 2194 653 2218 Dei
672 2200 752 2220 esse,
773 2195 801 2216 ut
820 2193 949 2216 voluntas
968 2192 1049 2215 etiam
1068 2193 1202 2222 repugnet

280 2235 363 2258 vitiis.
402 2232 452 2261 Qui
472 2231 567 2254 volens
587 2230 636 2253 alit
656 2229 780 2252 incendia
798 2228 927 2251 vitiorum
951 2226 1080 2250 admissis
1107 2227 1202 2249 illece-

280 2270 346 2293 hris,
369 2268 462 2291 turbat
482 2264 612 2294 spii-itum
632 2265 766 2290 sanctum,
787 2269 836 2285 nec
855 2262 966 2292 cogitat,
988 2261 1118 2291 spiritum
1137 2266 1203 2284 san-

281 2308 350 2326 ctum
384 2303 443 2324 fore
479 2300 709 2330 gubernatorem,
745 2304 803 2320 cum
832 2297 889 2326 ipse
916 2296 1084 2319 conti-arium
1112 2295 1202 2318 faciat.

283 2339 348 2360 ‚Nam
368 2339 393 2360 et
414 2336 510 2358 nostra
530 2333 673 2363 diligentia
692 2332 840 2361 flagitatur.
877 2331 939 2354 ldeo
960 2330 1061 2354 Paulus
1080 2329 1176 2359 inquit.

249 2381 296 2407 56]
317 2379 456 2408 sapientes
476 2377 542 2404 etin]
563 2376 601 2399 sic
626 2375 693 2400 Edd.
721 2374 793 2400 1557.
819 2377 845 2398 et
873 2374 963 2403 1560.;
988 2373 1055 2396 Edd.
1082 2372 1155 2397 1550.
1176 2374 1203 2396 et

284 2414 356 2437 1554.
377 2412 525 2441 sapientes.

245 2457 293 2483 57)
313 2456 392 2483 cura]
418 2455 454 2477 sic
475 2453 538 2476 ΕΜ.
567 2451 638 2476 1557.
666 2453 691 2475 et
719 2451 809 2479 1560.;
830 2449 857 2474 in
879 2450 944 2474 Edd.
974 2450 1047 2473 1550.
1073 2451 1100 2473 et
1129 2450 1201 2474 1554.

281 2492 365 2513 deest.

248 2534 296 2562 ὃς)
316 2532 363 2560 ad]
384 2532 421 2553 sic
442 2530 507 2552 ildvl.
525 2529 596 2554 1557.
611 2531 636 2552 et
655 2528 745 2553 t560.:
766 2528 791 2550 in
807 2527 872 2550 Eud.
890 2528 963 2551 1550.
978 2528 1004 2549 et
1021 2527 1096 2550 1554.
1116 2527 1202 2550 deest.

250 2576 297 2601 59)
319 2575 350 2598 de
371 2579 433 2597 sese
453 2573 504 2595 iant
524 2569 620 2602 senex]
640 2571 678 2593 sic
698 2571 763 2594 Edtl.
786 2570 861 2594 1557.
881 2570 908 2593 et
930 2570 1019 2599 t-560.;
1038 2569 1104 2594 Edd.
1128 2570 1201 2593 ¹550.

279 2613 305 2632 et
327 2609 400 2631 1554.
419 2607 471 2629 iam
492 2612 578 2629 senex
598 2606 630 2628 de
649 2612 719 2628 sese.

245 2652 294 2679 60)
315 2649 491 2674 Anaxarchus
517 2647 663 2671 Abderita,
695 2646 855 2675 disciplinae
891 2646 1037 2670 Democriti
1069 2648 1201 2670 sectator.

281 2683 418 2708 lliomcnis
438 2681 582 2710 smyrnaei
602 2681 664 2703 vel.
684 2683 712 2703 ut
731 2681 779 2703 alii
798 2680 957 2710 perhibent.
977 2681 1126 2705 Metrodori
1144 2680 1202 2704 Chii

277 2720 402 2743 auditor.
431 2716 497 2739 vixit
516 2721 575 2738 cum
595 2715 749 2737 Alexandro
770 2715 819 2739 M„
846 2717 976 2745 tantaque
994 2716 1054 2739 ejus
1073 2722 1139 2738 usus
1159 2717 1202 2738 est

279 2754 384 2784 gratia.
414 2755 441 2774 ut
468 2756 527 2773 enm
554 2749 600 2772 illo
627 2755 731 2778 quoque
758 2750 896 2779 tempore,
922 2755 973 2779 quo
999 2750 1199 2774 adulationihus

477 138 677 175 SCRIPTA
705 137 779 172 PH.
807 134 918 170 MEL.
947 133 1012 169 AD
1038 130 1253 167 ETHICEN
1279 132 1344 167 ET
1371 132 1627 169 POLITICEN
1656 133 1964 169 SPECTANTIA.

2163 134 2234 169 188

1246 220 1341 253 Haec
1369 220 1457 254 falsa
1487 227 1569 255 sunt
1599 227 1634 254 et
1664 221 1920 254 contumeliosa
1951 225 2074 252 contra
2106 217 2235 254 Deum.

1246 272 1395 304 Poterat
1413 272 1561 305 omnino
1576 272 1778 306 Alexander
1794 285 1867 305 non
1888 271 2082 304 interficere
2093 270 2236 304 Clitum.

1247 323 1314 356 Sed
1338 323 1450 367 magis
1473 323 1650 356 abstinere
1676 325 1719 356 ab
1745 324 1919 357 adulterio
1945 322 2061 355 DavId
2086 328 2237 366 poterat,

1248 387 1326 407 cum
1344 373 1449 408 sciret
1465 387 1499 408 se
1517 386 1535 407 a
1554 374 1630 408 Deo
1647 375 1781 415 iuvari,
1809 375 1837 408 si
1855 374 2022 408 auxilium
2041 379 2188 417 peteret.

1350 424 1476 458 Dicam
1498 425 1605 469 igitur
1628 427 1671 459 de
1698 426 1829 467 causis,
1856 432 1896 460 ut
1919 426 1955 458 in
1971 425 2126 458 Ecclesia
2152 423 2239 457 reci-

1250 483 1382 510 tantur.
1453 475 1492 509 ln
1526 475 1652 520 loseph
1679 477 1834 520 fugiente
1865 477 2080 510 adulterium
2114 487 2238 509 causae

1249 528 1462 572 principales
1477 534 1577 568 sunt,
1604 527 1715 562 Filius
1733 528 1800 561 Dei
1818 540 1984 572 praesens
2001 529 2037 561 in
2064 528 2170 560 corde
2187 526 2240 560 lo—

1248 577 1334 623 seph
1345 580 1534 614 ostendens
1544 581 1652 613 verbo
1664 580 1748 623 legis
1760 586 1793 613 et
1803 580 2080 624 promissionum
2091 576 2240 623 losepho

1251 632 1469 664 xoluntatein
1503 631 1637 664 aeterni
1668 631 1799 676 patris,
1849 637 1883 664 et
1913 631 2017 664 simul
2047 631 2241 664 accendens

1249 682 1384 726 Spiritu
1404 689 1526 716 sancto
1551 695 1613 716 cor
1635 683 1728 722 eius,
1756 689 1795 715 ut
1820 689 2034 726 repugnaret
2057 681 2241 715 incendiis.

1250 734 1387 767 Deinde
1407 741 1440 767 et
1457 734 1530 778 ipsa
1550 747 1650 768 mens
1667 732 1793 778 loseph
1819 733 2019 768 adsentiens
2038 734 2146 766 verbo
2160 732 2241 772 Dei,

1251 791 1285 818 et
1315 785 1479 819 voluntas
1510 792 1543 818 et
1575 798 1636 819 cor
1669 786 1920 830 obtemperans
1951 791 1984 818 et
2013 784 2118 819 simul
2141 796 2241 817 mens

1250 837 1415 870 voluntas
1448 837 1558 870 libera
1591 837 1822 881 gubernantis
1836 836 1882 883 ⁶¹)
1919 835 2173 869 locomotivam
2208 841 2242 868 et

1252 894 1395 921 externa
1426 889 1598 922 membra.
1651 889 1788 922 Eodem
1820 889 1927 921 modo
1954 889 1990 921 in
2010 887 2158 921 caeteris
2176 886 2242 931 piis

1252 939 1451 983 cogitentur
1469 952 1593 974 causae
1612 940 1800 974 efficientes
1813 940 1871 985 62).

1552 1024 1746 1057 Materia
1777 1024 1945 1070 inqua.

1356 1090 1486 1123 Anima
1502 1088 1657 1125 hominis
1676 1097 1727 1124 est
1743 1091 1961 1130 subiectum,
1991 1102 2081 1135 quae
2108 1096 2159 1123 est
2180 1090 2243 1123 do-

1254 1141 1425 1176 micilium
1442 1141 1509 1174 Dei
1522 1138 1588 1186 6³³),
1625 1149 1658 1175 et
1676 1142 1831 1175 facultati
1851 1141 2076 1185 cognoscenti
2095 1141 2243 1175 coniun-

1255 1199 1348 1226 ctum
1368 1198 1419 1226 est
1436 1193 1632 1227 cerebrum.
1686 1193 1873 1226 Voluntati
1891 1199 2008 1226 autem
2027 1205 2088 1226 cor
2103 1199 2244 1237 oportet

1255 1244 1484 1277 coniunctum
1502 1255 1594 1283 esse,
1622 1250 1660 1277 ut
1675 1244 1808 1288 pariter
1827 1245 1862 1278 in
1883 1245 2067 1278 x‘oluntate
2091 1251 2124 1277 et
2138 1244 2243 1277 corde

1254 1301 1372 1328 motus
1395 1294 1676 1328 mansuetudinis
1698 1295 1869 1335 sentitur,
1905 1308 1943 1328 ac
1969 1296 2037 1328 nisi
2061 1295 2178 1341 aliqua
2199 1295 2243 1328 sit

1255 1346 1371 1379 cordis
1395 1352 1428 1378 et
1454 1346 1646 1380 x'olnntatis
1671 1346 1872 1390 copulatio,
1911 1358 1985 1379 non
2015 1347 2130 1380 existit
2160 1358 2241 1379 vera

1255 1397 1378 1437 virtus,
1393 1397 1453 1430 sed
1473 1397 1665 1430 simulatio.
1712 1397 1758 1430 Et
1777 1410 1880 1441 saepe
1898 1404 2014 1431 motus
2029 1397 2144 1431 cordis
2161 1410 2244 1431 con-

1256 1448 1384 1482 trarius
1401 1449 1487 1491 legi,
1515 1448 1609 1492 rapit
1633 1461 1752 1482 secum
1774 1449 1963 1488 iudicium,
1990 1455 2029 1482 ut
2055 1461 2166 1494 equus
2192 1449 2245 1482 in-

1255 1500 1410 1533 domitus
1435 1512 1618 1533 sessorem.
1672 1499 1791 1532 Officit
1815 1500 1922 1533 etiam
1946 1500 2076 1533 iudicio
2100 1500 2243 1544 langue-

1254 1551 1359 1584 factio
1378 1550 1533 1590 cerebri,
1561 1563 1651 1596 quae
1679 1551 1792 1584 oritur
1817 1552 1860 1585 ab
1884 1551 2180 1595 intemperantia,
2206 1558 2245 1585 ut

1255 1602 1291 1635 in
1309 1601 1513 1646 precatione
1532 1614 1592 1634 cor
1608 1614 1681 1635 non
1699 1609 1814 1646 potest
1831 1604 1967 1642 ardere,
1985 1615 2063 1635 cum
2080 1603 2244 1636 turbatur

1254 1654 1405 1686 intentio
1424 1654 1547 1686 dolore
1568 1653 1715 1694 cerebri,
1735 1654 1793 1698 qui
1813 1667 1830 1686 a
1849 1654 1953 1687 fumis
1972 1653 2086 1687 oritur
2101 1654 2245 1687 turban-

1254 1705 1346 1738 tibus
1363 1704 1506 1748 spiritus
1519 1731 1527 1744 ,
1556 1711 1589 1738 et
1605 1705 1825 1739 laedentibus
1845 1706 2041 1739 cerebrum.

1557 1780 1700 1813 Causa
1729 1780 1950 1814 formalis.

1357 1848 1446 1881 Cum
1464 1848 1506 1879 de
1524 1847 1722 1881 actionibus
1739 1848 1939 1893 loquimur,
1976 1848 2048 1892 ipsa
2067 1847 2158 1880 actio
2175 1847 2245 1880 sor-

1254 1910 1311 1931 lna
1338 1905 1407 1938 est,
1436 1899 1598 1932 videlicet
1623 1906 1740 1933 motus
1770 1900 1961 1933 xoluntatis
1986 1906 2019 1932 ct
2045 1899 2160 1932 cordis
2185 1899 2245 1932 oh-

1323 2002 1398 2024 totus
1416 2002 1561 2029 corruptus
1580 1999 1734 2029 aegerrime
1756 1999 1903 2023 amicorum
1923 1999 2023 2022 monita
2042 1998 2185 2022 audiebat.
2209 1998 2245 2021 li-

1323 2037 1386 2059 bere
1405 2035 1545 2064 corripere
1564 2035 1693 2061 auderet:
1713 2036 1741 2057 at
1762 2034 1820 2063 ipse
1838 2034 1945 2057 tandem
1967 2034 2112 2063 aliquando
2130 2033 2163 2056 ad
2176 2033 2245 2056 adu-

1324 2070 1452 2094 lationem
1473 2069 1643 2098 philosophia
1661 2069 1762 2091 abusus
1781 2071 1822 2092 est
1842 2069 1868 2091 in
1888 2068 2005 2094 solatio,
2035 2068 2105 2098 quod
2123 2068 2245 2091 Alexan-

1324 2105 1372 2128 dro
1394 2106 1426 2128 oh
1448 2104 1512 2127 Cliti
1537 2103 1645 2126 caedem
1672 2103 1761 2126 animo
1787 2103 1868 2126 anxio
1895 2103 2023 2125 exhibuit.
2059 2103 2100 2125 An
2121 2102 2244 2132 ignoras,

1323 2139 1428 2165 aiebat,
1450 2139 1491 2161 ius
1511 2140 1537 2161 et
1557 2139 1599 2161 tas
1619 2138 1674 2161 lovi
1694 2138 1835 2164 assidere,
1854 2140 1883 2160 ut
1905 2136 2028 2167 quiequid
2047 2143 2095 2160 rex
2114 2138 2197 2167 agat.
2217 2137 2243 2159 id

1324 2174 1366 2197 fas
1381 2173 1534 2202 iustumque
1547 2174 1666 2202 putetur.
1704 2172 1766 2196 Vid.
1780 2173 1833 2196 lac.
1849 2172 1981 2196 Bruckeri
1994 2172 2056 2195 hist.
2071 2171 2130 2195 crit.
2145 2171 2243 2201 philos.

1323 2209 1352 2232 Τ,
1372 2208 1391 2230 1.
1414 2215 1437 2237 p.
1461 2207 1552 2230 1207..
1574 2206 1710 2230 Plutarch.
1730 2207 1787 2230 vita
1805 2206 1954 2230 Alexandri
1971 2213 1993 2229 e.
2010 2205 2051 2229 52.
2072 2207 2098 2228 et
2116 2205 2150 2228 ad
2165 2205 2244 2236 prin-

1325 2243 1409 2272 cipem
1429 2242 1592 2265 ineruditum
1613 2242 1719 2270 (Opera
1738 2242 1779 2264 ed.
1800 2241 1901 2264 Reiske
1920 2242 1950 2264 Τ.
1969 2241 2016 2263 lx.
2036 2247 2058 2269 p.
2076 2238 2156 2270 123).

1289 2284 1336 2312 61)
1358 2290 1432 2307 mens
1460 2284 1588 2307 voluntas
1614 2283 1699 2306 libera
1723 2284 1917 2314 gubernantis]
1943 2282 1984 2306 sic
2010 2282 2077 2307 Edd.
2112 2282 2185 2307 1557.
2218 2284 2243 2306 et

1327 2320 1416 2349 1560.;
1437 2319 1485 2342 Ed.
1507 2318 1581 2341 1554.
1604 2324 1680 2341 mens
1700 2321 1727 2341 et
1746 2319 1874 2342 voluntas
1894 2318 1980 2341 libera
1998 2319 2192 2347 gubernantes.

1288 2362 1336 2390 62)
1357 2363 1383 2384 ln
1404 2362 1498 2391 loseph
1518 2361 1639 2390 fugiente
1658 2373 1692 2378 —
1710 2367 1812 2385 causae
1830 2361 2003 2389 efficientes]
2022 2360 2062 2383 sic
2080 2360 2146 2384 Edd.
2168 2360 2243 2385 155⁷.

1324 2399 1351 2420 et
1373 2396 1446 2420 1560.
1467 2397 1524 2426 (et.
1553 2396 1673 2425 exceptis
1697 2396 1791 2419 verbis
1816 2395 1842 2419 in
1861 2395 2038 2419 antecedente
2056 2397 2121 2418 uota
2138 2395 2244 2426 anatis,

1325 2431 1370 2455 Ed.
1393 2431 1501 2457 15:³40:
1521 2430 1571 2454 Ed.
1592 2431 1685 2455 1550:
1710 2431 1745 2454 Ut
1763 2430 1796 2453 de
1814 2431 1910 2460 loseph
1930 2430 2052 2460 fugiente
2069 2429 2243 2459 adulterium,

1323 2472 1423 2489 causae
1442 2465 1606 2494 principales
1625 2466 1701 2489 sunt:
1722 2464 1840 2494 spiritus
1855 2466 1978 2493 sanctim,
1999 2464 2151 2487 accendens
2165 2465 2244 2496 cogi-

1324 2500 1453 2523 tationem
1480 2499 1555 2523 verhi
1581 2500 1665 2522 divini
1690 2499 1716 2522 in
1741 2502 1830 2522 mente
1849 2499 1962 2528 loseph,
1987 2500 2015 2521 et
2040 2505 2116 2522 mens
2135 2498 2242 2529 loseph.

1324 2535 1448 2561 cogitans
1473 2536 1584 2557 verbum
1609 2534 1667 2558 Dei.
1720 2534 1821 2556 Deinde
1849 2539 1946 2556 rursus
1973 2533 2093 2562 Spiritus
2118 2538 2242 2560 sanctus.

1326 2569 1460 2592 inclinans·
1480 2570 1650 2592 voluntatem
1670 2568 1764 2598 loseph
1782 2568 1815 2591 ad
1835 2568 2009 2591 obediendum
2030 2568 2112 2590 verbo
2132 2568 2196 2592 Dei.
2216 2571 2242 2590 et

1324 2604 1358 2626 ad
1378 2604 1584 2633 repugnandum
1603 2602 1755 2627 adulterio,
1781 2604 1806 2625 et
1833 2602 1892 2631 ipsa
1917 2603 2062 2627 voluntas,
2087 2608 2241 2625 commone-

1324 2638 1397 2661 facta
1420 2639 1503 2661 verho
1524 2638 1587 2665 Dei,
1613 2643 1663 2661 suo
1689 2637 1769 2660 etiam
1796 2639 1893 2660 conatu
1918 2642 2074 2667 repugnans
2094 2636 2241 2665 illecebris,

1323 2676 1349 2696 et
1368 2673 1527 2696 anteferens
1546 2672 1699 2695 mandatum
1719 2671 1775 2694 Dei.

1287 2715 1334 2741 63)
1355 2721 1424 2745 quae
1444 2717 1485 2737 est
1505 2713 1666 2738 domicilium
1685 2713 1748 2741 Dei]
1770 2713 1809 2737 sic
1825 2713 1890 2738 Edd.
1910 2713 1994 2743 155⁴„
2017 2713 2088 2738 1557.
2104 2714 2130 2737 et
2148 2713 2241 2741 t560.;

1324 2750 1372 2774 Ed.
1397 2750 1469 2773 1550.
1490 2750 1516 2772 in
1537 2754 1588 2778 quo
1607 2750 1671 2771 sunt
1694 2747 1820 2773 virtutes.
