2347 3000
273 156 344 192 115

270 243 345 276 odit
361 243 477 287 legum
493 242 633 276 vincula
646 268 655 284 ‚
682 242 834 275 libenter
855 239 941 274 haec
959 237 1117 283 exempla
1137 234 1254 270 imita-

270 302 338 329 tur.
392 294 437 328 Et
454 295 534 327 inde
558 294 704 327 assumit
725 298 964 336 contemptum
991 290 1178 323 universae
1203 289 1254 323 di-

269 347 437 391 sciplinae
463 352 497 379 et
519 345 679 378 omnium
703 345 832 388 legum.
892 341 1043 375 Abolitis
1068 346 1185 374 autem
1209 341 1255 374 ri-

271 398 362 431 tibus
373 424 381 436 ,
410 409 483 429 non
497 403 613 441 potest
629 396 773 429 existere
789 390 1028 440 παιδαγωγία
1040 417 1050 433 ,
1077 404 1142 425 nec
1158 393 1256 427 rudis

272 456 366 482 aetas
379 475 386 487 ‚
413 461 476 481 nec
493 449 633 481 indocta
652 446 841 480 multitudo
858 443 978 476 doceri
995 449 1121 488 potest.

372 500 518 534 Not-esse
535 505 585 531 est
602 505 718 530 autem
736 495 834 541 sequi
853 495 1025 527 infinitam
1041 494 1256 535 barbariem,

273 559 306 584 ct
332 551 505 583 infinitam
533 550 753 586 vastitatem,
794 546 856 580 ubi
888 546 1049 579 iuventus
1073 553 1106 579 et
1132 546 1256 589 vulgus

272 615 345 635 non
371 607 517 646 possunt
541 599 687 632 institui.
739 598 921 643 Quantum
946 610 1030 630 vero
1058 597 1169 631 scelus
1194 603 1256 636 est,

272 660 443 699 «plantum
470 650 700 696 parricidium
715 649 782 695 ⁸⁰),
815 650 973 694 exempla
998 649 1188 692 praebere,
1217 661 1257 681 ex

273 705 398 749 quihus
425 704 481 735 illa
508 702 651 735 vastitas
673 701 760 734 oriri
787 700 907 744 possit.
981 699 1054 732 lam
1083 706 1255 745 quantum

272 755 354 787 mali
376 761 426 787 cst
453 754 489 786 in
514 753 622 785 altera
649 752 807 786 scandali
830 758 950 796 parte,
975 751 1137 784 videlicet
1161 751 1256 796 quod

273 805 510 851 tranquillitas
532 803 708 837 Ecclesiae
732 810 765 837 et
792 816 913 837 rerum
937 803 1160 847 publicarum
1185 809 1256 836 tur-

273 858 387 890 batur.

374 907 436 941 Est
455 906 548 939 enim
567 906 603 939 in
622 904 686 939 hac
707 905 884 950 corporali
903 905 971 938 vita
997 905 1101 938 etiam
1122 903 1257 938 ordinis

273 972 396 999 cansa,
424 971 483 992 seu
499 965 646 1003 propter
661 956 853 1001 εὐταξίαν,
881 969 971 1002 quae
997 956 1148 989 maxime
1175 969 1256 989 con-

274 1011 416 1044 veniens
435 1017 486 1043 est
503 1008 653 1049 homini⁷
669 1021 758 1053 opus
775 1008 996 1041 ceremoniis.
1032 1008 1109 1040 Hoc
1130 1008 1255 1040 ordine

273 1062 461 1106 dissipato,
496 1061 634 1094 infinita
659 1060 818 1093 confusio
845 1059 1016 1105 seqnitur.
1076 1059 1181 1093 Nulla
1206 1065 1252 1092 est

272 1113 444 1147 autoritas
461 1112 676 1151 docentium,
704 1112 800 1144 nulla
818 1118 910 1143 certa
929 1112 1044 1143 forma
1062 1110 1255 1143 doctrinae.

272 1164 311 1198 ln
352 1165 415 1197 tali
449 1164 656 1197 confusione.
694 1176 759 1195 nec
800 1162 1034 1195 ministerium
1069 1161 1254 1205 Evangelii

273 1216 492 1255 conservari,
519 1227 582 1247 nec
598 1214 752 1247 Ecclesia
770 1214 888 1246 doceri
906 1219 1031 1257 potest.

374 1267 535 1312 Denique
551 1273 589 1299 ut
608 1266 696 1298 ordo
716 1272 749 1297 et
764 1262 951 1296 harmonia
971 1263 1192 1307 publicorum
1210 1262 1256 1294 ri-

273 1326 371 1351 tuum
390 1317 555 1350 conciliat
572 1323 606 1349 et
623 1316 802 1349 consociat
820 1313 1001 1353 homines,
1030 1314 1076 1345 ita
1097 1312 1255 1346 confusio

271 1369 406 1402 ordinis
423 1366 585 1402 distrahit
603 1368 759 1407 animos,
788 1373 822 1399 et
836 1366 930 1411 parit
950 1366 1109 1409 ingentes
1128 1364 1256 1397 tumul-

271 1428 326 1454 tus
343 1427 377 1454 et
392 1427 535 1453 aeterna
552 1420 655 1452 bella.

375 1471 577 1515 Cogitemus
610 1470 716 1513 igitur
745 1468 783 1501 in
806 1467 999 1501 violatione
1024 1466 1256 1500 traditionum

273 1524 482 1568 plerumque
509 1529 543 1555 et
566 1522 666 1554 facile
695 1520 895 1564 exemplum
918 1531 1065 1551 manare
1092 1519 1135 1551 ad
1157 1517 1256 1550 alios.

272 1574 475 1619 Cogitemus
491 1573 638 1613 deinde,
667 1579 840 1618 quantum
857 1571 893 1603 in
910 1570 1070 1614 exemplo
1093 1569 1179 1602 mali
1202 1569 1256 1602 sit.

272 1627 392 1671 Quare
410 1638 454 1658 ne
472 1623 704 1658 conscientias
722 1629 861 1657 nostras
878 1634 1065 1655 oneremus
1082 1620 1257 1665 periculis,

272 1690 316 1710 ne
333 1677 410 1710 aliis
427 1688 636 1716 noceamus,
670 1675 806 1708 maiore
825 1686 907 1708 cura
927 1673 1032 1706 etiam
1051 1673 1257 1718 qualescun-

272 1741 340 1774 que
358 1729 445 1762 ritus
463 1728 621 1772 publicos
643 1727 879 1760 observemus.
933 1724 1180 1769 Tyrannicum
1208 1729 1257 1757 est

271 1780 383 1824 magis
406 1780 492 1825 quid
515 1792 580 1813 nos
603 1778 766 1817 delectet,
795 1790 902 1822 quam
925 1776 1011 1822 quid
1032 1776 1108 1808 aliis
1134 1774 1257 1820 prosit,

271 1838 441 1875 spectare.
500 1830 583 1865 Non
604 1830 699 1863 enim
722 1829 901 1862 nascimur
926 1827 1030 1861 nobis
1055 1827 1158 1871 ipsis,
1196 1827 1255 1860 sed

272 1883 344 1915 vita
370 1889 493 1915 nostra
519 1883 563 1915 ad
588 1882 675 1915 alios
699 1880 873 1925 pertinet,
917 1891 956 1911 ac.
990 1878 1178 1923 praecipue
1212 1878 1256 1910 ad

271 1933 483 1974 Ecclesiam,
508 1931 575 1966 hoc
594 1940 663 1973 est,
691 1933 736 1965 ad
761 1932 911 1976 gloriam
928 1928 1078 1970 Christi,
1107 1931 1151 1962 ad
1174 1942 1256 1962 con—

271 1985 508 2019 servationem
523 1983 731 2023 ministerii,
758 1990 791 2016 et
816 1983 1039 2017 retinendam
1064 1979 1256 2028 παιδαγω-

269 2035 359 2084 yion!
374 2035 509 2081 populi.
562 2035 634 2069 Has
649 2036 735 2068 duas
754 2047 829 2075 res,
858 2047 947 2080 quae
964 2040 1045 2067 sunt
1067 2032 1256 2071 maximae,

272 2087 426 2122 Ecclesia
452 2087 641 2132 praecipue
668 2085 760 2119 tueri
781 2085 889 2130 cupit.
953 2084 993 2118 ln
1015 2083 1070 2118 his
1094 2090 1253 2117 nostram

271 2139 531 2179 obedientiam,
575 2138 795 2182 diligentiam
828 2143 862 2170 et
892 2136 1046 2170 studium
1078 2134 1255 2168 Ecclesiae

270 2197 488 2236 praestemus
500 2217 509 2231 ,
536 2196 684 2234 propter
701 2199 926 2222 communem
941 2188 1090 2221 salutem
1111 2193 1145 2220 et
1161 2193 1255 2219 tran-

271 2241 494 2288 quillitatem.
547 2241 649 2274 Plato
671 2240 807 2286 inquit,
835 2239 946 2283 magis
969 2239 1158 2271 amandam
1183 2250 1255 2271 esse

270 2293 442 2337 patriam,
469 2304 577 2338 quam
593 2298 764 2331 matrem,
792 2291 874 2337 quia
892 2290 1006 2335 patria
1029 2290 1075 2323 sit
1095 2289 1255 2322 divinum

271 2345 439 2390 quiddam
456 2343 516 2390 ⁹⁰).
565 2343 612 2376 At
629 2356 711 2376 vera
736 2343 850 2387 patria
876 2343 980 2375 nobis
998 2341 1153 2375 Ecclesia
1183 2353 1254 2373 esse

270 2395 386 2434 debet,
410 2402 442 2428 et
458 2393 544 2428 haec
561 2407 642 2428 vere
659 2395 779 2427 divina
797 2400 858 2427 est.
891 2393 953 2427 Est
971 2393 1064 2426 enim
1082 2392 1255 2437 templum

270 2446 355 2486 Dei,
385 2453 418 2479 et
433 2453 551 2480 coetus
563 2447 807 2479 membrorum
828 2443 970 2479 Christi.
1025 2444 1145 2490 Quare
1164 2442 1254 2476 hanc

270 2510 391 2532 amare
407 2498 594 2538 debemus,
622 2504 656 2530 et
676 2498 707 2531 ei
730 2498 882 2530 libenter
904 2495 1068 2536 obedire,
1096 2496 1169 2529 eius
1187 2495 1254 2528 uti-

302 2599 350 2630 89)
370 2598 557 2630 parricidium]
582 2599 622 2623 sie
645 2599 711 2623 Edd.
733 2599 807 2623 1538.
834 2600 861 2623 et
883 2599 972 2628 1540.;
1007 2598 1055 2622 Ed.
1078 2598 1152 2622 1546.
1178 2597 1254 2628 peri-

302 2634 439 2696 9051111‘11113:
460 2668 491 2690 de
511 2668 615 2695 legibus
636 2668 651 2692 1.
665 2668 698 2691 Υ.
721 2668 762 2692 ed.
784 2669 814 2692 H.
831 2668 921 2696 steph.
943 2667 1014 2691 T.11.
1035 2674 1060 2696 1¹.
1074 2667 1132 2691 740.
1152 2673 1176 2691 a.
1198 2666 1251 2697 (ed.

337 2703 442 2732 Bipout.
465 2702 524 2726 Vol.
541 2702 608 2725 vni.
634 2709 658 2731 p.
674 2703 764 2729 2:30.):
792 2700 925 2733 πατρίδος
943 2698 970 2725 δὲ
991 2699 1072 2730 οὔσης
1090 2700 1134 2730 τῆς
1152 2700 1253 2732 χώρας,

336 2735 499 2767 θεραπεύειν
517 2732 602 2765 αἰτή-ν
621 2735 662 2759 δεῖ
677 2734 805 2767 μειζόνως
830 2734 846 2766 ἢ
868 2735 973 2767 μητέρα
998 2734 1113 2763 παῖδας·
1145 2735 1183 2768 τῷ
1206 2735 1252 2759 καὶ

339 2770 504 2801 δέσποιναν,
523 2769 590 2795 θεὸν
604 2767 691 2801 nimiu
710 2765 813 2802 οὖσαν,
832 2770 941 2800 θνητῶν
961 2768 1048 2795 ὄντων
1066 2770 1219 2803 γεγονέναι.

537 153 738 190 SCRIPTA
764 154 839 191 PH.
865 153 978 190 MEL.
1004 152 1069 189 AD
1095 151 1303 188 ETHICEN
1330 150 1396 187 ΕΤ
1421 149 1677 188 POLITICEN
1704 149 2015 187 SPECTANTIA.

2210 149 2284 184 116

1306 236 1397 271 litati
1419 243 1454 271 et
1480 237 1731 283 tranquillitati
1754 236 1909 283 plurima
1933 236 2150 270 condonare.
2202 234 2296 269 Pau-

1307 289 1360 323 lus
1379 288 1474 334 (Gal.
1491 288 1525 329 4,
1544 288 1596 335 9.)
1618 295 1721 322 vocat
1740 289 1948 322 traditiones
1973 299 2081 331 egena
2107 287 2296 326 elementa,

1309 353 1399 385 qnae
1423 340 1560 374 etiamsi
1583 347 1666 373 sunt
1691 353 1820 384 egena,
1861 338 1928 373 hoc
1952 346 2022 379 est,
2056 351 2112 372 res
2136 337 2296 382 exiguae,

1309 391 1508 436 periturae,
1536 403 1610 424 non
1631 398 1815 431 aeternae,
1843 403 1917 424 non
1940 397 2023 424 sunt
2050 390 2184 430 cultus,
2219 401 2295 422 non

1310 442 1462 483 iustitia,
1491 449 1611 475 tamen
1633 449 1716 476 sunt
1737 443 1929 482 elementa,
1955 440 2023 475 hoc
2047 448 2118 481 est,
2152 441 2298 474 ordina-

1311 494 1444 533 tiones,
1481 493 1608 539 quibns
1638 491 1723 526 llaec
1747 493 1943 538 corporalis
1971 493 2042 526 vita
2077 505 2150 526 non
2180 498 2298 537 potest

1310 557 1430 578 carere
1447 551 1592 589 propter
1613 544 1855 589 disciplinam,
1883 551 1917 578 et
1940 551 2087 589 propter
2112 542 2297 583 εὐταξίαν.

1310 596 1430 642 Quare
1456 609 1529 629 non
1559 602 1642 630 sunt
1673 595 1916 629 ordinationes
1948 596 2028 629 illae
2058 595 2296 639 dissipandae,

1309 649 1370 682 sed
1386 648 1570 681 consilium
1583 647 1685 681 Pauli
1702 647 1998 680 considerandum
2020 653 2081 687 est,
2106 646 2167 692 qui
2185 658 2297 692 quan-

1311 711 1417 745 quam
1448 699 1612 732 nominat
1641 711 1769 743 egena,
1811 704 1932 731 tamen
1956 704 2060 731 vocat
2091 698 2199 731 etiam
2228 698 2296 730 ele-

1311 757 1448 790 menta,
1486 757 1592 796 atque
1619 750 1665 782 ita
1692 747 1847 783 detrabit
1873 750 2014 783 laudem
2045 749 2218 788 iustitiae,
2259 754 2299 782 ut

1311 803 1475 835 ostendat
1502 801 1644 834 interim
1675 801 1919 834 ordinationes
1951 812 2042 840 esse,
2080 812 2171 846 qnae
2197 811 2298 833 suam

1311 852 1443 886 habent
1469 853 1670 886 utilitatem.
1749 853 1879 897 Magna
1913 852 1965 885 vis
1996 858 2046 885 est
2078 851 2298 895 disciplinae,

1310 905 1405 938 nulla
1426 905 1565 937 dulcior
1582 903 1787 943 harmonia,
1816 917 1922 949 quam
1942 904 2030 935 ordo
2047 903 2161 936 bonus
2184 902 2220 935 in
2245 914 2298 935 re-

1310 956 1461 1001 publica.
1514 955 1597 989 ldeo
1613 953 1698 988 haec
1723 962 1895 988 x'ocantur
1919 955 2115 994 elementa,
2141 952 2208 987 boc
2236 960 2298 993 est,

1310 1008 1574 1047 ordinationes,
1598 1020 1687 1053 quae
1705 1007 1801 1039 illam
1820 1005 2046 1039 harmoniam
2067 1005 2233 1038 retinent.

1308 1105 1473 1137 Rectene
1488 1099 1718 1147 Bonifacius
1732 1103 1833 1137 VIII.
1852 1102 2069 1144 constituit,
2098 1099 2192 1146 quod
2215 1102 2298 1134 iure

1310 1162 1436 1197 divino
1459 1165 1569 1206 Papa
1599 1160 1741 1196 habeat
1772 1166 1974 1207 utrumque
1997 1160 2186 1208 ylaclium,
2229 1158 2299 1194 hoc

1309 1227 1385 1262 est,
1414 1225 1451 1255 et
1470 1232 1657 1255 summam
1671 1225 1899 1265 potestatem
1916 1222 2238 1263 ecclesiasticam,
2261 1224 2301 1254 et

1308 1291 1492 1315 summam
1515 1284 1761 1324 potestatem,
1788 1291 1858 1314 seu
1880 1279 2125 1318 mandatum,
2150 1290 2216 1314 seu
2240 1281 2300 1314 ius

1413 1337 1639 1385 conferendi
1663 1349 1781 1385 regna
1804 1343 1841 1373 et
1859 1341 2014 1384 imperia
2038 1337 2197 1374 mundi?

1412 1417 1516 1450 Utilis
1539 1423 1588 1450 est
1612 1416 1771 1462 quaestio
1797 1417 1839 1450 de
1865 1416 2068 1451 discrimine
2093 1416 2298 1450 ecclesiasti-

1311 1480 1370 1501 cae
1395 1469 1577 1513 potestatis
1606 1475 1639 1500 et
1663 1468 1819 1501 civilium
1844 1469 2128 1512 magistratuum.
2181 1468 2299 1501 Alitur

1311 1520 1405 1553 enim
1422 1521 1458 1553 in
1473 1519 1668 1553 moderatis
1684 1519 1833 1563 ingeniis
1850 1520 2047 1552 reverentia
2064 1532 2145 1563 erga
2163 1525 2298 1552 utram-

1312 1584 1379 1616 que
1401 1577 1632 1616 potestatem,
1675 1583 1755 1603 cum
1782 1570 1903 1603 officiis
1929 1577 2022 1603 recte
2048 1570 2232 1614 descriptis
2264 1576 2299 1603 et

1311 1623 1482 1656 distinctis
1512 1628 1751 1662 monstratur,
1786 1628 1918 1667 quanta
1943 1622 1986 1655 sit
2011 1622 2047 1654 in
2069 1628 2221 1667 utraque
2246 1621 2299 1654 di-

1311 1675 1436 1718 gnitas.
1489 1674 1552 1707 Est
1568 1680 1685 1707 autem
1704 1671 1790 1706 haec
1812 1673 2010 1706 reverentia
2034 1673 2071 1706 in
2097 1672 2222 1718 primis
2246 1673 2297 1705 (Π-

1311 1738 1378 1770 gna
1396 1726 1492 1758 bono
1511 1725 1601 1765 viro,
1621 1731 1655 1758 et
1673 1724 1783 1758 virtus
1804 1724 1949 1768 proprie
1965 1721 2093 1770 ἠθική.
2147 1724 2298 1758 Prodest

1311 1777 1416 1810 etiam
1438 1777 1474 1809 in
1492 1777 1612 1810 multis
1628 1776 1778 1819 negotiis
1797 1776 2011 1818 intelligere,
2039 1776 2136 1821 quod
2154 1776 2199 1809 sit
2213 1787 2297 1821 pro-

1310 1828 1428 1873 prium
1447 1828 1614 1874 cuiusque
1629 1827 1812 1872 potestatis
1832 1827 1999 1861 officium.
2051 1827 2114 1860 Est
2132 1827 2226 1861 enim
2244 1833 2297 1872 ty-

1311 1880 1432 1913 rannis
1450 1880 1664 1913 confundere
1683 1879 1808 1918 officia,
1835 1880 1894 1912 sed
1911 1891 2011 1911 suam
2030 1879 2179 1924 quisque
2190 1878 2297 1923 Spar-

1310 1938 1383 1964 tam
1408 1944 1537 1964 ornare
1563 1931 1678 1964 debet.
1738 1930 1785 1963 Et
1809 1930 1891 1975 quia
1915 1930 2034 1962 variae
2057 1936 2139 1963 sunt
2161 1930 2204 1963 de
2229 1927 2297 1963 hoc

1310 1982 1513 2016 discrimine
1533 1981 1807 2027 disputationes,
1833 1981 1983 2024 diligens
1999 1981 2186 2026 explicatio
2205 1981 2296 2015 rnul-

1310 2040 1384 2068 tum
1406 2032 1513 2067 habet
1530 2033 1738 2067 eruditionis
1756 2039 1789 2065 et
1804 2033 1918 2066 bonae
1934 2033 2056 2077 frugis.

1416 2086 1578 2119 Primum
1607 2085 1714 2128 igitur
1738 2085 1921 2118 sciendum
1945 2090 1997 2117 est
2018 2090 2208 2130 utramque
2233 2096 2296 2129 po-

1311 2142 1487 2178 testatem,
1504 2136 1772 2170 ecclesiasticam
1791 2142 1823 2168 et
1842 2135 1999 2176 civilem,
2024 2136 2158 2169 donum
2183 2141 2217 2169 et
2240 2148 2297 2169 or-

1309 2187 1529 2221 dinationem
1549 2188 1615 2222 Dei
1634 2200 1718 2221 esse.
1770 2186 1853 2220 ldeo
1870 2185 2065 2220 honorifice
2084 2187 2127 2220 de
2143 2193 2295 2233 utraque

1308 2239 1531 2273 sentiendum
1547 2247 1616 2280 est,
1645 2246 1679 2272 et
1695 2239 1829 2283 gratiae
1847 2238 1923 2271 Deo
1947 2239 2101 2283 agendae
2124 2244 2207 2272 sunt
2228 2251 2293 2283 pro

1309 2291 1415 2324 tantis
1430 2291 1619 2326 beneficiis.
1670 2290 1715 2324 Et
1732 2291 1874 2336 quidem
1892 2295 2045 2335 potestas
2061 2289 2292 2324 ecclesiastica

1310 2341 1405 2375 claro
1425 2349 1458 2376 et
1479 2354 1642 2387 expresso
1659 2344 1829 2375 mandato
1855 2341 2016 2375 ordinata
2043 2347 2077 2374 et
2103 2342 2292 2375 constituta

1309 2399 1378 2433 est,
1414 2407 1493 2427 cnm
1520 2392 1680 2428 Christus
1700 2394 1797 2427 misit
1820 2392 2012 2437 Apostolos
2035 2392 2072 2425 in
2096 2399 2210 2426 totum
2235 2405 2294 2426 or-

1307 2445 1406 2485 bem,
1448 2444 1620 2479 Matthaei
1649 2445 1795 2485 ultimo,
1839 2443 1951 2490 (19.):
2003 2443 2136 2478 Euntes
2171 2444 2292 2477 docete

1309 2509 1430 2530 omnes
1455 2504 1586 2541 gentes.
1639 2497 1685 2530 Et
1708 2510 1786 2530 cum
1810 2507 1950 2540 semper
1970 2495 2076 2528 suerit
2091 2495 2246 2529 Ecclesia
2272 2507 2291 2528 a

1307 2548 1483 2592 principio
1502 2549 1646 2588 mundi,
1675 2550 1754 2581 data
1783 2546 2019 2592 promissione
2038 2547 2133 2581 Dens
2152 2559 2292 2592 semper

1308 2600 1488 2634 constitnit
1521 2601 1616 2633 claro
1640 2600 1747 2632 verbo
1775 2605 1982 2643 potestatem
2010 2598 2291 2633 ecclesiasticam.

1307 2651 1354 2684 Ut
1371 2664 1448 2685 cum
1466 2650 1632 2686 Abrahae
1650 2650 1923 2696 promissionem
1938 2649 1984 2695 91)
2003 2656 2037 2683 et
2053 2649 2289 2684 ceremoniam

1340 2770 1389 2799 91)
1407 2768 1635 2801 promissionem]
1655 2767 1694 2792 sic
1713 2767 1762 2792 Ed.
1783 2766 1874 2797 1546.;
1899 2766 1947 2791 Ed.
1970 2766 2044 2790 1540.
2065 2765 2254 2796 promissione.
