2347 3000
231 144 305 178 203

333 228 422 261 Sunt
446 235 562 261 autem
586 227 716 261 diversi
738 234 854 260 motus
873 226 1008 265 cordis,
1036 225 1166 258 laxatio
1186 232 1220 259 et

231 280 418 319 restrictio,
438 292 527 325 quae
544 280 647 312 efficit
665 279 802 323 pulsum
821 277 1046 310 arteriarum.
1081 277 1220 310 Deinde

230 333 395 371 morbus,
424 331 485 376 qui
503 337 650 364 vocatur
669 328 867 374 palpitatio.
919 328 986 361 Sed
1005 328 1149 362 affectus
1170 335 1219 362 est

231 383 374 415 tertium
406 394 533 424 genus,
571 394 589 414 a
626 381 803 425 prioribus
833 379 1038 411 distinctum
1054 379 1111 425 92).
1175 380 1219 413 Et

230 440 322 466 recte
341 433 425 466 dicit
441 434 615 471 Galenus,
644 432 748 463 etiam
773 431 916 463 allectus
943 442 1015 463 csse
1039 432 1219 465 naturales

232 491 348 518 motus
371 484 506 523 cordis,
533 485 593 516 sed
618 483 684 521 ita,
713 482 740 514 si
764 481 834 514 sint
856 482 1063 516 mediocres.
1118 483 1218 516 Post-

232 549 338 581 quam
366 535 495 568 tradidi
521 533 762 566 definitionem
790 533 998 573 affectuum,
1043 540 1075 566 et
1100 535 1216 567 sedem

230 587 389 625 ostendi,
430 587 498 617 iani
536 584 691 617 breviter
722 585 915 618 refutemus
946 584 1063 618 Stoica
1093 586 1218 618 delira-

230 645 361 671 menta.
414 636 546 669 Errant
567 642 685 668 autem
706 636 902 680 tripliciter.
955 636 1138 676 Primum,
1167 637 1218 669 di-

230 696 313 723 cuut
331 699 453 721 omnes
469 687 613 720 affectus
633 687 820 731 opiniones
837 699 920 721 esse.
967 688 1142 727 Secundo,
1168 688 1218 720 di-

230 747 312 773 cunt
331 751 453 772 omnes
471 738 616 772 affectus
633 739 779 772 vitiosos
798 751 882 772 csse.
928 738 1070 779 Tertio,
1097 740 1218 773 dicunt

230 804 270 824 ex
289 797 415 824 natura
436 790 610 823 tollendos
629 802 720 830 esse,
749 797 782 823 et
798 802 899 834 posse
919 790 1006 824 tolli.

422 887 479 920 An
509 882 675 931 affectus
702 888 779 919 sin!
808 886 1011 929 opiniones.

320 953 442 985 Brexis
459 959 492 985 et
507 953 689 996 perspicua
708 951 965 984 demonstratio
985 958 1045 991 cst,
1075 952 1218 985 allectus

232 1018 304 1037 non
324 1016 396 1037 esse
415 1003 613 1048 opiniones.

281 1057 524 1101 Quaecunque
547 1054 710 1088 subiectis
734 1053 921 1091 differunt,
957 1054 1097 1087 realiter
1120 1054 1217 1086 diffe-

334 1113 436 1146 runt,
463 1107 496 1139 id
523 1113 591 1147 est,
619 1111 701 1140 sunt
717 1117 772 1137 res
791 1105 962 1138 (lixersae.

281 1158 413 1202 Opinio
435 1164 467 1190 et
485 1154 628 1191 affectus
646 1157 815 1189 differunt
831 1156 1006 1189 subiectis.

280 1210 374 1252 Ergo
395 1216 475 1243 sunt
496 1222 550 1242 res
570 1209 741 1241 diversae.

332 1252 453 1293 Minor
471 1266 521 1293 est
537 1259 741 1297 notissima,
771 1258 852 1303 quia
873 1258 1059 1301 opiniones
1078 1264 1159 1290 sunt
1182 1257 1216 1289 in

229 1319 328 1356 parte
357 1317 607 1356 cognoscente,
642 1311 815 1354 adquam
842 1309 991 1353 pertinet
1020 1309 1216 1341 cerebrum.

228 1364 383 1396 Allectus
418 1369 534 1395 autem
566 1362 602 1394 in
637 1362 741 1394 corde
766 1374 858 1399 esse,
893 1361 1118 1393 manifestum
1146 1366 1215 1392 est:

228 1416 285 1448 sed
312 1414 492 1458 praecedit
515 1413 690 1457 cognitio,
731 1425 791 1445 seu
817 1412 962 1455 opinio,
1010 1424 1099 1456 quae
1130 1411 1216 1443 alias

230 1478 310 1499 vera
331 1472 398 1505 est,
428 1465 514 1498 alias
531 1465 616 1497 salsa
634 1470 695 1497 est.
749 1463 842 1495 Sicut
861 1463 971 1495 Solon
992 1463 1138 1495 audieus
1155 1463 1216 1494 l'al-

228 1530 302 1551 sam
327 1517 572 1549 narrationem
599 1517 641 1547 de
666 1521 779 1547 morte
805 1514 885 1554 lilii,
914 1515 1037 1547 dolore
1055 1514 1216 1553 aflicitur,

229 1576 261 1601 et
287 1581 408 1601 rursus
434 1567 574 1609 cognita
599 1566 770 1605 salsitate,
807 1566 954 1610 deponit
978 1566 1139 1597 dolorem
1157 1565 1215 1609 93).

228 1621 326 1653 Talis
361 1620 455 1652 enim
485 1625 611 1651 natura
639 1618 755 1651 cordis
780 1625 850 1657 est,
891 1624 930 1651 ut
964 1623 1148 1649 moxeatur
1179 1629 1215 1649 re

228 1678 424 1704 monstrata
450 1683 514 1715 per
538 1669 796 1713 cognitionem,
824 1681 884 1701 seu
910 1681 1009 1705 vere,
1037 1681 1097 1700 seu
1115 1668 1216 1705 salso,

228 1724 322 1756 unde
349 1722 493 1755 dicitur:
536 1720 652 1764 Ignoti
676 1720 772 1752 nulla
797 1719 937 1763 cupido.
1005 1719 1072 1751 Sed
1096 1725 1215 1751 tamen

228 1775 296 1806 alia
322 1786 376 1807 res
400 1779 449 1806 est
471 1772 619 1811 notitia,
654 1772 720 1804 alia
747 1772 891 1804 affectus
905 1770 964 1814 οἰ).
1023 1770 1120 1803 Sicut
1147 1770 1214 1802 alia

228 1838 282 1859 res
301 1832 351 1858 est
371 1825 482 1863 visus,
509 1824 576 1856 alia
598 1822 800 1856 incendium
820 1822 952 1855 amoris
971 1822 1005 1854 in
1023 1822 1139 1855 corde.

420 1916 479 1949 De
505 1916 698 1950 secunda
733 1915 1024 1961 quaestione.

329 1985 410 2019 Non
430 1997 551 2017 omnes
570 1984 714 2016 affectus
738 1996 800 2016 suo
826 1995 974 2025 genere,
1010 1995 1070 2016 scu
1097 1994 1158 2026 per
1181 1995 1215 2016 se

229 2036 347 2070 xitiosi
362 2042 462 2075 sunt,
491 2037 550 2069 sed
572 2035 681 2079 aliqui
700 2040 781 2067 sunt
804 2034 911 2074 boni,
947 2033 1008 2079 qui
1035 2040 1067 2066 et
1093 2033 1128 2066 in
1154 2047 1215 2066 na—

229 2095 304 2120 tura
331 2088 466 2130 integra
492 2087 657 2125 fuissent,
686 2092 718 2118 et
740 2091 842 2119 erunt
868 2085 902 2117 in
927 2086 1048 2124 beata,
1077 2092 1110 2118 et
1135 2092 1215 2118 sunt

229 2140 262 2172 in
297 2139 456 2183 angelis,
495 2145 533 2172 ut
565 2137 746 2183 sequentia
781 2137 983 2169 testimonia
1019 2138 1214 2170 ostendent.

226 2192 274 2224 Ac
310 2191 463 2235 primum
503 2192 545 2223 de
579 2187 725 2222 homine.
759 2189 965 2234 loquamur,
1008 2188 1062 2220 lex
1094 2188 1212 2220 divina

229 2242 401 2286 praecipit
424 2240 629 2275 hominibus
654 2241 784 2273 multos
809 2240 971 2278 aflectus,
1014 2246 1045 2272 et
1072 2240 1214 2284 quidem

231 2294 320 2326 Deus
344 2294 577 2326 instrumenta
603 2292 792 2325 affectuum
816 2291 851 2323 in
874 2289 1020 2323 homine
1046 2291 1214 2324 condidit.

228 2345 471 2377 Certissimum
489 2351 539 2378 est
556 2343 675 2387 igitur,
698 2344 837 2388 aliquos
854 2355 925 2376 csse
942 2343 1055 2376 bonos
1071 2343 1215 2376 affectus

226 2409 289 2430 suo
309 2408 446 2439 genere.
500 2395 546 2428 Et
563 2393 630 2428 hae
647 2395 870 2427 definitiones
890 2400 1093 2427 tencantur:
1122 2394 1213 2427 Boni

227 2448 370 2480 affectus
387 2460 450 2479 suo
469 2459 595 2490 genere
614 2453 714 2486 sunt,
743 2446 802 2491 qui
820 2451 1019 2489 congruunt
1041 2458 1120 2479 cum
1141 2446 1214 2489 lege

259 2571 305 2597 92)
326 2569 379 2593 Sed
399 2569 512 2592 affectus
533 2570 574 2591 est
594 2568 702 2591 tertium
723 2574 826 2595 genus.
847 2573 862 2591 a
882 2567 1019 2597 prioribus
1039 2567 1214 2596 distinctum]

294 2605 333 2627 sic
353 2603 417 2628 aad.
439 2603 528 2632 1554„
558 2602 631 2625 1557.
650 2605 677 2625 et
698 2603 787 2631 1560.;
819 2602 868 2626 Ed.
891 2602 965 2625 1550.
992 2602 1112 2625 Tertium
1130 2609 1215 2633 genus

294 2641 354 2662 est,
374 2643 390 2660 a
409 2637 545 2667 prioribus
566 2636 739 2665 distinctum,
759 2636 882 2660 affectus.

257 2682 304 2708 93)
325 2680 403 2704 Cont’.
425 2679 563 2703 Plutarchi
581 2679 637 2702 vita
657 2679 749 2702 Solon.
769 2686 792 2703 c.
812 2679 838 2704 6.

257 2724 304 2751 94)
325 2722 452 2751 affectus]
473 2721 512 2745 sie
530 2721 597 2746 Edd.
619 2721 708 2751 155o.‚
738 2722 811 2745 ¹554.
832 2723 858 2745 et
879 2721 973 2752 1557.;

297 2759 393 2781 rectus.

1007 2722 1056 2746 Ed.
1078 2722 1152 2746 1560.
1172 2721 1215 2746 ef-

495 140 695 176 SCRIPTA
721 141 796 176 PH.
826 140 947 176 MEL..
966 139 1030 173 AD
1064 138 1272 174 ETHICEN
1300 138 1366 173 ET
1393 138 1650 175 POLITICEN
1677 141 1984 177 SPECTANTIA.

2185 144 2260 181 204

1272 225 1358 266 Dei,
1387 239 1447 260 seu
1471 239 1549 260 cum
1576 234 1672 260 recto
1698 228 1828 261 iudicio
1854 229 2024 269 rationis,
2051 235 2091 262 ut
2115 229 2261 273 diligere

1273 277 1472 321 coniugem,
1500 285 1615 318 natos,
1643 279 1745 313 irasci
1764 280 1942 313 atrocibus
1958 280 2164 321 sceleribus,
2192 282 2261 314 lae-

1274 329 1339 361 tari
1359 330 1470 362 salute
1491 330 1686 363 amicorum
1700 358 1708 370 ‚
1737 331 1980 364 misericordia
2007 332 2098 364 affici
2116 332 2153 364 in
2170 332 2260 365 cala-

1274 380 1395 413 mitate
1413 380 1642 414 innocentum
1655 408 1664 420 ,
1693 383 1901 426 praesertim
1919 383 2129 417 amicorum.

1374 430 1530 464 Econtra
1551 432 1666 465 vitiosi
1684 433 1828 467 affectus
1845 446 1907 467 suo
1927 446 2054 478 genere
2070 441 2171 473 sunt,
2199 435 2260 479 qui

1274 483 1346 525 lege
1375 483 1435 514 Dei
1460 481 1630 526 prohibiti
1658 491 1760 524 sunt,
1793 491 1854 518 ant
1883 486 2101 519 damnantur
2129 486 2259 519 iudicio

1272 541 1386 567 rectae
1406 534 1566 575 rationis,
1595 541 1633 567 ut
1651 534 1845 568 invidentia
1863 536 1899 568 in
1912 536 2000 570 Cain
2020 544 2079 570 aut
2098 537 2132 570 in
2144 537 2260 577 Saule,

1272 592 1305 618 et
1321 586 1512 626 similibus,
1541 584 1816 631 ἐπιχαιρεκακία
1837 587 1873 619 in
1899 585 1970 628 his,
1999 589 2059 634 qui
2085 589 2261 622 laetantur

1273 638 1472 670 calamitate
1494 637 1736 671 innocentum.

1461 723 1714 756 Secundum
1743 730 2068 767 argumentum.

1323 791 1393 824 Res
1412 791 1575 824 conditae
1593 803 1611 823 a
1631 791 1727 830 Deo,
1755 798 1837 825 sunt
1854 792 1981 826 bonae.

1324 841 1492 890 Στοργαὶ
1512 849 1593 875 511111
1608 843 1771 876 conditae
1790 843 1826 875 in
1847 850 1986 877 natura.

1322 893 1432 938 Igitur
1450 901 1531 927 suut
1549 894 1674 927 bonae.

1377 945 1603 978 Manifestum
1628 952 1678 978 est
1696 945 1811 985 enim,
1840 947 2025 978 ardentem
2043 957 2203 978 amorem
2222 945 2259 978 in

1273 997 1478 1040 parentibus
1496 1010 1567 1029 csse
1585 1009 1665 1039 erga
1684 1003 1803 1035 natos,
1826 1009 1930 1041 quem
1947 997 2089 1041 quidem
2107 997 2258 1031 sciamus

1272 1049 1314 1079 ad
1341 1048 1529 1090 imaginem
1548 1047 1615 1079 Dei
1642 1048 1678 1079 in
1705 1045 1909 1081 bominibus
1936 1048 2122 1091 pertinere.
2175 1046 2258 1081 Ideo

1272 1099 1365 1130 euim
1393 1099 1478 1131 tales
1497 1099 1641 1131 alli-ctus
1666 1099 1768 1131 inditi
1793 1105 1874 1132 sunt
1898 1097 2075 1131 humanae
2098 1104 2258 1139 naturae,

1271 1156 1309 1182 nt
1342 1150 1411 1182 sint
1447 1150 1804 1183 cominonel'actiones
1839 1151 1881 1182 de
1918 1162 2039 1183 amore
2074 1149 2141 1183 Dei
2176 1162 2257 1195 erga

1271 1201 1394 1237 lilium,
1424 1207 1456 1232 et
1477 1212 1556 1241 erga
1575 1213 1650 1233 nos.
1704 1201 1801 1234 Sicut
1816 1214 1900 1233 vero
1918 1213 2053 1240 amore,
2082 1213 2155 1234 non
2171 1202 2258 1234 ima·

1271 1251 1408 1293 ginario
1428 1264 1491 1283 nos
1508 1251 1686 1294 diligimus
1702 1259 1820 1285 natos:
1849 1253 1897 1286 sic
1911 1265 1996 1285 vero
2017 1265 2139 1285 amore
2158 1259 2258 1297 pater

1272 1304 1434 1335 aeternus
1468 1302 1582 1344 diligit
1612 1302 1741 1341 lilium,
1785 1310 1819 1335 et
1841 1304 1991 1337 allicitur
2013 1304 2255 1338 misericordia

1272 1354 1306 1386 in
1326 1354 1527 1386 calamitate
1547 1366 1706 1387 suorum.

1373 1405 1467 1437 Haec
1487 1405 1624 1438 etiamsi
1642 1405 1751 1438 Stoici
1768 1405 1915 1439 ridicula
1937 1418 2009 1439 esse.
2028 1405 2197 1447 dicerent,
2225 1413 2258 1440 et

1271 1469 1334 1489 1105
1355 1469 1427 1489 non
1452 1456 1535 1489 satis
1561 1456 1809 1501 perspicinms,
1846 1457 1966 1502 quales
1989 1457 2058 1490 sint
2083 1455 2121 1490 hi
2142 1464 2258 1491 motus

1272 1508 1306 1540 in
1339 1508 1486 1541 essentia
1514 1507 1578 1540 Dei
1612 1508 1865 1551 placidissima:
1907 1514 2027 1541 tamen
2058 1520 2139 1541 vera
2173 1521 2257 1547 esse,

1270 1559 1504 1592 certissimum
1527 1566 1596 1597 est,
1624 1559 1706 1603 quia
1725 1572 1792 1591 xox
1810 1560 1945 1592 aeterni
1962 1559 2072 1604 patris
2097 1572 2256 1604 expresse

1270 1611 1315 1643 ita
1340 1611 1425 1643 dicit
1449 1608 1593 1655 (Muuh.
1610 1610 1644 1649 3,
1668 1610 1724 1644 17.
1751 1617 1784 1643 et
1810 1611 1867 1651 17,
1886 1609 1956 1655 5.):
2002 1611 2067 1643 Hic
2092 1617 2143 1644 est
2166 1611 2257 1645 filius

1270 1675 1367 1695 meus
1395 1662 1560 1702 dilectus,
1597 1674 1666 1706 quo
1694 1662 1868 1701 delector,
1909 1662 1943 1694 id
1967 1669 2036 1703 est,
2072 1675 2176 1707 quem
2205 1663 2257 1696 iu-

1270 1719 1389 1751 tuens,
1435 1726 1516 1745 xcra
1554 1719 1586 1745 et
1622 1713 1754 1756 ingenti
1789 1713 1921 1746 laetitia
1957 1714 2103 1747 afficior.
2169 1712 2256 1747 Item

1270 1764 1477 1809 (Ex‹›‹1.20,
1501 1764 1569 1806 3.):
1613 1763 1688 1804 ligo
1719 1777 1794 1797 sum
1822 1764 1916 1797 Deus
1940 1765 2087 1804 zelotes,
2131 1765 2164 1798 id
2195 1772 2256 1805 est,

1270 1828 1350 1848 vere
1378 1816 1529 1848 irascens
1554 1816 1714 1859 peccatis.
1782 1815 1856 1848 Etsi
1890 1822 2007 1849 autem
2033 1816 2256 1850 verissimum

1270 1874 1338 1905 est,
1367 1873 1405 1900 ut
1421 1867 1508 1906 dixi,
1538 1867 1675 1911 aliquos
1693 1880 1765 1900 esse
1790 1867 1934 1900 asli-ctus
1958 1879 2021 1900 suo
2045 1880 2172 1911 genere
2194 1869 2255 1901 bo-

1270 1932 1352 1957 nos,
1390 1924 1506 1950 tamen
1538 1924 1726 1963 postquam
1759 1925 1885 1951 natura
1912 1916 2100 1952 bominum
2130 1920 2255 1964 depra-

1270 1976 1349 2002 xata
1369 1976 1415 2002 est
1430 1996 1438 2009 ,
1468 1970 1535 2002 iam
1555 1970 1590 2002 in
1609 1970 1713 2001 corde
1733 1970 1833 2002 multi
1849 1976 1931 2003 sunt
1953 1970 2156 2013 vagabundi
2179 1983 2255 2004 mo-

1270 2028 1342 2060 tus,
1371 2022 1574 2054 aberrantes
1591 2034 1608 2053 a
1628 2021 1778 2054 ratione.
1839 2021 1941 2053 Unde
1969 2021 2090 2065 ingens
2115 2022 2152 2054 fit
2173 2034 2254 2055 con-

1268 2072 1358 2106 fusio
1376 2073 1584 2111 affectuum,
1612 2079 1640 2104 et
1660 2073 1760 2105 multi
1784 2083 1844 2116 per
1867 2085 1902 2105 se
1925 2072 2041 2106 xitiosi
2066 2073 2169 2107 bonis
2191 2074 2255 2107 mi-

1485 2123 1571 2156 ltem
1599 2124 1683 2155 boni
1720 2126 1806 2156 liunt
1838 2124 1955 2157 vitiosi
1990 2136 2053 2168 per
2082 2125 2254 2165 accidens,

1269 2175 1349 2221 quia
1368 2188 1440 2207 non
1458 2182 1629 2218 reguntur
1648 2176 1791 2214 ordine,
1823 2182 1854 2208 ut
1876 2175 1976 2208 multi
1996 2174 2157 2209 homines
2181 2189 2253 2209 ma-

1268 2227 1319 2269 gis
1337 2234 1456 2260 amant
1472 2241 1569 2259 suzim
1594 2227 1713 2266 vitam,
1740 2227 1791 2259 vel
1812 2227 2009 2271 voluptates
2025 2239 2116 2267 suas,
2145 2240 2252 2273 quam

1268 2279 1394 2311 Deum.

1372 2330 1465 2362 Haec
1484 2330 1667 2374 multiplex
1683 2329 1842 2363 confusio
1861 2329 2117 2362 consideranda
2139 2336 2172 2362 et
2194 2331 2252 2363 de-

1268 2381 1440 2425 ploranda
1464 2388 1525 2419 est,
1553 2388 1590 2414 ut
1608 2382 1784 2414 discamus
1803 2392 1990 2424 agnoscere
2009 2381 2250 2414 infirmitatem

1268 2430 1445 2465 humanae
1466 2440 1634 2473 naturae,
1664 2439 1696 2465 et
1720 2446 1737 2465 a
1761 2432 1833 2465 Deo
1851 2438 2010 2475 petamus
2028 2432 2197 2465 auxilium
2219 2439 2251 2466 et

1268 2485 1582 2528 gubernationem,
1627 2497 1716 2530 quae
1744 2483 1964 2528 promittitur
1994 2483 2028 2515 in
2055 2482 2250 2528 Evangelio

1268 2535 1370 2581 (Luc.
1391 2537 1448 2573 11,
1470 2536 1573 2579 13.);,
1592 2536 1736 2580 Quanto
1757 2534 1865 2577 magis
1890 2540 1990 2578 pater
2009 2541 2123 2568 vester
2140 2536 2251 2568 coele-

1268 2587 1328 2620 stis
1363 2588 1461 2620 dabit
1487 2588 1657 2632 Spiritum
1693 2593 1852 2620 sanctum
1888 2586 2098 2629 petentibus.
2163 2585 2248 2619 Item

1268 2638 1390 2684 (Rom.
1410 2640 1444 2679 8,
1462 2639 1558 2685 26.):
1595 2638 1745 2683 Spiritus
1762 2637 1957 2681 opitulatur
1977 2637 2172 2670 infirmitati
2189 2651 2250 2670 no-

1442 2689 1528 2723 ltem
1562 2687 1762 2736 (Zaclr12,
1787 2688 1879 2734 10.):
1924 2687 2115 2722 Effundam
2147 2701 2251 2733 super

1617 2740 1781 2786 spiritum
1829 2739 1961 2784 gratiae
2013 2746 2045 2773 et
2095 2751 2250 2785 precum.

1268 2130 1419 2157 sceutur.

1267 2696 1371 2724 strae.

1268 2743 1413 2776 domurn
1454 2741 1570 2775 David
