2347 3000
227 103 322 140 1199

228 187 497 225 mansuetudine
521 198 644 220 omnes
668 186 781 219 claros
804 186 931 224 duces,
965 183 1027 229 qui
1053 193 1212 229 unquam

228 245 371 276 fuerunt
388 239 452 285 l²³),
480 237 671 272 antecellis.

332 291 419 336 Cap.
441 289 500 324 111.
529 288 558 333 ξ.
584 289 619 323 7.
646 289 805 329 Suscepto
828 287 928 326 bello,
955 285 1094 330 Caesar]
1127 282 1214 317 Sul>-

229 344 302 377 iicit
327 342 580 376 confessionem
605 338 658 372 sui
685 337 779 372 sacti.

333 392 363 438 ξ.
379 393 414 427 9.
442 394 510 428 Sed
530 392 588 424 leoc
611 389 749 435 ‹putei-o]
778 385 1049 426 Recriminatio‚
1077 384 1114 417 in
1133 395 1215 430 qua,

231 452 269 480 ut
304 445 413 479 leniat
450 454 592 476 causam
617 439 773 484 Ligarii,
809 438 962 473 ostendit
985 437 1214 471 Tuberonem

232 497 344 530 inulto
367 495 471 528 fuisse
496 492 710 526 atrociorem
732 488 870 524 hostem
896 489 1075 529 Caesaris,
1103 498 1216 532 eoque

232 546 421 580 inciviliter
461 550 495 577 et
532 541 774 576 inhumaniter
804 542 939 581 facere,
988 552 1067 574 cum
1106 538 1216 582 impe-

233 604 324 632 trata
349 596 453 630 venia
477 594 633 634 obsistit,
668 606 739 639 quo
773 592 890 626 minus
924 591 1026 625 alteri
1055 589 1218 624 similiter

233 650 449 693 ignoscatur.
527 645 623 679 Haec
650 642 767 690 ἠθικὰ
798 643 936 678 etiamsi
967 655 1041 676 non
1074 639 1218 686 proprie

234 701 278 733 ad
304 696 582 734 controversiam
613 695 812 740 pertinent,
847 702 965 728 tamen
996 700 1029 727 et
1061 692 1219 726 alienant

234 751 373 785 animos
397 763 414 783 a
429 749 643 787 Tuberone,
671 753 703 780 et
727 746 917 780 conciliant
932 744 1089 789 Ligario.
1142 742 1220 776 Est-

235 816 302 848 que
327 800 526 847 propositio
543 798 843 833 recriminationis
859 797 980 831 odiose
995 794 1220 840 amplificata.

235 854 388 888 Collatio
413 858 464 886 est
481 851 526 897 ¹³)
552 852 704 884 duarum
729 848 1034 895 propositionum:
1058 844 1221 890 Ligarius

236 905 301 939 t'uit
335 904 372 937 in
398 903 538 943 Africa,
573 902 609 935 id
641 913 714 934 non
748 907 799 935 est
830 901 976 934 crimen.
1039 898 1112 932 Nec
1141 895 1222 930 tulit

237 968 349 996 arma,
377 953 465 988 haec
487 959 538 987 est
562 951 759 998 propositio
785 951 931 996 propria
951 949 1056 984 huius
1081 954 1222 982 contro-

236 1007 385 1041 versiae.
437 1005 589 1038 Additur
605 1004 715 1037 altera
732 1004 775 1037 de
792 1003 1003 1041 Tuberone,
1032 1013 1121 1046 quae
1139 1010 1222 1033 con-

238 1059 327 1092 tinet
357 1055 703 1090 recriminationem:
756 1053 901 1087 Tubero
934 1064 1007 1085 non
1040 1052 1156 1085 solum
1185 1049 1223 1081 in

237 1107 423 1154 provincia
454 1107 572 1152 aliqua
605 1105 671 1138 fuit
684 1104 730 1150 15)
768 1105 910 1137 inimica
943 1103 1106 1141 Caesari,
1163 1100 1224 1134 sed

237 1161 305 1194 suit
334 1160 372 1192 in
403 1158 497 1198 acie,
536 1163 571 1191 et
604 1155 797 1190 dimicavit.
861 1155 906 1188 Et
940 1154 1127 1197 diligenter
1157 1150 1223 1184 hoc

240 1214 317 1245 loco
358 1209 505 1253 insIgnis
548 1207 794 1252 amplificatio,
844 1207 1017 1239 celelssnrata
1064 1203 1223 1236 omnium

239 1263 454 1296 Latinorum
484 1257 668 1292 'rhetorum
708 1258 867 1302 scriptis,
910 1257 1130 1290 observanda
1162 1260 1224 1287 est.

240 1315 372 1359 Estque
400 1320 474 1345 turn
506 1310 752 1349 coacervatio,
789 1317 863 1343 tum
896 1307 1110 1341 distributio.
1163 1304 1226 1338 Est

241 1365 394 1400 brevitas
411 1363 448 1396 in
467 1362 570 1401 colis,
603 1368 637 1394 et
660 1361 801 1394 numeri
827 1360 954 1393 celeres
978 1357 1134 1403 suntlss),
1172 1368 1227 1389 ac-

242 1414 460 1451 commodati
481 1414 525 1447 ad
550 1411 810 1446 vehementiam
825 1439 833 1448 ,
860 1412 896 1444 in
913 1409 1226 1455 exprobrationem

243 1467 294 1501 rei
317 1466 483 1510 indignae
517 1471 550 1497 et
573 1464 743 1502 iniustae,
781 1464 877 1508 quod
912 1472 1118 1505 congressus
1148 1471 1226 1492 cum

244 1519 393 1553 Caesare
421 1523 455 1550 et
478 1516 619 1549 veniam
644 1521 868 1554 consecutus,
898 1513 1062 1558 impedit,
1090 1523 1134 1544 ne
1153 1510 1229 1543 aliis

244 1572 397 1604 donetur
420 1568 543 1604 venia3
580 1573 611 1600 et
642 1566 785 1612 quidem
820 1566 960 1610 privato
994 1564 1076 1597 odio
1101 1561 1229 1595 iniuste

245 1619 418 1666 praetexit
444 1630 605 1657 causam,
640 1629 728 1661 quae
754 1617 796 1648 ad
822 1616 1008 1649 Caesarem
1036 1612 1125 1646 nihii
1153 1625 1230 1656 per-

247 1673 400 1710 tinebat,
428 1669 592 1702 videlicet
616 1670 657 1700 (ie
686 1668 884 1700 exclusione
909 1669 951 1698 ab
977 1666 1105 1698 Ati-ica.

349 1721 435 1766 Cap.
461 1720 519 1753 lV.
550 1718 663 1764 3.10.
699 1721 807 1763 Atque
833 1721 868 1751 ἰιι
889 1719 951 1751 huc
976 1716 1091 1760 cuasa]
1128 1714 1231 1747 Com-

246 1772 441 1808 municatio
467 1783 544 1804 cum
570 1777 680 1814 patre.

351 1822 380 1868 3.
408 1824 466 1857 11.
492 1825 583 1856 Haec
609 1834 670 1855 non
696 1821 788 1854 modo
806 1819 979 1853 mirabilia
991 1818 1033 1864 ιτ)
1052 1818 1145 1861 suni]
1174 1816 1233 1848 Se-

250 1877 371 1923 quitur
403 1873 626 1918 exaggeratio
666 1870 984 1909 recriminationis‚
1028 1869 1123 1914 quod
1161 1880 1233 1899 non

249 1929 363 1963 solum
396 1925 563 1970 impediat
597 1924 759 1962 veniam,
801 1922 860 1956 sed
895 1921 1001 1954 etiam
1032 1920 1235 1954 contendat,

249 1987 289 2013 ut
320 1977 485 2021 Ligarius
513 1975 755 2008 interficiatur.

252 2040 284 2064 et
310 2038 348 2062 tu
372 2029 422 2062 vtis
446 2028 631 2060 incendere
657 2027 803 2059 iratum:
846 2036 927 2067 ergo
952 2023 1022 2062 vis,
1059 2029 1097 2054 ut
1130 2022 1235 2053 inter-

252 2082 388 2114 ficiatur
411 2079 573 2122 Ligarius
594 2077 647 2123 ¹⁵).

252 2131 386 2178 Syllani
410 2129 592 2173 temporis.

355 2182 440 2226 Cap.
462 2180 504 2214 V.
542 2178 572 2224 3.
606 2178 664 2213 14.
702 2180 759 2212 Si.
794 2189 893 2222 quemn
925 2177 984 2209 hoc
1016 2175 1119 2218 domi]
1157 2174 1235 2205 Alia

253 2233 480 2279 amplificatio
506 2243 568 2276 per
595 2228 837 2275 hypotyposin
869 2233 901 2259 ct
928 2227 1153 2259 collationem
1180 2227 1237 2257 de-

808 1972 883 2005 lam
916 1972 1033 2005 exulat
1060 1970 1235 2013 Ligarius.

702 2076 796 2108 llaec
830 2075 1020 2118 amplificat
1047 2073 1235 2105 collatione

291 2346 335 2373 ¹3]
357 2350 399 2374 qui
420 2346 535 2371 unquam
555 2339 680 2366 suerunt]
700 2338 736 2361 sic
758 2337 838 2361 mitt.
861 2336 950 2362 1553..
974 2336 1064 2365 1554.;
1094 2335 1142 2358 Ed.
1165 2334 1238 2358 1568.

322 2380 473 2409 quicunque
493 2376 610 2398 fuerant.

291 2424 336 2449 14)
357 2421 415 2448 est]
436 2419 474 2442 sic
493 2418 576 2441 Eslitt.
599 2416 690 2445 1553..
715 2416 803 2439 155t.:
823 2414 850 2438 in
870 2414 919 2437 Ed.
942 2414 1015 2437 1568.
1036 2412 1129 2436 omiss.

291 2465 337 2492 15)
356 2462 447 2492 aliqua
466 2461 530 2487 fuit]
543 2459 581 2482 sic
598 2458 678 2481 Editt.
696 2457 781 2481 1553..
804 2457 895 2485 1554.;
920 2455 967 2479 Ed.
985 2455 1058 2479 1568.
1078 2454 1129 2477 suit
1142 2453 1239 2483 aliqua.

294 2507 338 2534 16)
359 2504 436 2529 conf,
456 2501 640 2526 Melanthonis
665 2501 800 2523 annotatt.
825 2500 858 2522 ad
886 2499 941 2524 Cic.
966 2499 998 2522 de
1024 2498 1102 2522 Orat.
1126 2496 1178 2526 111,
1199 2498 1240 2524 44,

328 2539 384 2563 173.
406 2540 432 2561 et
451 2537 499 2561 47.
523 2536 596 2564 182„
615 2540 698 2564 snpra
718 2541 741 2564 p.
761 2533 811 2557 759
830 2541 888 2563 sqq.

293 2584 338 2611 17)
359 2582 437 2605 Haec
455 2586 511 2603 non
531 2579 611 2602 modo
630 2577 793 2605 mirabilia]
807 2576 844 2600 sic
854 2575 1031 2600 Edttt.1553..
1049 2574 1132 2598 1554..
1151 2574 1240 2601 1563.;

326 2616 376 2640 Ed.
395 2614 479 2638 Oret!⁴
501 2614 580 2637 Haec
598 2612 795 2636 «arten-amma.

292 2660 338 2687 15)
360 2663 385 2681 et
405 2661 433 2680 tu
452 2656 494 2678 vis
514 2655 657 2678 incendere
670 2655 860 2685 —Ligaritlsj
880 2654 918 2677 sic
938 2653 1020 2677 Editt.
1045 2651 1128 2683 t553.‚
1151 2652 1241 2676 1554:

326 2700 353 2716 tu
374 2692 420 2715 Ed.
444 2690 516 2713 15873.
538 2690 642 2712 desunt.

804 97 926 133 PHlL.
959 96 1072 132 MEL.
1106 94 1308 131 SCRIPTA
1343 97 1679 134 PHILOLOGICA.

2151 101 2249 136 1200

1267 181 1481 219 hortationis
1506 191 1540 218 et
1562 186 1814 222 accusationis:
1842 186 1879 222 Si
1903 186 2006 221 nobis
2030 184 2194 220 flentibus
2216 193 2252 219 et

1267 237 1454 280 prostratis
1484 249 1574 271 esses
1605 235 1833 280 dehortatur,
1877 244 1966 273 esset
2001 235 2250 271 inhumanissi-

1268 300 1378 322 mum.
1431 288 1533 322 Nunc
1551 296 1733 323 accusator
1754 303 1809 331 es,
1838 291 1933 336 quod
1952 296 2002 323 est
2017 288 2189 326 atrocius3
2217 295 2252 322 et

1269 339 1429 384 exemplo
1444 339 1594 373 offendis
1611 341 1810 376 voluntates
1825 342 1991 381 alioruin,
2006 340 2067 386 qui
2077 338 2251 384 nolunt¹⁹)

1269 390 1347 424 acui
1379 391 1606 436 asperitatem
1639 391 1810 428 Caesaris.
1912 395 2037 428 Dicam
2065 391 2184 435 plane,
2216 392 2253 426 C·

1270 443 1409 488 caesar]
1442 441 1554 475 Valde
1579 449 1822 487 opportunum
1845 441 1986 485 πάθος,
2021 455 2092 490 quo
2116 448 2150 476 et
2171 452 2253 486 pro-

1268 493 1329 526 bat
1352 499 1385 526 et
1408 494 1530 527 laudat
1549 494 1760 538 sapientiam
1783 502 1818 529 et.
1837 495 2060 529 clementiam
2080 492 2254 533 Caesaris,

1271 545 1365 589 quod
1391 544 1463 588 ipse
1488 558 1552 579 suo
1582 546 1728 579 consilio
1763 553 1796 580 et
1827 559 1889 581 sua
1923 546 2082 580 bonitate
2116 544 2255 587 mitiget

1271 595 1382 629 civilis
1406 596 1573 629 victoriae
1596 597 1800 638 saevitiam,
1835 611 1899 632 nec
1929 598 2021 633 sinat
2051 610 2086 631 se
2112 594 2255 629 incendi

1272 659 1290 679 a
1318 646 1432 682 malis.
1504 648 1599 681 Haec
1633 654 1683 682 est
1714 649 1860 693 insignis
1891 655 1924 683 et
1957 647 2099 682 heroica
2131 647 2255 686 virtus,

1272 697 1419 742 proprio
1448 697 1577 733 iudicio
1599 706 1692 734 recte
1715 701 1850 741 facere,
1886 713 1950 734 nec
1972 711 2095 744 gerere
2117 709 2256 732 morem

1273 749 1524 793 cupiditatilms
1548 759 1608 786 ant
1643 750 1732 786 odiis
1763 752 1974 785 amicorum.
2025 750 2072 784 Et
2104 756 2156 784 est
2182 760 2257 783 am-

1273 800 1465 844 plificatum
1490 799 1629 843 ncc'2903:
1659 802 1779 837 Minus
1802 803 1926 847 flagitii
1953 809 2061 842 esset,
2095 801 2123 835 si
2147 807 2180 834 te
2206 799 2258 832 vi-

1274 857 1387 886 ctores
1419 861 1604 891 acuerent:
1640 865 1734 887 nunc
1761 855 1905 888 Tubero
1935 862 1986 889 est
2020 857 2259 898 exasperator‚

1275 902 1336 948 qui
1356 902 1423 936 suit
1447 910 1548 938 atrox
1575 904 1703 944 hostis;
1733 913 1783 940 est
1807 906 1938 948 victus,
1961 912 2099 940 tantum
2123 901 2259 937 miseri-

1275 954 1394 988 cordia
1420 960 1478 988 tua
1505 964 1675 991 servatus.

1379 1004 1465 1050 Cap.
1496 1006 1554 1041 vl.
1592 1006 1622 1052 ἓ.
1654 1007 1712 1042 17.
1745 1011 1796 1042 Ao
1824 1010 1956 1051 primus
1988 1007 2116 1052 aditus]
2155 1005 2258 1040 Nunc

1275 1056 1456 1100 paulisper
1488 1058 1616 1092 omissa
1656 1058 1964 1099 recriminatione,
2008 1059 2101 1091 redit
2133 1056 2256 1090 Cicero

1277 1107 1322 1139 ad
1361 1108 1602 1143 defensionem
1634 1109 1780 1153 Ligarii.
1856 1110 1908 1144 Ac
1945 1109 2101 1154 primum
2132 1108 2262 1141 refutat

1277 1157 1410 1214 dictum
1443 1158 1661 1202 Tuberonis,
1711 1162 1773 1207 qui
1802 1161 1919 1196 statim
1949 1161 1986 1194 in
2016 1158 2260 1206 propositione

1278 1216 1432 1252 grawter
1456 1212 1652 1247 oi‘l‘enderat
1678 1213 1873 1247 multorum
1898 1212 2057 1252 animos,
2085 1223 2163 1245 cum
2180 1221 2263 1243 con·

1279 1261 1498 1317 iunctionem
1530 1276 1609 1296 cum
1631 1264 1805 1309 Pompeio
1839 1270 1999 1298 vocasset
2026 1263 2149 1298 scelus.
2202 1260 2263 1294 Est

1279 1318 1387 1354 igitur
1418 1313 1521 1357 plena
1552 1315 1733 1360 dignitatis
1775 1323 1808 1349 et
1843 1315 2026 1360 gravitatis
2065 1312 2262 1358 responsio,

1280 1363 1506 1419 maximeque
1547 1367 1760 1401 conveniens
1800 1379 1974 1412 personae
2014 1364 2193 1400 Ciceronis
2230 1370 2263 1397 et

1281 1414 1434 1448 aliorum
1458 1414 1689 1452 honestorum
1711 1419 1892 1459 virorum,
1920 1419 2048 1464 quibus
2062 1415 2263 1450 nolentibus

1282 1473 1460 1500 exarserat
1481 1468 1612 1502 bellum
1639 1470 1758 1509 civile,
1787 1470 1823 1503 in
1845 1483 1915 1516 quo
1940 1476 2059 1503 tamen
2087 1466 2141 1508 hi,
2178 1479 2263 1512 quo-

1284 1528 1363 1548 rum
1394 1520 1586 1565 praecipua
1617 1522 1683 1555 snit
1715 1521 1885 1565 dignitas,
1919 1520 2130 1564 Pompeium
2156 1517 2265 1553 secuti

1282 1568 1435 1624 fuerant.
1488 1571 1616 1620 Hos20)
1643 1585 1764 1606 omnes
1788 1573 1854 1605 dici
1880 1573 2087 1611 sceleratos,
2115 1575 2192 1604 erat
2214 1569 2265 1601 in-

1283 1629 1436 1662 lustum,
1474 1624 1681 1668 praesertim
1712 1636 1790 1657 cum
1817 1624 1920 1657 multi
1945 1636 2018 1656 non
2045 1622 2159 1656 solnm
2183 1617 2266 1653 hor-

1285 1675 1582 1713 totoressuissent,
1611 1683 1647 1708 ut
1667 1687 1765 1708 arma
1783 1677 2058 1719 deponerentur,
2086 1674 2146 1707 sed
2161 1670 2269 1705 etiam

1286 1725 1480 1759 mediocres
1505 1727 1725 1759 conditiones
1750 1727 1843 1770 pacis
1862 1725 2107 1760 ostendissent.
2159 1722 2268 1756 Recte

1285 1777 1393 1821 igitur
1408 1776 1531 1810 Cicero
1555 1778 1711 1822 primum
1737 1776 1967 1822 reprehendit
1991 1775 2267 1820 appellationem

1287 1841 1347 1862 seu
1370 1840 1501 1861 nomen
1527 1829 1702 1869 criminis,
1739 1830 1834 1874 quod
1868 1827 2032 1861 videlicet
2063 1824 2156 1860 hanc
2185 1836 2269 1858 con-

1287 1879 1506 1913 iunctionem
1534 1880 1678 1914 Tubero
1710 1881 1820 1914 scelus
1851 1877 2081 1923 nuncupavit.
2138 1876 2270 1922 Estque

1287 1932 1384 1964 locus
1410 1931 1642 1968 definitionis;
1677 1938 1711 1965 et
1746 1932 1884 1977 quaerit
1909 1931 2031 1964 Cicero
2063 1927 2178 1962 vicina
2209 1938 2270 1960 vo-

1289 1982 1410 2014 cabula
1436 1984 1552 2018 minus
1579 1983 1732 2023 atrocia,
1766 1995 1856 2029 quae
1881 1981 2140 2016 excusationem
2164 1979 2270 2013 Pom-

1290 2035 1502 2078 peianorum
1536 2034 1730 2068 continent.
1793 2034 1882 2067 Fere
1913 2034 2038 2066 iisdem
2067 2030 2184 2065 verbis
2215 2040 2271 2063 ex-

1290 2091 1387 2118 cusat
1415 2085 1654 2131 Pompeianos
1683 2098 1750 2130 pro
1779 2084 2042 2130 Marce110202).
2103 2082 2270 2116 caeterae

1291 2136 1548 2180 appellationes
1576 2137 1694 2171 minus
1724 2137 1908 2170 continent
1930 2133 2179 2179 turpitudinis,
2215 2138 2268 2165 ut:

1292 2199 1411 2227 error,
1439 2195 1572 2229 metus,
1600 2201 1698 2233 spes,
1726 2188 1917 2233 cupiditas,
1944 2185 2152 2231 pertinacia.
2203 2182 2273 2216 Sed

1291 2239 1401 2272 scelus
1434 2241 1577 2285 plenum
1617 2247 1668 2274 est
1699 2239 1938 2284 turpitudine,
1981 2237 2063 2284 quia
2101 2234 2272 2280 significat

1293 2291 1474 2324 ardentem
1519 2291 1648 2325 iniusta
1688 2291 1899 2336 cupiditate,
1947 2300 2020 2322 non
2063 2287 2117 2322 sui
2150 2285 2274 2320 tuendi

1293 2354 1414 2382 causa,
1449 2344 1509 2376 sed
1529 2343 1646 2376 studio
1669 2342 1822 2376 nocendi
1847 2341 2006 2375 consulto
2029 2345 2063 2373 et
2082 2337 2275 2376 volentem,

1293 2393 1421 2427 iniuste
1448 2394 1568 2427 moliri
1590 2393 1724 2439 aliquid
1739 2393 1785 2440 2¹)
1809 2399 1929 2426 contra
1946 2389 2202 2434 rempublicam
2219 2387 2275 2421 vel

1294 2446 1500 2479 innocentes
1523 2451 1557 2480 et
1579 2443 1747 2480 honestos
1775 2445 1884 2483 cives,
1910 2449 1948 2476 ut
1965 2441 2116 2476 Catilina
2135 2440 2274 2474 fecerat.

1331 2573 1376 2601 1⁹]
1396 2572 1506 2600 nolunt]
1527 2570 1567 2594 sic
1584 2569 1667 2593 Editt.
1688 2567 1780 2598 1553„
1801 2567 1893 2595 1554.;
1913 2565 1960 2589 Ed,
1983 2564 2055 2589 1563.
2075 2563 2178 2588 volunt.

1328 2608 1376 2636 20)
1397 2608 1468 2636 uos]
1488 2607 1528 2631 sic
1547 2605 1630 2628 Editt.
1652 2602 1745 2633 1553„
1765 2601 1854 2631 1554.;
1874 2601 1923 2624 Ed.
1944 2600 2018 2624 1568.
2038 2598 2095 2623 uis.

1329 2642 1396 2674 20³)
1416 2642 1492 2666 Conf.
1513 2639 1654 2666 Ciceronis
1673 2638 1742 2662 orat.
1762 2641 1812 2666 pro
1831 2635 1963 2659 Marcello
1985 2635 2023 2658 10.

1329 2678 1378 2707 21)
1396 2676 1513 2708 aliquid]
1532 2675 1573 2700 sic
1590 2673 1673 2699 Editt.
1694 2671 1785 2702 1553„
1807 2671 1898 2701 1554.;
1916 2669 1963 2694 Ed.
1986 2668 2059 2693 1568.
2080 2666 2180 2698 aliqua.
