2347 3000
71 153 145 188 969

70 239 237 272 debemus
256 239 341 272 velle
360 245 393 272 te
408 239 546 273 salvum
568 252 651 273 esse.
732 239 905 283 I'roficde'i]
935 238 968 270 id
997 244 1058 277 est,

71 290 132 335 qui
149 288 263 323 adhuc
280 297 400 323 contra
421 302 563 323 causam
581 297 669 330 stat,
698 292 772 330 vel,
809 290 868 335 qui
891 290 959 322 iam
981 294 1059 332 post

72 341 295 385 profligatum
318 341 448 374 bellum
467 353 541 374 non
558 342 687 375 desinit
701 355 773 376 esse
791 339 901 374 hostis
921 338 1058 377 victori,

71 392 131 436 qui
148 391 369 425 conservavit
382 392 652 436 rempublicam.
720 395 811 434 Quae
828 393 934 435 enim]
958 390 1057 436 quasi

70 443 199 475 diceret
215 455 219 474 :
250 449 396 485 possunt.
413 455 484 476 esse
506 443 664 488 quidam.

172 491 200 536 ξ.
220 493 278 528 32.
308 494 433 538 Quare]
461 492 695 533 Adbortatio,
723 495 757 527 in
778 507 846 539 qna
872 494 982 526 desert
1007 492 1057 524 os-

70 543 206 583 ficium,
234 551 267 576 et
284 545 454 588 epilogus.
539 548 608 580 Pro
629 546 724 589 ullis]
752 543 886 583 πάθος.
967 544 1056 577 Sub-

68 607 137 627 esse
154 595 298 639 aliquid]
328 596 458 629 scilicet
481 595 703 630 insidiarum.

170 645 255 689 Cap.
277 645 331 680 XI.
362 645 390 689 ᾗ.
410 647 469 680 33.
498 650 566 682 Sed
581 653 616 681 ut
626 647 693 693 79])
722 645 928 679 Gratiarum
952 644 1055 677 actio.

68 695 150 737 Agit
166 697 258 729 enim
276 698 406 741 gratias
422 704 591 744 tanquam
610 711 676 742 pro
693 696 884 741 republica.
918 694 1055 728 Deinde

68 746 311 793 p1·ivati111⁸⁰),
338 748 420 794 quia
439 749 568 783 Caesar
593 749 630 782 in
657 749 717 781 illo
745 747 923 790 exemplo,
960 746 1053 791 quod

68 798 260 832 restituerit
274 799 480 833 Marcellum
492 826 501 840 ,
527 800 610 833 satis
626 799 829 832 declarabat
844 798 887 830 ad
905 798 1054 830 eundem

68 850 234 890 modum,
260 851 436 895 placatum
456 862 527 885 esse
551 848 625 890 his,
658 849 785 895 quibus
811 849 847 881 id
873 860 946 881 non
974 848 1056 881 satis

71 902 282 934 ostenderat.
386 902 471 946 Sed]
503 901 690 934 Peroratio
715 900 896 945 pertinens
919 901 960 932 ad
987 899 1054 943 pri-

68 963 161 983 mam
181 958 214 983 et
234 951 463 995 principalem
483 952 655 987 orationis
673 959 822 996 partem.
901 952 1056 995 Lachry-

67 1002 144 1046 mis]
173 1001 302 1035 scilicet
326 1014 392 1046 pro
408 1002 579 1035 Marcello
603 1003 713 1037 factis.
801 1003 939 1046 Ονιίἰηῖ]
965 1001 1055 1035 scili-

69 1058 122 1084 cet
144 1059 296 1087 senatus.
387 1055 545 1098 Laetari]
580 1055 711 1088 scilicet
737 1054 820 1099 quia
845 1053 1053 1086 beneficium

69 1104 113 1136 ad
125 1103 255 1138 ’omnes
274 1103 446 1148 pertinet,
475 1111 506 1137 et
524 1105 654 1140 videris
672 1105 926 1149 rempublicam
945 1103 981 1137 in
999 1116 1055 1136 ve-

68 1161 178 1188 terem
199 1156 350 1188 sormam
370 1156 568 1190 restituere.

102 1273 151 1302 79)
169 1273 226 1298 Sed
243 1273 290 1301 ut]
310 1272 350 1295 sic
369 1271 418 1295 Ed.
435 1271 508 1295 ¹568.
527 1272 554 1295 et
572 1271 628 1302 al.;
654 1271 703 1296 Ed.
724 1270 810 1296 orell.
829 1270 886 1296 sed
903 1270 985 1296 unde.

102 1323 151 1357 80)
169 1323 313 1356 privatim]
331 1323 379 1348 Ed.
397 1323 471 1348 1568.
489 1323 601 1355 typogr.
621 1326 734 1349 errore:
759 1322 902 1354 pravatim.

374 152 431 189 IX.
484 152 769 188 ENARRATIO
805 148 1067 187 ORATIONIS
1101 148 1348 185 CICERONIS
1384 148 1482 183 PRO
1517 147 1793 182 MARCELLO.

2024 149 2098 181 970

1217 235 1246 280 ἓ.
1265 236 1324 271 34.
1354 238 1447 277 Quod
1468 235 1594 279 stactem]
1623 230 1746 272 πάθος
1764 232 1954 277 privatum.
2007 232 2097 266 Nm,

1113 287 1183 330 agit
1212 289 1253 320 de
1277 301 1312 321 se
1337 286 1502 331 prixatim
1528 286 1668 330 gratias.
1749 285 1841 325 Quod
1863 285 1986 326 uidem}
2026 284 2100 315 l’ri-

1113 345 1191 371 vata
1211 339 1406 381 gratiarum
1425 337 1528 372 actio.
1581 337 1636 370 Sic
1655 342 1834 369 construe:
1865 334 1953 366 Cum
1972 334 2003 365 id
2027 341 2099 367 tam

1111 389 1171 422 diu
1189 390 1440 432 praestiterim,
1465 390 1559 434 quod
1580 399 1738 422 summae
1756 384 2022 417 benevolentiae
2038 392 2099 424 est,

1112 446 1195 479 eun,
1231 441 1330 485 quasi
1356 440 1504 473 diceret:
1540 439 1717 472 Hactenus
1743 437 1792 470 sui
1819 449 1882 480 pro
1906 448 1947 467 eo
1972 435 2098 467 solliei-

1112 497 1184 530 tus,
1213 503 1278 534 pro
1296 504 1336 524 co
1352 490 1475 535 rogavi
1492 497 1523 523 et
1542 490 1740 528 intercessi,
1778 500 1868 533 «piae
1893 493 1973 520 sunt
1999 486 2097 529 signa

1110 543 1388 576 benevolentiae.
1477 542 1673 585 Dolore'bns]
1700 539 1831 574 seilicet
1856 544 2002 582 propter
2028 537 2096 569 exi-

1110 593 1195 626 lium
1221 594 1306 628 eius.
1384 592 1584 636 Praestare]
1618 592 1747 625 scilicet
1773 588 1863 622 lianc
1885 588 2098 622 benevolen—

1110 651 1207 677 tiam.

1206 725 1247 759 In
1280 727 1348 759 fme
1381 725 1553 758 orationis
1588 724 1739 756 addebat
1769 720 1813 757 D.
1837 722 2023 766 Philippus
2039 721 2098 767 ⁸¹),

1110 777 1200 811 hanc
1216 777 1476 810 oratiunculam
1501 788 1575 808 non
1598 775 1712 807 obiter
1733 776 1987 818 degustandam
2013 785 2098 812 esse,

1109 830 1167 863 scd
1184 827 1323 873 saepius
1339 828 1563 871 relegendam
1575 851 1584 867 ‚
1608 832 1642 859 ct
1659 826 1804 870 dignam
1822 837 1913 865 esse,
1942 836 2030 869 quae
2051 825 2095 856 ad

1109 881 1257 914 verbum
1276 879 1463 913 ediscatur.
1514 877 1591 912 Nisi
1615 877 1708 910 enim
1736 875 1937 920 saepissime
1960 881 2096 919 repeta-

1109 945 1206 969 mus,
1233 943 1306 964 non
1323 936 1438 975 potest
1459 929 1553 969 fieri,
1580 935 1619 962 ut
1635 928 1900 973 perspiciamus,
1928 938 1998 971 quo
2015 938 2097 958 con-

1109 984 1187 1017 silio
1204 983 1328 1016 Cicero
1350 981 1437 1015 haec
1453 980 1651 1025 scripserit,
1686 986 1720 1013 et
1743 979 1828 1024 quid
1852 977 2025 1015 voluerit,
2063 983 2095 1009 et

1109 1035 1373 1068 consideremus
1407 1031 1683 1077 sapientissimas
1718 1029 1928 1069 sententias,
1970 1027 2097 1073 quibus

1108 1098 1211 1130 saepe
1226 1097 1309 1119 usus
1334 1090 1384 1118 est
1410 1083 1447 1116 in
1473 1081 1540 1116 hac
1563 1082 1746 1122 oratione,
1781 1081 1909 1114 deinde
1934 1079 2097 1113 observe-

1108 1149 1187 1170 mus
1214 1135 1349 1170 lumina
1380 1134 1573 1177 orationis,
1605 1145 1759 1182 quorum
1783 1132 1894 1167 multa
1918 1129 1975 1165 hic
1998 1141 2096 1173 repe-

1108 1195 1261 1222 riuntur.

1141 1319 1187 1353 81)
1207 1320 1223 1345 i.
1239 1327 1261 1345 e.
1280 1322 1446 1347 Melanthon.
