2347 3000
112 111 186 148 525
672 111 728 146 Vl.

210 195 240 239 5.
258 196 316 231 49.
345 199 435 238 Quae
451 209 522 230 cum
538 198 647 241 aliquo
665 197 910 243 confermatam]
930 198 1088 232 Relative

109 247 282 290 opposita.
373 245 599 292 cinocpazlzci]
635 245 820 293 άῐιόᾳασις
842 249 982 292 negatio
1005 250 1089 282 dici-

108 303 163 330 tur
174 324 182 337 ‚
211 298 299 330 sicut
313 295 520 342 κατάφασις
534 298 734 331 allii-matio.

208 347 236 390 5.
254 348 313 380 50.
340 349 391 380 Ab
410 349 592 391 adiunctis]
619 349 794 381 Adiuncta
816 348 988 383 eiusmodi
1006 357 1088 384 sunt

104 397 252 437 similia,
295 409 383 441 quae
414 403 532 429 tamen
562 411 634 431 non
663 400 857 432 news-sario
884 399 1086 435 cohaerent.

105 451 146 482 Si
161 451 411 487 statuissemus,
439 449 521 492 cna]
546 447 581 480 ld
602 456 671 489 est,
699 451 727 482 si
752 451 887 494 pupillo
910 464 983 483 non
1007 453 1087 484 licet

103 504 348 531 testamentum
372 499 503 531 facere:
545 512 628 543 crgo
654 501 758 533 etiam
783 502 988 535 mulieribus
1012 515 1086 534 non

101 549 190 582 licet.

203 599 288 642 Cap.
313 597 386 632 XII.
422 597 452 642 5.
476 598 536 633 51.
580 602 666 640 Quid
684 607 756 643 post
779 602 865 644 rem]
901 601 966 634 Hic
988 602 1084 635 locus

101 649 282 692 signorum
308 650 453 689 dicitur,
497 663 586 695 quae
619 651 806 694 diligenter
840 658 1037 685 tractantur
1064 665 1083 684 a

101 698 320 739 rhetoribus,
368 712 387 733 a
425 700 613 734 dialecticis
639 703 710 734 sere
742 703 1083 745 praetermittuntur.

100 750 205 783 Extat
229 752 450 795 praeclarum
479 751 662 795 signoruni
692 752 890 796 exemplum
919 753 957 784 in
979 753 1084 786 Milo-

102 802 206 834 niana
226 801 477 846 orationeffld).

203 851 302 895 553.
321 855 378 885 Ex
393 852 662 896 consequentibus
678 856 710 885 et
726 854 1081 898 ‹nnecedentihusetc.]

100 905 337 937 Antecedentia
351 902 536 940 dicuntur,
564 913 653 945 quae
671 901 805 947 aliquid
821 904 1017 937 necessario
1042 916 1082 936 ex

99 966 134 986 se
151 953 309 996 gignunt.
359 954 529 985 Adiemctcc
546 963 620 984 non
644 954 842 986 necessario
868 954 1081 1000 gignuntffl).

100 1004 337 1048 Consequentia
346 1027 357 1042 ,
386 1014 476 1047 quae
495 1003 691 1035 necessario
709 1010 916 1048 sequuntur.

199 1054 284 1097 Cap.
301 1051 389 1086 XIII.
429 1050 458 1096 5.
476 1052 535 1086 53.
570 1055 675 1094 Quum
695 1056 897 1099 ἰνῖμανίὶΐο.]
931 1055 1006 1088 Hoc
1029 1062 1079 1088 to-

97 1111 171 1137 tum
193 1102 282 1136 nihil
298 1103 393 1136 aliud
410 1109 479 1143 est,
512 1116 619 1148 quam
639 1105 734 1148 quod
750 1105 923 1138 dialectici
938 1107 1080 1138 tradunt

98 1157 140 1188 de
179 1152 417 1199 hypotheticis
458 1154 761 1198 propositionibus
777 1154 807 1174 ⁰⁸
819 1156 864 1201 a').
951 1157 1080 1189 Condi-

99 1206 289 1239 tionalibus
318 1204 622 1249 propositionibus
662 1205 711 1238 sic
747 1206 882 1239 utimur
913 1206 951 1239 in
985 1207 1079 1239 colli-

96 1257 224 1301 gendo.
285 1255 338 1288 Ex
370 1256 589 1288 antecedenti
615 1262 708 1288 recte
741 1256 937 1300 colligimus
960 1270 1079 1290 conse-

95 1320 206 1353 quens
227 1306 457 1345 affirmative,
492 1312 547 1338 ut:
584 1306 621 1338 Si
644 1304 752 1339 homo
779 1308 906 1348 currit,
947 1308 1079 1340 animal

96 1359 222 1395 currit3
239 1357 299 1390 sed
316 1354 424 1390 homo
443 1356 568 1389 currit:
581 1369 670 1400 ¹ergo
689 1357 794 1390 etiam
811 1358 942 1390 animal
959 1359 1078 1392 currit.

95 1409 152 1442 Sic
168 1408 314 1442 Paulus:
341 1407 377 1441 Si
395 1414 514 1451 gentes
527 1414 669 1441 servant
683 1408 794 1451 legem
807 1434 816 1448 ,
842 1415 960 1452 gentes
976 1415 1079 1442 erunt

93 1473 159 1505 pro
183 1458 411 1496 circumcisis;
439 1459 641 1501 sedgentes
665 1465 807 1492 servant
829 1459 958 1503 legem:
994 1472 1076 1503 ergo

95 1517 215 1556 gentes
235 1515 339 1542 erunt
361 1521 426 1553 pro
450 1509 661 1542 circumcisis
673 1508 755 1554 ⁰⁸¹²).
808 1508 947 1554 Si'haec
968 1523 1076 1554 parva

93 1569 128 1595 et
143 1561 317 1594 moritura
336 1571 486 1603 corpora
503 1566 621 1592 mente
639 1559 757 1605 aliqua
776 1567 965 1604 reguntur:
993 1573 1075 1605 ergo

94 1610 277 1656 etiamffic)
296 1617 438 1643 aeterna
455 1622 604 1654 corpora
622 1617 739 1643 mente
757 1610 874 1656 aliqua
890 1618 1076 1655 reguntur;

93 1665 154 1698 sed
169 1667 306 1695 constat
323 1659 479 1694 humana
494 1673 645 1704 corpora
662 1667 778 1694 mente
794 1662 884 1704 regi:
914 1674 996 1705 ergo
1020 1660 1076 1695 hic

91 1714 246 1748 mundus
269 1711 375 1745 etiam
400 1718 536 1752 mente,
571 1711 607 1743 id
631 1718 700 1752 est,
741 1711 910 1746 divinitus
931 1713 1076 1757 regitur.

93 1765 150 1799 Sic
168 1764 290 1798 Cicero
313 1763 452 1806 collegit
476 1775 541 1806 pro
562 1762 709 1796 Milone.
761 1762 816 1796 Ex
838 1770 1075 1808 consequente

93 1815 290 1858 colligimus
319 1814 528 1846 antecedens
558 1813 739 1856 negative:
784 1813 821 1846 Si
851 1814 1076 1858 magistratus

92 1867 171 1912 pius
188 1871 259 1905 est,
284 1864 382 1908 prius
398 1864 492 1896 volet
510 1875 719 1907 cognoscere
741 1865 998 1899 controversias
1023 1878 1076 1898 ec-

92 1915 321 1955 clesiasticas,
348 1927 453 1960 quam
472 1927 685 1960 quemquam
702 1915 890 1953 damnare;
926 1917 986 1949 sed
1002 1929 1075 1949 non

92 1965 273 2012 cognoscit
289 1965 402 2010 prius:
432 1977 514 2009 ergo
531 1977 604 1997 non
623 1971 674 1998 est
690 1965 768 2008 pius
777 1965 836 2011 69).
885 1965 925 1999 In
943 1967 1075 2000 disiun-

91 2019 192 2053 ctivis
208 2018 255 2050 ita
271 2016 486 2060 colligimus,
513 2028 590 2049 cum
608 2027 714 2048 unani
732 2022 870 2060 partem
890 2018 1075 2057 ademeris,

91 2071 238 2104 alteram
254 2067 407 2100 tribuere
426 2079 563 2100 necesse
581 2073 650 2106 est,
684 2072 738 2099 ut:
770 2066 924 2101 Mundus
943 2075 1003 2101 aut
1020 2080 1074 2101 re-

90 2121 184 2166 gitur
216 2119 335 2163 aliqua
365 2124 502 2157 mente,
540 2124 600 2150 aut
623 2117 720 2149 nullo
746 2118 869 2151 ordine
896 2125 990 2151 certo
1018 2131 1074 2153 res

90 2173 196 2208 fiunt;
238 2170 299 2203 sed
324 2175 418 2201 certo
443 2168 567 2201 ordine
591 2180 645 2202 res
666 2168 773 2201 fiunt:
813 2180 896 2212 ergo
920 2170 1073 2204 mundus

91 2223 209 2267 aliqua
225 2226 341 2253 mente
368 2219 512 2263 regitur.
564 2218 604 2251 In
630 2219 838 2263 copulativis
861 2232 902 2252 ex
923 2226 996 2253 tota
1024 2222 1072 2253 al-

90 2279 260 2307 terutram
300 2277 437 2315 partem
476 2269 692 2314 colligimus,
732 2276 788 2304 ut:
832 2270 928 2305 Deus
967 2272 1073 2317 exigit

122 2379 191 2409 671³)
209 2381 285 2405 Conf.
311 2381 375 2404 Mel.
399 2380 542 2404 Elementa
565 2379 677 2403 Rlietor.
703 2378 728 2402 in
754 2379 847 2403 eodem
872 2379 936 2405 vot.
968 2387 995 2411 p.
1013 2381 1072 2405 434.

157 2416 267 2444 eiusque
285 2416 403 2438 Erotem.
422 2414 537 2437 Dialect.
561 2413 625 2436 ibid.
645 2421 669 2442 p.
684 2413 734 2437 704
748 2419 788 2443 sq.

122 2458 170 2486 68)
190 2457 317 2487 gignunt]
336 2457 376 2480 sic
391 2457 440 2480 Ed.
456 2456 546 2485 1550.;
572 2455 655 2480 Editt.
673 2455 762 2485 1533.,
783 2456 859 2481 1541.
875 2456 997 2488 iungunt.

123 2499 191 2527 68³)
211 2498 288 2521 Conf.
307 2499 370 2521 Mel.
389 2499 508 2521 Erotem.
528 2497 643 2521 Dialeet.
662 2498 711 2521 1.1.
730 2498 821 2528 p.578
833 2504 874 2530 sq.

122 2540 188 2570 68¹³)
209 2542 286 2566 Conf.
308 2542 383 2565 Rom.
397 2541 425 2572 2,
446 2542 484 2564 14.
504 2541 536 2564 26
550 2547 606 2570 sqq.

121 2583 186 2614 680)
207 2584 300 2612 etiam]
319 2583 359 2606 sic
380 2583 463 2606 Editt.
478 2583 569 2613 1533„
591 2583 682 2613 1541,
705 2583 754 2608 Ed.
771 2583 846 2609 1550.
865 2583 926 2608 iam.

121 2625 169 2657 69)
189 2626 217 2649 Si
237 2626 414 2655 magistratus
429 2638 462 2642 —
476 2631 529 2648 non
549 2627 591 2648 est
610 2625 695 2655 pius]
714 2625 754 2649 sic
772 2626 853 2650 Editt.
871 2627 955 2657 1533„
976 2627 1069 2657 1541.;

156 2661 205 2684 Ed.
224 2661 295 2683 1550.
323 2660 350 2682 Si
369 2659 460 2683 ludaei
486 2665 519 2682 ex
536 2659 593 2682 Deo
619 2661 728 2689 essent,
756 2662 840 2685 verba.
858 2661 909 2686 Dei
926 2661 1068 2693 audirent5

154 2694 204 2719 sect
221 2700 276 2718 non
294 2694 421 2718 audiunt:
450 2698 515 2725 ergo
534 2699 569 2718 ex
585 2693 643 2719 Deo
662 2699 717 2719 non
734 2695 809 2720 sunt.

781 112 982 146 sCHOLlA
1013 113 1061 148 IN
1096 114 1342 151 ClclznoMs
1377 117 1563 153 TOPtCA.
2052 121 2124 155 826

1143 201 1306 235 timorem
1339 210 1372 235 ct
1402 204 1524 236 fidem:
1575 215 1657 246 ergo
1689 203 1782 235 Deus
1815 203 1975 235 timorem
2008 204 2122 244 exigit.

1141 252 1367 295 Magistratus
1383 255 1480 286 delict
1501 261 1534 286 ct
1553 254 1677 297 punire
1694 260 1832 292 sono-s,
1868 260 1898 285 ct
1924 254 2035 285 bonos
2061 253 2123 285 lio-

1140 316 1226 335 norc
1244 305 1397 336 assu-erc:
1426 318 1509 348 crgo
1534 317 1605 337 non
1631 305 1714 338 satis
1739 311 1789 336 est
1811 304 2030 347 magistratui
2060 317 2121 346 pu-

1140 354 1216 386 nire
1240 356 1452 399 sontes-⁶⁰³).

1243 404 1271 447 5.
1296 403 1355 438 55.
1410 406 1642 449 Enileymema]
1676 404 1736 437 llla
1772 402 2034 448 cnthymemata
2050 404 2120 448 (Μ’)

1140 455 1240 486 valde
1254 456 1353 487 lirina
1372 462 1470 495 sunt,
1499 468 1588 500 quac
1608 456 1755 488 conflata
1773 462 1854 488 sunt
1868 468 1908 487 ex
1924 455 2122 494 contrariis,

1138 510 1192 537 ut:
1216 505 1303 537 Cum
1323 505 1367 539 sis
1385 513 1559 548 expertus,
1578 519 1666 550 quae
1688 506 1911 538 incommoda
1928 511 2122 550 sequantur

1138 555 1362 588 ebrietatem:
1391 569 1473 598 ergo
1492 557 1595 588 debes
1611 558 1748 589 studere
1765 555 1946 589 sobrietati
1968 563 2001 588 et
2024 555 2119 587 illam

1138 606 1312 650 amplecti.
1366 607 1453 639 Cum
1473 604 1561 638 nihil
1578 607 1621 639 sit
1637 607 1867 650 perniciosius
1885 604 2042 639 humano
2063 617 2120 648 ge-

1136 657 1232 696 neri,
1259 657 1369 690 bello:
1398 655 1486 689 nihil
1502 657 1604 689 debet
1623 670 1694 690 esse
1719 657 1850 699 gratius
1875 669 1970 700 pace.
2020 655 2120 696 Item,

1135 706 1208 740 Lex
1223 708 1312 739 iram
1331 714 1515 751 operatur:
1543 719 1625 751 ergo
1644 720 1717 739 non
1734 707 1914 741 iustitiam.

1240 757 1324 801 Cap.
1341 758 1430 792 XIV.
1467 757 1496 801 5.
1518 756 1578 792 58.
1619 760 1805 792 Prooee'nms
1837 763 1885 790 est
1920 757 2022 800 locus]
2065 756 2119 789 De

1136 820 1320 841 causarum
1351 809 1455 849 locis,
1496 820 1586 852 quae
1610 808 1646 840 in
1672 814 1826 852 quatuor
1852 819 1979 850 genera
2004 807 2119 839 distri-

1133 858 1304 892 huuntur.
1356 859 1422 892 Hic
1438 865 1555 892 autem
1571 857 1850 892 circumstantias
1866 864 1898 890 et
1919 858 2120 891 occasiones

1135 921 1255 942 causas
1274 910 1369 944 facit.

1237 960 1323 1004 Cap.
1340 960 1414 995 XV.
1441 958 1470 1003 5.
1490 958 1549 994 58.
1577 962 1620 994 Si
1644 962 1718 1005 quis
1740 971 1796 992 aes
1818 970 1953 992 causam
1968 954 2117 1003 statuae]

1134 1010 1322 1044 Materiam
1341 1011 1532 1056 x·oc‹¹tt⁶⁰⁰).

1236 1060 1265 1105 5.
1284 1060 1344 1096 59.
1371 1061 1503 1106 Fatum]
1524 1061 1652 1093 Fatum
1670 1059 1831 1092 ordinem
1850 1064 2021 1091 vocarunt
2039 1069 2119 1090 cau-

1133 1124 1252 1146 sarum
1270 1113 1362 1145 inter
1379 1125 1414 1146 se
1434 1122 1691 1145 connexarum:
1725 1122 1787 1142 nec
1807 1117 1926 1142 tamen
1943 1107 2119 1142 voluntati

1132 1163 1374 1196 necessitatem
1405 1163 1530 1197 afferre
1557 1158 1853 1207 Chrysippusffld)
1881 1160 1986 1198 dixit,
2021 1160 2119 1203 quod

1132 1226 1270 1258 semper
1297 1220 1391 1247 certo
1417 1213 1541 1246 ordine
1569 1212 1683 1246 sidera
1708 1209 1894 1246 vehantur.
1959 1210 2119 1242 Fuerunt

1133 1270 1250 1297 autem
1268 1265 1387 1297 variae
1403 1262 1468 1297 hac
1487 1265 1529 1296 de
1547 1276 1583 1296 re
1601 1262 1846 1296 dissensiones.
1899 1258 2118 1305 Chrysippus

1131 1315 1235 1355 dicit,
1264 1327 1383 1348 causas
1400 1316 1648 1358 praecedentes
1662 1313 1826 1352 caedem,
1854 1324 1926 1345 esse
1947 1311 2117 1343 adiuvan-

1131 1372 1201 1405 tes,
1228 1377 1302 1398 non
1319 1366 1541 1399 sufficientes.
1593 1363 1725 1396 Verum
1749 1369 1889 1406 praeter
1913 1374 1970 1395 eas
1994 1373 2115 1395 causas

1131 1428 1203 1448 esse
1219 1416 1395 1448 rationem
1412 1415 1449 1448 in
1467 1415 1569 1447 nobis
1585 1413 1831 1446 assentientem
1856 1419 1917 1446 aut
1936 1412 2118 1455 refragan-

1130 1473 1201 1500 tem
1219 1467 1318 1500 visis:
1343 1466 1420 1499 fieri
1438 1472 1557 1498 tamen
1574 1464 1801 1508 plerumque,
1829 1469 1869 1496 ut
1893 1463 2013 1508 quales
2035 1468 2117 1495 sunt

1130 1518 1167 1550 in
1184 1524 1312 1550 natura
1328 1517 1500 1561 impetus,
1524 1516 1572 1548 ita
1592 1512 1736 1547 trahant
1750 1526 1816 1547 nos
1839 1513 1933 1554 visa,
1961 1520 2021 1546 aut
2042 1525 2116 1545 non

1130 1568 1297 1602 afficiant.
1364 1568 1461 1601 Sicut
1488 1566 1689 1611 cylindrum
1714 1564 1743 1598 si
1767 1564 1845 1610 quis
1872 1563 2053 1608 impulerit
2079 1564 2116 1596 in

1130 1631 1230 1659 area,
1257 1618 1339 1663 quia
1358 1618 1532 1651 rotundus
1548 1623 1617 1656 est,
1642 1627 1706 1660 per
1721 1627 1794 1649 sese
1811 1615 1966 1648 volvitur
1976 1614 2021 1659 ⁷⁰)
2039 1614 2116 1646 lon-

1129 1669 1222 1714 gius:
1263 1669 1312 1703 sic
1336 1669 1373 1702 in
1397 1669 1473 1713 ipsa
1490 1670 1602 1712 figura
1625 1666 1776 1711 cylindri
1800 1678 1903 1699 causa
1928 1672 1998 1706 est,
2025 1676 2116 1710 quae

1129 1720 1325 1753 motionem
1346 1720 1506 1764 recipiat.
1556 1718 1623 1752 Sed
1641 1718 1670 1751 si
1687 1717 1815 1750 cubum
1832 1717 2014 1760 impellas,
2040 1727 2116 1748 non

1128 1772 1291 1805 volvetur
1312 1771 1464 1814 longius.
1527 1769 1618 1802 Hinc
1641 1767 1790 1811 intelligi
1813 1773 1947 1811 potest,
1980 1778 2041 1799 cur
2059 1765 2116 1798 Ci-

1129 1834 1209 1855 cero
1226 1823 1338 1856 fatum
1356 1827 1468 1865 ponat
1482 1820 1574 1852 inter
1591 1819 1798 1852 adiuvantes
1817 1830 1937 1851 causas
1958 1828 2031 1851 non
2054 1828 2116 1849 ne-

1129 1872 1307 1906 cessarias.
1360 1870 1552 1905 Christiani
1571 1876 1688 1904 antem
1705 1875 1755 1903 est
1771 1868 1819 1902 sic
1834 1869 1962 1902 sentire
1974 1894 1983 1908 ,
2017 1867 2114 1912 quod

1129 1935 1334 1969 quanquam
1350 1923 1394 1956 sit
1411 1923 1530 1968 aliqua
1554 1921 1605 1955 vis
1629 1920 1846 1953 naturalium
1867 1930 2052 1952 causarum
2079 1924 2113 1952 et

1128 1974 1321 2007 voluntatis
1347 1972 1546 2012 humanae,
1588 1978 1708 2004 tamen
1732 1970 1827 2003 Deus
1849 1982 1906 2004 eas
1930 1970 2113 2014 gubernet,

1127 2032 1161 2059 et
1183 2037 1278 2058 nunc
1302 2036 1443 2070 quoque
1470 2023 1693 2061 moderetur,
1725 2028 1759 2054 et
1781 2033 1848 2065 pro
1873 2033 1936 2054 suo
1964 2020 2111 2053 consilio

1127 2077 1182 2110 vel
1206 2076 1378 2120 impediat
1399 2075 1574 2107 actionem
1598 2085 1740 2112 earum,
1782 2072 1836 2104 vel
1859 2071 1973 2111 iuvet,
2016 2070 2112 2103 iuxta

1126 2128 1230 2161 illud:
1254 2127 1356 2160 Unus
1369 2126 1411 2159 de
1429 2125 1502 2159 istis
1515 2124 1714 2169 passeribus
1727 2135 1800 2155 non
1816 2123 1915 2155 cadet
1930 2120 2112 2166 superma)

1129 2187 1341 2198 ,,......-....--

1159 2212 1225 2239 69³)
1245 2211 1274 2234 ln
1292 2208 1416 2239 margine
1430 2208 1479 2232 Ed.
1497 2207 1570 2232 ¹533.
1590 2207 1645 2232 Cic.
1666 2206 1758 2230 verbis
1780 2207 1871 2236 Quum
1883 2205 2039 2236 tripartito
2059 2206 2111 2228 etc.

1194 2245 1334 2273 adscripta
1352 2244 1431 2266 sunt:
1457 2242 1550 2266 Tradit
1568 2242 1701 2264 formulas
1720 2240 1866 2271 colligendi
1885 2246 1919 2262 ex
1937 2238 2110 2263 conditiona-

1192 2279 1263 2304 libus
1283 2279 1350 2307 eto,
1370 2278 1397 2299 et
1415 2276 1593 2306 sequentibus
1612 2277 1711 2299 ulrum
1729 2275 1779 2298 hoc
1793 2274 1873 2298 modo
1888 2274 2043 2297 concludas
2057 2278 2110 2295 ar-

1191 2308 1376 2345 gumentum?
1402 2311 1483 2333 haec:
1517 2309 1546 2332 δί
1571 2309 1724 2338 promiscue
1749 2315 1781 2331 ex
1806 2307 1983 2331 antecedente
2008 2312 2108 2331 consc-

1193 2352 1279 2377 queus
1297 2347 1324 2369 et
1343 2351 1375 2368 ex
1394 2344 1577 2373 consequente
1598 2343 1762 2366 antecedens
1783 2341 1969 2371 colligeretur.

1157 2387 1226 2418 69¹³)
1245 2388 1325 2413 Conf.
1344 2387 1408 2412 Mel.
1426 2387 1546 2410 Erotem.
1565 2385 1678 2409 Dialect.
1698 2385 1716 2408 l.
1731 2385 1747 2407 l.
1768 2391 1792 2414 p.
1806 2384 1858 2407 616
1871 2390 1930 2414 sqq.

1157 2433 1222 2460 69«)
1243 2432 1316 2454 flacc
1334 2431 1400 2453 nota
1418 2428 1526 2452 nonnisi
1547 2428 1573 2451 in
1593 2427 1717 2457 margine
1736 2427 1783 2449 Ed.
1799 2426 1872 2450 1533.
1890 2426 2002 2456 legitur.

1157 2473 1227 2502 69d]
1247 2474 1287 2497 De
1307 2472 1460 2501 Chrysippo
1481 2471 1588 2497 stoico,
1614 2469 1750 2498 Apollonii
1769 2468 1917 2492 Tarsensis
1937 2468 2007 2496 tilio,
2032 2467 2107 2491 solis

1192 2510 1271 2537 orto,
1296 2507 1361 2529 urhe
1381 2505 1508 2533 Ciliciae,
1543 2510 1610 2534 quae
1630 2503 1827 2532 Pompeiopolis
1846 2504 1941 2531 postea
1959 2502 2030 2525 dicta
2053 2504 2106 2530 est,

1189 2542 1244 2565 vid.
1260 2541 1338 2570 Diog.
1352 2541 1444 2564 Laert.
1463 2539 1483 2563 1.
1496 2538 1556 2563 vn.
1575 2544 1597 2562 c.
1613 2537 1638 2561 7.
1658 2538 1684 2560 et
1698 2537 1830 2561 Bruckeri
1844 2537 1906 2561 hist.
1926 2537 1987 2560 crit.
2005 2537 2103 2567 philos.

1191 2577 1219 2600 T.
1233 2576 1252 2600 Ι.
1271 2582 1296 2604 1‘.
1310 2574 1361 2597 974
1376 2580 1434 2603 sqq.

1155 2618 1203 2644 70)
1223 2616 1358 2643 volvitur]
1378 2615 1417 2638 sic
1435 2613 1518 2638 Editt.
1537 2613 1627 2641 1533.,
1648 2613 1736 2643 1541.;
1763 2613 1812 2635 Ed.
1829 2612 1903 2637 1550.
1924 2613 2070 2636 evolvitur.

1154 2658 1219 2689 70³)
1241 2658 1338 2688 super]
1356 2656 1395 2680 sic
1416 2656 1498 2686 Vutg.
1517 2655 1532 2678 l.
1548 2655 1567 2680 Ι.
1587 2656 1613 2678 ct
1631 2655 1714 2678 Editt.
1730 2654 1820 2685 1541„
1842 2654 1932 2685 1550.;
1964 2655 2013 2679 ild.
2031 2654 2103 2677 1533.

1187 2698 1279 2724 supra.
