2347 3000
77 133 150 170 329

77 219 133 254 Sic
152 220 194 253 de
212 218 375 262 coniugio
393 217 476 251 dicit
491 213 778 262 Ναυμάχιοςθῖ);
807 216 1058 251 Dulcissimum

78 283 150 305 esse
178 283 268 315 puro
299 281 446 313 corpore
479 268 648 302 coelibem
675 268 810 301 vivere:
852 270 912 302 sed
945 269 974 302 si
1005 268 1059 301 cui

79 335 166 367 opus
186 321 231 355 sit
250 321 433 364 coniugio,
469 320 683 353 traditurum
707 332 742 353 se
766 332 837 354 esse
860 326 1058 364 praecepta,

78 373 258 419 quomodo
274 369 365 404 hanc
379 372 527 404 alteram
544 370 806 414 navigationem
824 378 934 415 regat.
970 372 1060 409 Πιῦς

74 421 146 470 χρή
172 436 209 458 σε
230 425 384 467 περῆσαι
405 421 472 457 τὸν
496 425 632 461 πλοῦν,
667 420 716 461 ὣς
741 421 860 467 τόνδε)
884 420 1059 467 δεύτερον

78 476 221 516 Φᾶσιν,
255 472 409 519 εὔφρονι
433 474 562 520 θυμῷ.
623 473 730 517 Quod
752 486 837 506 vero
854 472 1058 506 Aristoteles

77 525 178 558 toties
203 525 390 565 admonet,
426 537 533 570 quam
559 524 696 557 difficile
722 525 767 558 sit
790 523 970 557 moderari
994 523 1058 554 im-

74 582 174 620 petus
205 576 426 615 animorum,
468 582 501 608 et
527 577 571 608 ad
595 575 873 608 mediocritatem
907 575 1058 612 flectere,

77 633 171 660 extat
194 627 229 659 in
258 624 482 671 philosophia
512 627 645 659 illustre
671 626 911 658 testimonium
938 625 979 656 de
1006 624 1058 655 in-

77 679 173 723 genti
189 678 427 711 imbecillitate
444 683 590 710 naturae
614 674 801 709 humanae.
853 675 975 708 Tacite
996 674 1057 718 igi-

77 736 134 763 tur
152 730 323 773 significat
338 729 433 761 aliud
448 740 556 771 genus
573 727 754 759 doctrinae
772 726 932 770 superius
951 738 1057 770 quae-

76 782 227 814 rendum
244 792 314 813 esse
330 780 372 811 de
389 777 499 811 causis
518 784 551 810 et
564 778 728 811 remediis
746 776 851 811 liuius
876 777 1058 809 imbecilli-

77 832 169 866 tatis.
221 829 410 864 Constituit
434 826 660 873 philosophia
685 836 779 862 certo
805 827 987 861 hominem
1014 829 1056 860 ad

78 883 242 916 virtutem
267 880 447 913 conditum
466 892 549 913 esse.
584 879 706 925 Itaque
730 880 882 913 miratur
907 879 968 925 qui
986 880 1057 919 fiat,

78 946 138 967 cur
162 938 233 964 tam
257 943 337 964 rara
360 943 414 965 res
438 931 482 964 sit
507 943 589 964 vera
610 931 733 965 virtus.
806 931 919 975 Magis
950 931 1056 963 etiam

106 1037 154 1070 87)
174 1036 371 1065 Naumachius,
407 1037 489 1066 poeta
516 1042 632 1067 graecus
658 1035 772 1059 serioris
798 1034 868 1060 aevi.
921 1035 1057 1059 Poematis

142 1073 258 1101 gnoinici
273 1072 331 1095 eius
346 1071 500 1101 fragmenta
515 1078 528 1094 e
542 1071 650 1095 stobaei
667 1077 748 1094 serni.
764 1071 805 1094 68.
820 1071 861 1094 93.
877 1069 916 1093 74.
947 1071 1058 1098 collegit

140 1107 249 1131 Brunck
269 1105 364 1137 (poett.
385 1106 514 1135 guonu'cc.
534 1113 557 1135 p.
576 1106 624 1129 122
640 1112 697 1135 sqq.
716 1105 766 1128 322
782 1106 838 1134 sq.)
858 1106 884 1128 et
904 1104 930 1127 iu
949 1110 1057 1127 eat-nien

140 1140 175 1165 73
193 1147 320 1163 versuum
341 1139 496 1170 coniunxit,
515 1140 584 1170 quod
597 1140 765 1171 Navgmlz'ov
780 1137 884 1171 γαμικιὶ
897 1138 1058 1171 παραγγέλ-

140 1182 216 1207 ματα
235 1175 383 1203 inscripsit,

105 1217 154 1245 88)
174 1216 236 1245 τὸνῙ
258 1217 296 1240 sic
315 1217 363 1240 Ed.
380 1216 468 1245 1545.;
498 1216 523 1240 in
542 1217 590 1241 Ed.
609 1217 682 1241 1546.
704 1216 797 1241 omiss.
819 1230 851 1234 —
880 1215 988 1240 Erunt-k
1008 1216 1057 1240 1.1.

141 1259 167 1282 p.
187 1252 242 1275 122.
263 1258 288 1275 V.
307 1252 346 1274 10.
365 1251 403 1274 11.
423 1252 489 1275 haec
508 1252 595 1274 refert
614 1251 771 1274 Naumachii
790 1252 890 1274 verba:
924 1250 981 1276 πῶς
1006 1248 1057 1281 χρὴ

140 1292 172 1310 σε
190 1285 305 1317 περῆσαι
324 1283 374 1310 τὸν
391 1284 498 1317 πλοῦν,
531 1282 566 1314 ὤς
584 1292 690 1318 φασιν,
722 1283 772 1309 τὸν
791 1283 919 1317 δεύτερον
937 1283 1059 1317 ἔμφρονι

138 1320 230 1354 θυμῷ.

423 130 480 168 ΠΙ.
531 127 813 166 ENARRATIO
849 127 978 164 LIBRI
1002 128 1060 165 111.
1094 126 1383 164 ETHICORUM
1417 125 1743 162 ARISTOTELIS.

2021 126 2094 161 330

1111 216 1261 249 miratur
1282 216 1376 249 unde
1400 214 1444 248 sit
1466 212 1723 259 iniinaiiitas⁸²')
1749 212 1966 252 facinorum,
1993 219 2031 245 ut
2058 213 2091 245 in

1110 266 1218 299 Atreo
1244 273 1277 299 et
1301 265 1474 311 Thyeste,
1508 272 1542 299 et
1566 265 1750 299 similibus.
1809 263 1873 296 Hic
1899 264 2001 295 docet
2026 276 2092 296 vox

1111 318 1243 357 divina,
1269 316 1352 350 llaec
1369 318 1460 350 mala
1478 323 1626 350 naturae
1644 315 1820 349 humanae
1836 327 1907 347 non
1925 326 1997 347 esse
2015 320 2091 346 orta

1112 368 1235 409 aDeo,
1262 371 1321 401 sed
1340 376 1503 402 naturam
1520 370 1748 412 depravatam
1766 379 1836 399 esse
1855 366 2000 398 volui-ro
2010 364 2095 397 Dia-

1110 419 1195 452 boli.
1246 418 1296 451 Ac
1314 426 1494 463 praeterea
1518 420 1648 453 multos
1673 417 1806 462 impelli
1829 416 2012 450 furialibus
2036 415 2094 449 sti-

1111 470 1214 502 mulis
1233 482 1249 501 a
1267 470 1433 511 Diaboli),
1456 477 1494 503 ut
1511 471 1616 503 Atrea
1630 497 1638 511 ‚
1667 468 1857 514 Thyestem
1870 495 1879 508 ‚
1905 474 1937 499 et
1952 467 2093 500 similes.

1112 521 1288 553 Monstrat
1307 528 1423 553 autem
1446 522 1636 561 auxilium,
1674 522 1778 566 idque
1796 532 1867 552 non
1886 519 2000 552 solum
2019 518 2094 561 pol-

1110 571 1255 610 licetur,
1291 573 1350 604 sed
1370 572 1474 604 etiam
1492 573 1564 615 peti
1584 573 1751 616 praecipit
1767 599 1776 611 ,
1810 578 1850 604 ut
1876 583 1953 602 cum
1980 569 2097 614 inquit

1110 622 1212 667 (Luc.
1234 623 1292 662 11,
1312 623 1403 668 13.);
1441 622 1585 666 Quanto
1612 624 1721 667 magis
1740 624 1847 655 Pater
1873 627 2005 660 vester,
2035 619 2095 665 qui

1112 674 1147 706 in
1165 674 1269 706 coelis
1290 680 1357 713 est,
1386 674 1483 705 dabit
1500 673 1672 717 Spiritum
1700 681 1858 707 sam-tum
1885 671 2096 716 petentibus,

1111 737 1194 768 ergo
1211 725 1336 757 fiducia
1354 724 1433 757 Filii
1445 724 1509 756 Dei
1527 730 1687 768 petamus
1702 737 1766 757 nos
1783 724 1854 767 regi
1868 723 2000 767 Spiritu
2017 734 2096 756 san-

1111 782 1177 809 cto.
1229 775 1294 808 Hie
1319 776 1461 820 depellit
1482 775 1625 807 Diaboli
1650 775 1814 814 insidias,
1848 780 1881 806 et
1905 775 2019 806 frenat
2043 785 2096 806 er-

1110 833 1228 859 rantes
1246 827 1397 871 impetus
1416 826 1631 866 animorum,
1653 833 1686 859 et
1700 825 1823 859 inserit
1840 824 2003 857 meliores
2020 837 2096 857 mo-

1111 885 1165 911 tus
1191 884 1224 910 et
1249 879 1424 922 gubernat
1449 884 1613 918 eventus,
1642 890 1681 910 ac
1706 878 1817 909 donat
1837 888 2033 915 successus,
2068 876 2096 909 si

1112 936 1229 962 tamen
1255 930 1419 963 voluntas
1447 929 1553 962 etiam
1577 929 1804 961 mediocriter
1829 927 2028 966 annitatur,
2057 932 2097 959 ut

1111 987 1203 1013 recte
1221 981 1337 1014 saciat.
1393 980 1613 1013 Concurrere
1632 980 1727 1013 enim
1752 992 1893 1018 causas,
1932 990 2018 1023 quas
2042 990 2096 1010 su-

1110 1044 1174 1076 pra
1193 1032 1364 1072 diximus,
1401 1038 1552 1076 oportet.
1601 1028 1740 1066 Mdrozs
1757 1029 1917 1075 θέλησον
1933 1026 1995 1063 καὶ
2011 1026 2099 1066 θεὸς

1110 1086 1342 1129 προαπαντᾷ.
1403 1082 1510 1123 Item,
1545 1089 1738 1127 praeeunte
1764 1081 1896 1124 gratia,
1932 1086 1965 1112 et
1989 1079 2098 1112 comi-

1112 1140 1208 1166 tante
1242 1135 1437 1168 x'oluntate.
1498 1133 1605 1175 Item,
1648 1132 1714 1169 τὸν
1749 1129 1981 1180 βουλόμενον
2007 1129 2097 1165 ἕλκει

1111 1182 1263 1228 θεόςω).

1143 1276 1190 1307 89)
1211 1277 1382 1306 immanitas]
1401 1276 1440 1301 sic
1458 1277 1507 1302 Ed.
1528 1277 1618 1309 15464
1644 1277 1671 1302 in
1688 1277 1738 1302 Ed.
1760 1277 1835 1301 1545.
1855 1276 1943 1300 deest.

1145 1318 1192 1349 90)
1214 1319 1290 1343 Conf.
1311 1326 1396 1351 supra
1414 1328 1439 1351 p.
1455 1321 1511 1345 193.
1530 1320 1589 1345 240.

226 1556 297 1593 IN
330 1556 654 1593 TERTIUM
689 1557 959 1594 LIBRUM
993 1556 1407 1594 ETHICORUM
1442 1556 1938 1594 ARISTOTELIS

581 1644 956 1674 ENARRATIONES
988 1644 1197 1673 PH1L1PP1
1228 1643 1591 1673 MELANTHONIS.

173 1745 287 1789 Supra
303 1745 449 1777 tradidit
466 1744 707 1777 definitionem
729 1745 889 1786 virtutis,
924 1747 961 1779 in
987 1759 1055 1792 qua

69 1796 109 1829 fit
137 1796 271 1829 mentio
300 1808 498 1829 causarum.
567 1796 669 1829 Nunc
694 1796 731 1828 in
759 1797 862 1829 tertio
888 1797 980 1830 libro
1014 1799 1055 1831 de

71 1847 183 1881 causis
206 1847 363 1887 disserit,
399 1847 562 1880 x‘idelicet
585 1847 626 1879 de
650 1847 778 1880 iudicio
805 1849 933 1882 mentis
958 1856 990 1882 et
1014 1851 1055 1882 de

69 1898 232 1931 libertate
250 1898 454 1932 voluntatis.
508 1898 553 1930 Hi
569 1905 650 1931 sunt
674 1900 787 1932 sontes
811 1900 951 1933 virtutis
974 1913 1054 1933 vere

70 1950 195 1983 divini.
254 1950 345 1982 Nam
367 1948 453 1982 haec
477 1956 527 1982 est
552 1962 634 1993 pars
657 1949 820 1993 imaginis
838 1950 905 1983 Dei
928 1951 965 1983 in
992 1949 1055 1984 ho—

70 2000 184 2041 mine,
217 2000 383 2033 iudicium
412 2013 604 2044 agnoscens
631 2000 766 2040 Deum,
799 2007 832 2033 et
855 2002 1054 2036 discernens

69 2050 216 2085 honesta
249 2057 283 2084 et
311 2052 448 2095 turpia,
491 2059 524 2085 et
557 2052 702 2085 facultas
733 2052 945 2093 voluntatis,
985 2066 1052 2099 qua

68 2109 185 2147 potest
201 2102 328 2145 eligere
344 2100 504 2137 honesta.
563 2103 615 2135 Ex
632 2101 696 2135 hac
716 2103 869 2146 imagine
886 2104 953 2137 Dei
972 2118 1053 2138 con-

69 2154 198 2188 sideres
217 2153 303 2186 oriri
323 2154 501 2188 virtutem.
558 2153 634 2187 Etsi
659 2154 751 2187 enim
778 2155 895 2197 imago
919 2162 970 2189 est
993 2157 1053 2189 ol]-

69 2211 206 2238 scurata
227 2204 394 2248 caligine,
421 2211 455 2237 et
469 2205 594 2237 morbo
612 2205 728 2249 lapsae
746 2197 908 2246 naturae⁷
934 2213 1052 2240 tamen

68 2268 150 2300 pars
179 2256 297 2300 aliqua
330 2256 479 2295 mansit,
518 2256 680 2288 videlicet
703 2258 876 2301 quaedam
905 2259 1052 2292 notitiae

68 2307 154 2350 legis
185 2313 218 2339 et
245 2307 392 2341 facultas
422 2307 574 2351 eligendi
603 2305 769 2341 honestas
794 2309 948 2342 actiones
973 2311 1053 2343 suh-

70 2357 175 2391 iectas
189 2358 338 2398 rationi,
364 2365 397 2391 et
419 2359 464 2391 ad
487 2365 668 2391 externam
695 2359 803 2392 vitam
825 2360 1051 2404 pertinentes.

70 2408 119 2441 Ut
142 2408 247 2451 igitur
269 2409 474 2443 Aristoteles
504 2416 677 2442 monstret
707 2422 844 2449 causas,
887 2412 1053 2445 discernit

70 2460 199 2503 gradus
216 2460 393 2494 actionum
413 2468 497 2494 tres:
528 2461 765 2501 xoluntarias,
793 2463 1051 2496 involuntarins

71 2517 104 2543 et
127 2510 264 2544 mixtas.
315 2512 446 2557 Estque
471 2512 566 2545 utilis
592 2512 789 2552 distinctio,
824 2525 862 2545 ac
886 2526 988 2557 saepe
1016 2515 1051 2547 in

69 2561 206 2594 iudiciis
225 2570 425 2606 usurpatur.
470 2563 592 2606 Longe
612 2563 729 2596 differt
747 2564 911 2597 delictum
931 2577 1050 2598 errore

69 2613 279 2651 admissum,
307 2626 324 2645 a
351 2615 497 2655 delicto,
531 2616 627 2660 quod
651 2615 732 2647 dolo
754 2616 884 2649 sactum
907 2622 976 2655 est,
1013 2623 1051 2650 ut

69 2663 238 2696 differunt
260 2663 355 2697 Evae
380 2666 567 2706 delictum,
609 2672 642 2699 et
666 2666 801 2699 Mariae
825 2667 1049 2711 negligentia,

69 2715 196 2748 amisso
216 2714 300 2749 filio.

1210 1745 1312 1779 Actio
1336 1758 1481 1790 prorsus
1507 1745 1707 1779 voluntaria
1731 1752 1801 1785 est,
1844 1757 1933 1790 quae
1963 1744 2098 1789 regitur

1109 1798 1256 1831 consilio
1274 1798 1401 1830 mentis
1415 1810 1488 1830 non
1506 1798 1656 1830 errantis
1675 1797 1765 1829 circa
1786 1797 1979 1836 obiectum,
2006 1803 2039 1829 et
2058 1796 2095 1829 in

1109 1862 1178 1894 qua
1195 1849 1359 1882 voluntas
1374 1861 1448 1881 non
1465 1849 1658 1893 impeditur
1677 1855 1819 1882 externa
1838 1847 2008 1881 violentia
2035 1854 2096 1880 aut

1108 1907 1256 1933 terrore.

1208 1950 1452 1984 lux-oluntm·ia
1479 1957 1548 1990 est,
1591 1963 1680 1996 quae
1704 1951 1742 1983 fit
1767 1962 1829 1994 per
1855 1948 2093 1992 ignorantiam

1108 2002 1349 2046 probabilem,
1378 2008 1438 2034 aut
1456 2014 1535 2034 cum
1562 2009 1703 2034 externa
1730 2001 1895 2034 xiolentia
1922 2007 2095 2044 coguntur

1107 2054 1286 2093 membra,
1315 2059 1353 2085 ut
1378 2059 1500 2085 narrat
1524 2065 1637 2085 canon
1655 2053 1884 2097 Presbyteros
1903 2051 2017 2097 50.⁹¹)
2043 2051 2095 2083 di-

1107 2103 1360 2149 stim-ti0ni592)
1378 2104 1515 2148 aliquos
1531 2111 1705 2148 martyres
1722 2105 1859 2148 ligatos,
1888 2110 1921 2136 et
1947 2103 1990 2135 ad
2015 2114 2094 2134 aras

1107 2156 1284 2189 idolorum
1307 2161 1458 2198 gestatos
1479 2168 1563 2189 esse.

1210 2207 1341 2239 Mixtae
1363 2206 1548 2247 dicuntur,

1107 2258 1267 2302 corpori,
1296 2259 1353 2291 sed
1375 2270 1507 2297 errore,
1536 2270 1595 2290 seu
1612 2257 1719 2290 minis
1738 2256 1939 2300 propositis,
1967 2255 2092 2287 voluu-

1105 2316 1157 2342 tas
1185 2310 1275 2342 inter
1299 2310 1369 2341 (luo
1396 2308 1491 2352 eligit
1516 2309 1683 2346 alterum,
1720 2314 1756 2340 ut
1776 2319 1939 2351 praesens
1957 2305 2092 2349 pericu—

1107 2361 1177 2393 lum
1207 2360 1369 2403 effugiat,
1413 2366 1451 2391 ut
1486 2373 1563 2392 cuni
1589 2360 1718 2391 sravtus
1743 2364 1857 2395 metu,
1893 2357 2029 2389 mavult
2044 2356 2090 2401 9²⁵)

1105 2411 1255 2444 abiicere
1273 2410 1526 2454 Evangelium‚
1555 2423 1659 2456 quam
1679 2409 1838 2441 amittere
1858 2408 1977 2441 vitam.
2019 2407 2091 2441 Has

1106 2469 1207 2495 vocat
1224 2463 1350 2495 mixtas
1374 2462 1549 2501 actiones,
1587 2473 1675 2505 quae
1702 2467 1821 2493 tamen
1844 2471 1880 2492 re
1902 2471 1985 2492 vera
2009 2465 2091 2492 sunt

1591 2218 1668 2238 cum
1696 2218 1769 2238 non
1797 2206 1944 2237 affertur
1966 2216 2094 2237 manus

1137 2579 1184 2609 91)
1204 2580 1261 2608 50]
1282 2580 1321 2603 sic
1341 2581 1415 2603 recte
1434 2580 1483 2602 Eri.
1506 2579 1597 2609 1546.;
1621 2579 1669 2602 Ed.
1692 2578 1764 2602 1545.
1786 2580 1836 2602 Se:

1138 2623 1184 2649 92)
1206 2623 1314 2645 Det-reti
1334 2623 1419 2651 pruna
1439 2628 1503 2651 pars
1524 2622 1586 2645 dist.
1602 2622 1631 2646 L.
1652 2628 1673 2646 c.
1688 2622 1730 2645 32.
1750 2620 1847 2651 (Corp.
1868 2620 1917 2645 tur.
1938 2625 2033 2644 canon.
2048 2620 2088 2643 ed.

1172 2657 1284 2679 Richter
1304 2657 1331 2680 Ρ.
1350 2657 1368 2680 Ι.
1390 2664 1413 2686 p.
1432 2657 1512 2683 1⁴55).

1137 2700 1186 2727 93)
1206 2700 1296 2756 metliti,
1327 2700 1444 2728 mavult]
1466 2699 1506 2722 sie
1524 2699 1599 2722 recte
1616 2698 1666 2723 Ed.
1689 2698 1781 2729 1546.;
1811 2698 1860 2723 Ed.
1883 2697 1955 2721 1545.
1985 2697 2085 2720 metum

1170 2739 1251 2757 inavu
1277 2752 1282 2758 .
