2347 3000
72 141 170 178 1085
404 142 461 178 XI.

68 229 105 261 in
123 228 319 273 periculum
336 228 452 268 venit,
478 234 518 261 ut
538 240 612 260 non
628 229 736 260 modo
760 227 958 272 privaretur
976 241 1059 261 con-

69 280 204 320 sulatu,
232 291 354 312 verum
374 278 479 311 etiam
496 280 602 312 fama.
660 278 774 312 Locus
793 280 991 313 communis
1008 286 1057 312 est

73 332 115 364 de
140 330 302 375 periculis
330 341 473 369 eorum,
513 330 574 374 qui
603 332 773 362 accedunt
798 331 839 362 ad
868 330 1057 374 rempubli-

69 393 144 414 cam
159 407 168 421 ‚
197 393 267 425 quo
290 380 409 413 multis
433 380 470 412 in
495 380 579 413 locis
604 393 686 413 usus
710 387 760 414 cst
776 381 910 414 Cicero.
992 383 1056 414 Se-

69 430 153 478 cuii]
195 431 322 464 scilicet
359 431 418 476 qui
457 431 679 464 accessissent
711 433 754 464 ad
790 431 1056 475 rempublicam.

68 479 213 528 Relicta]
239 482 367 514 scilicet
387 488 468 514 sunt
490 494 509 514 a
534 482 739 516 maioribus.
818 479 964 528 Laudis]
992 481 1056 515 sci-

67 533 149 565 licet
172 533 384 565 consulatus.

171 582 201 626 ᾗ.
220 581 279 616 56.
309 586 385 616 Non
407 581 478 629 qui]
506 583 662 616 Honesta
689 583 849 627 querela:
883 582 1054 615 Miserum

68 639 119 667 est
136 634 290 666 accusari
313 634 431 671 abiis,
460 634 518 678 qui
535 635 648 666 nullas
665 634 737 665 odii
764 646 885 666 causas
912 632 1054 665 liabent.

67 684 238 717 Miserum
261 690 329 723 est,
358 683 519 717 homines
536 691 631 717 tanta
651 696 723 717 esse
742 684 982 723 iuuuanitate,
1016 689 1056 715 ut

69 747 148 768 cum
165 747 239 768 non
258 735 391 779 alioqui
410 735 570 773 oderint,
597 742 715 767 tamen
739 735 774 767 in
799 735 949 778 gratiam
968 734 1055 766 alios

69 793 243 820 accusent.
310 784 467 832 Servius]
493 786 623 818 scilicet
640 786 740 818 filius.
811 782 962 831 Soclcde's]
991 784 1055 816 sci-

67 837 148 869 licet
174 837 356 869 Murenae.
440 832 594 880 Inyem‘o]
629 835 758 868 scilicet
780 835 905 868 Servii.
983 837 1054 868 Ne-

69 884 225 933 cessem-ii]
252 887 382 919 scilicet
405 886 588 917 Murenae.

172 937 200 981 ᾗ.
218 936 278 970 57.
306 934 534 982 Jh-sultorius]
564 936 694 968 scilicet
715 935 774 980 qui
798 935 919 967 relicto
944 940 1053 966 certa-

67 987 163 1020 mine
192 988 345 1032 equestri
371 986 520 1019 contulit
547 999 581 1019 sc
619 986 655 1018 in
691 993 869 1019 certamen
903 985 1052 1018 currule.

67 1037 146 1077 Ille,
172 1050 250 1070 cnm
275 1050 349 1070 non
375 1043 472 1080 petat
495 1037 738 1075 consulatum,
773 1043 891 1069 tamen
915 1041 1053 1068 accusat

68 1089 310 1127 consularem,
361 1094 394 1120 et
424 1099 498 1119 non
530 1088 637 1120 modo
669 1100 741 1119 non
772 1093 887 1131 petat,
932 1098 1053 1118 rerum

69 1140 174 1172 etiam
191 1145 395 1183 praeturam
409 1164 417 1177 ‚
445 1151 551 1182 quam
572 1139 720 1171 dela-bat
740 1145 879 1181 petere,
915 1136 1054 1168 abiicie-

67 1191 139 1223 bat.
216 1192 319 1230 Quasi
333 1189 546 1233 desnlturfns]
576 1189 610 1220 id
637 1196 706 1227 cst,
739 1189 859 1221 relicta
882 1187 1053 1230 petitione

67 1247 266 1285 praeturae.
372 1240 600 1283 Consularem]
635 1240 765 1273 scilicet
796 1240 839 1271 ad
875 1238 1053 1270 vexandos

70 1291 283 1324 consulares.
388 1292 636 1336 Compeiiiores]
677 1291 713 1322 id
744 1295 812 1329 cst,
853 1295 1052 1333 praeturae.

70 1338 305 1386 lia-petendus]
334 1340 458 1372 Suavis
481 1341 609 1373 ironia.

172 1389 419 1436 Cap.XXthI.
449 1393 478 1433 {-
495 1390 555 1424 58.
588 1393 689 1424 Venio
704 1389 810 1438 mmc]
828 1389 943 1423 Locus
960 1402 1053 1421 com—

70 1443 207 1483 munis,
249 1443 345 1487 quod
378 1443 549 1475 autoritas
574 1443 812 1475 accusantium
834 1453 907 1473 non
930 1441 1053 1473 debeat

70 1506 197 1526 nocere
214 1506 286 1525 reo.
368 1491 592 1539 Tribunaius]
620 1493 750 1525 scilicet
766 1505 869 1537 quem
887 1492 956 1523 iam
974 1492 1054 1523 ade-

71 1551 152 1589 ptus
177 1550 228 1577 est
249 1544 348 1577 Cato.
425 1546 466 1577 In
488 1542 542 1589 eo]
571 1543 700 1576 scilicet
719 1544 899 1576 Africano.
952 1542 1055 1574 Reci-

69 1602 123 1628 tat
153 1595 329 1637 exempla,
372 1595 467 1638 quod
499 1595 687 1626 immodica
719 1594 890 1626 autoritas
922 1593 1055 1637 profuit

70 1658 145 1679 reo,
254 1645 459 1687 ss'ollfflruni]
501 1645 589 1677 Sunt
625 1643 907 1689 enthymemata,
955 1643 1055 1688 quasi

69 1693 285 1742 αἰτιολογίαι
308 1696 562 1739 exemplorum.
630 1693 923 1741 R‹›e'J›1‹blae'ccce⁷⁹)]
943 1695 976 1726 id
994 1701 1055 1733 est,

72 1759 196 1779 causae
215 1746 413 1778 iudicantur
433 1759 473 1778 ex
492 1746 625 1780 meritis
639 1746 710 1785 rei,
737 1758 811 1778 non
834 1758 875 1779 ex
896 1745 1055 1790 potentia

72 1796 323 1830 accusantium.

177 1845 399 1891 Cap-XXIX.
428 1845 457 1889 ξ.
477 1847 535 1881 60.
564 1850 633 1891 Eyo
656 1846 767 1894 fnum]
796 1848 972 1881 Extenuat
997 1858 1057 1879 au-

73 1898 272 1938 toritatem,
300 1903 486 1941 propterea
505 1900 598 1943 quod
618 1898 800 1942 aliquanto
821 1898 981 1942 asperior
1002 1897 1057 1937 sit,

76 1962 183 1995 quam
211 1961 299 1992 opus
325 1955 394 1988 est,
429 1955 461 1980 et
486 1955 605 1981 tamen
627 1961 670 1980 ue
695 1949 851 1981 offendat
873 1949 1057 1986 Catonem,

75 2000 242 2033 transfert
258 1999 418 2043 culpam,
446 2005 479 2031 et
506 2000 599 2032 illius
624 1997 893 2032 inhumanitatis
917 2011 1055 2031 causam

74 2057 237 2084 anatura
256 2050 401 2083 Catonis
426 2050 461 2082 in
488 2063 595 2093 genus
620 2050 822 2089 doctrinae,
857 2051 951 2093 quod
970 2050 1056 2082 Cato

79 2107 216 2135 secutus
234 2108 296 2141 est,
318 2101 447 2134 scilicet
464 2101 632 2134 Stoicum.
710 2104 788 2135 Non
803 2097 923 2146 audeo]
951 2101 1058 2133 Prac-

76 2152 257 2195 castigatio
290 2164 350 2184 seu
384 2153 585 2196 occupatio:
623 2152 714 2184 Volo
738 2158 771 2186 te
797 2151 1056 2196 aliquantulum

75 2201 355 2247 reprehendere,
395 2214 468 2235 non
506 2203 719 2247 vituperare.
823 2200 1058 2248 Consormare]

80 2253 179 2299 quasi
195 2254 305 2286 dicat:
334 2254 528 2296 corrigere,
556 2254 612 2286 ein
630 2252 749 2295 wenig
764 2252 917 2286 bessern.
978 2255 1060 2287 Fin-

80 2302 157 2350 xit]
190 2304 396 2344 Concessio,
437 2305 492 2337 cui
523 2305 648 2337 deinde
678 2315 786 2347 genus
809 2304 974 2336 vitiosum
998 2305 1060 2336 do-

81 2354 213 2393 ctrinae
229 2355 397 2399 opponit,
425 2368 494 2400 quo
519 2354 672 2388 detrahit
696 2354 728 2387 ei
751 2365 809 2387 eas
834 2354 926 2398 ipsas
950 2354 1060 2388 virtu-

82 2411 152 2445 tes,
180 2417 265 2449 quas
282 2412 361 2438 ante
380 2407 584 2439 tradiderat.

187 2454 217 2498 ς’.
241 2455 299 2488 61.
332 2455 522 2503 DIctyistro]
554 2457 616 2490 Est
640 2453 877 2500 pulcherrima
902 2456 1061 2500 partitio,

82 2505 228 2538 virtutes
246 2506 327 2538 dicit
346 2508 508 2551 proprias
527 2520 598 2541 esse
615 2513 775 2546 naturae,
802 2507 926 2540 vitiosa
944 2513 1060 2540 autem

86 2568 157 2590 esse
182 2568 200 2588 a
225 2557 397 2591 doctrina.
464 2558 580 2591 Stoica
612 2557 772 2590 doctrina
798 2569 870 2589 non
894 2564 944 2590 est
967 2569 1062 2597 vera,

85 2608 165 2652 quia
184 2613 357 2650 repugnat
373 2615 531 2642 naturae.
604 2606 743 2654 Lei-em]
766 2607 858 2652 Quia
875 2608 912 2640 in
927 2608 1063 2652 sapien-

121 2724 168 2753 79)
187 2724 262 2747 Haec
282 2728 334 2747 vox
353 2723 423 2753 apud
441 2723 601 2749 Ciceronem
618 2724 643 2749 h.
658 2723 674 2748 1.
696 2729 748 2747 non
769 2722 913 2747 invenitur.

513 142 795 177 ENARRATIO
831 141 1089 177 ORATIONIS
1123 141 1372 177 CICERONIS
1406 140 1505 174 ΡΓιΟ
1538 139 1755 174 ΜΙΠίΕΝΛ.

2000 137 2095 173 1086

1112 235 1181 261 tem
1199 241 1273 261 non
1291 228 1419 261 cadunt
1439 226 1593 260 affectus.
1646 223 1888 257 Misericordia
1909 229 2024 255 autem
2047 229 2097 256 est

1110 280 1265 313 assertus.
1341 276 1465 324 It'eyes]
1495 277 1586 321 Quia
1606 276 1679 309 sola
1700 275 1810 307 virtus
1827 275 1871 306 sit
1889 275 1993 306 bona.

1213 331 1298 373 Cap.
1314 330 1418 362 XXX.
1448 327 1478 371 ᾗ.
1497 328 1555 363 62.
1587 326 1742 369 Viremli]
1772 326 1805 357 id
1826 330 1895 362 est,
1923 324 1998 356 vult
2016 336 2096 366 pro-

1109 381 1199 413 ferre
1218 382 1260 413 ad
1277 379 1567 412 consuetudinem
1584 377 1738 410 vivendi.
1812 375 2007 418 ]ΥΡΙὶω-ἱιυη]
2031 374 2095 405 lix-

1109 432 1245 474 empla,
1275 431 1458 469 Mimescs,
1493 429 1591 475 quasi
1617 429 1726 461 dicat:
1763 426 1953 469 Nunquam
1982 430 2094 455 mutat

1108 481 1339 519 sententiam,
1374 487 1423 513 est
1449 480 1760 524 pertinacissimus.
1838 475 2025 518 Slccbdnm]
2060 474 2094 505 id

1109 539 1178 571 cst,
1210 532 1341 564 mutari
1364 543 1436 563 non
1459 537 1584 575 potest.
1663 529 1839 572 Opinione]
1875 526 2005 559 scilicet
2031 537 2094 567 pn-

1108 583 1188 616 tasti
1208 582 1394 615 Murenam
1417 594 1591 625 peccasse,
1627 587 1661 613 et
1685 586 1715 611 te
1743 584 1929 622 propterea
1953 587 2093 608 accusa-

1109 640 1225 666 turum
1254 645 1325 666 esse
1346 645 1438 665 euin.
1532 631 1653 673 Nobis]
1688 630 1777 662 Sunt
1803 629 1910 660 verba
1937 625 2094 659 Catonis.

1108 684 1236 729 Inquit]
1264 683 1394 717 scilicet
1411 682 1511 715 Cato.
1592 680 1779 723 Temporis]
1811 678 1943 712 scilicet
1962 675 2095 709 mutari

1108 741 1245 779 poterat
1271 734 1455 767 sententia.
1508 731 1625 764 Verba
1647 737 1728 764 sunt
1752 728 1944 762 Ciceronis.
2022 729 2093 760 Im-

1104 786 1215 829 prolu']
1241 784 1358 817 Verba
1386 783 1543 817 Catonis.
1628 778 1813 826 Misereri]
1841 779 1933 824 Quia
1955 777 2094 824 ‘miseri-

1108 836 1226 868 cordia
1245 837 1339 878 apud
1357 848 1416 867 eos
1433 841 1485 868 est
1500 833 1639 866 vitium.

1210 885 1240 930 ἓ.
1259 887 1318 920 63.
1354 885 1487 930 IVosiri]
1524 881 1714 919 ἀντίθεσις
1746 879 2002 924 Peripateticae
2031 878 2093 909 do-

1107 937 1240 970 ctrinae
1259 944 1291 969 et
1307 936 1457 970 Stoicae.
1509 932 1736 977 Peripatetici
1760 931 1901 970 dicunt,
1925 929 2093 961 virtutem

1106 1000 1196 1025 esse,
1225 1000 1315 1032 quae
1337 993 1437 1031 regat
1458 992 1492 1019 et
1513 986 1738 1022 moderetur,
1768 988 1832 1015 etc.
1936 978 2091 1022 Inyenio]

1106 1038 1237 1071 scilicet
1266 1038 1511 1071 mediocritate
1544 1034 1664 1067 omnia
1690 1033 1802 1066 officia
1828 1031 1979 1074 regenda
2009 1041 2092 1062 esse.

1108 1090 1334 1133 Constantem]
1367 1089 1401 1120 id
1428 1094 1497 1127 est,
1533 1087 1686 1131 aliquem
1709 1096 1811 1128 posse
1834 1094 1906 1115 esse
1930 1086 2094 1113 constan-

1107 1146 1197 1179 tem,
1240 1140 1377 1172 etiamsi
1407 1139 1567 1182 ignoscat
1596 1136 1800 1180 aliquando.
1878 1129 2093 1172 Moderatus]

1108 1190 1307 1224 Conclusio.
1342 1190 1499 1222 Virtutes
1515 1187 1696 1227 concedit,
1722 1186 1783 1219 sed
1800 1182 2024 1227 asperitatem
2040 1192 2095 1213 re-

1109 1240 1306 1284 prehendit.

1211 1291 1295 1335 Cap.
1311 1290 1432 1324 XXXI.
1463 1288 1493 1334 ἓ.
1512 1288 1573 1324 64.
1612 1289 1673 1333 Te]
1708 1286 1839 1322 scilicet
1860 1289 2008 1329 propter
2032 1280 2093 1314 tri-

1106 1343 1291 1375 bunatum.

1211 1391 1240 1436 ἓ.
1275 1392 1336 1427 65.
1394 1391 1595 1434 Protulisse]
1640 1388 1747 1421 Ratio
1787 1382 2091 1430 reprehensionis:

1108 1443 1199 1487 Quia
1217 1444 1334 1477 Stoica
1351 1442 1512 1475 doctrina
1532 1447 1583 1474 est
1607 1440 1714 1478 falsa,
1747 1449 1830 1480 ergo
1857 1443 1894 1469 tu
1916 1433 2094 1477 mitigabis

1107 1506 1183 1527 eam
1197 1521 1205 1534 ,
1232 1495 1348 1527 flectes
1364 1505 1441 1526 eam
1459 1493 1504 1525 ad
1520 1489 1804 1524 moderationem
1822 1493 1855 1519 et
1870 1485 2094 1519 mediocrita-

1108 1551 1190 1578 tem.
1271 1543 1546 1586 Consz'steremus]
1573 1540 1737 1585 Iniquum
1755 1539 1945 1583 petendum
1966 1542 2029 1575 est,
2054 1540 2095 1568 ut

1108 1608 1261 1640 aequum
1277 1597 1381 1629 seras.
1457 1593 1645 1637 Iynoveris]
1663 1590 1792 1624 scilicet
1806 1589 1938 1621 dicunt.
1973 1585 2094 1619 Stoici.

1108 1649 1227 1690 Immo]
1255 1646 1385 1679 scilicet
1402 1657 1466 1688 ego
1483 1644 1574 1677 dico.
1652 1644 1705 1675 Ne
1718 1641 1780 1685 sis]
1806 1639 1936 1673 scilicet
1961 1637 2093 1669 dicunt.

1109 1690 1237 1741 Etiam]
1266 1697 1395 1731 scilicet
1411 1708 1475 1739 ego
1495 1694 1594 1733 dico,
1628 1692 1760 1725 scilicet
1782 1702 1856 1723 non
1879 1690 1958 1722 ideo
1981 1687 2092 1720 debeo

1108 1760 1179 1780 esse
1204 1747 1423 1787 misericors,
1463 1752 1503 1779 ut
1524 1743 1736 1777 dissolvatur
1760 1741 1938 1775 severitas.
2019 1739 2095 1771 Hu-

1108 1800 1297 1842 manitatis]
1326 1797 1509 1840 Exempla.
2069 1836 2076 1843 ⁴

1214 1847 1243 1891 ξ.
1262 1849 1322 1882 66,
1351 1846 1418 1894 Tu]
1446 1846 1576 1880 scilicet
1600 1844 1720 1877 audire
1737 1842 1891 1881 Stoicos,
1920 1837 2020 1886 quasi
2043 1838 2095 1870 di-

1110 1905 1182 1931 cat:
1209 1899 1348 1931 Tamen
1364 1896 1609 1931 moderabitur
1625 1894 1776 1928 Stoicam
1795 1892 1993 1926 doctrinam
2016 1900 2094 1921 sua-

1110 1950 1218 1982 vitate
1244 1949 1389 1993 ingenii.
1484 1945 1775 1988 Eruditisse'mum]
1808 1943 1938 1977 scilicet
1958 1941 2094 1973 Panae-

1110 2001 1212 2034 tium.
1297 2000 1436 2043 Eudem]
1478 1998 1609 2032 scilicet
1642 1996 1771 2029 Stoica.
1860 1987 2093 2036 Is!ormn⁸⁰)]

1111 2052 1241 2085 scilicet
1264 2051 1486 2089 Stoicorum,
1521 2048 1603 2093 quia
1632 2053 1780 2090 uterque
1811 2045 1917 2076 dabat
1947 2052 2092 2086 operam

1110 2102 1295 2136 Panaetio.
1391 2100 1597 2142 Comitatem]
1632 2097 1762 2130 scilicet
1788 2094 1953 2128 suaviora
1979 2097 2094 2131 erunt,

1112 2166 1190 2188 cum
1213 2152 1396 2187 accesserit
1412 2150 1650 2184 mediocritas.

1213 2205 1299 2249 Cap.
1315 2201 1451 2237 XXXII.
1488 2200 1518 2245 ξ.
1542 2200 1602 2233 67.
1638 2200 1726 2239 Quid
1746 2191 1897 2240 accusas]
1931 2191 2094 2225 Instituta

1113 2261 1163 2288 est
1179 2255 1370 2300 disputatio
1389 2255 1431 2286 de
1451 2251 1606 2290 ambitu,
1634 2261 1724 2294 qnae
1740 2246 1897 2280 continet
1920 2243 2096 2287 principa-

1112 2307 1180 2339 lem
1200 2306 1443 2352 quaestionem
1467 2304 1509 2335 de
1525 2300 1593 2334 hoc
1610 2299 1753 2333 iudicio.
1804 2297 2018 2339 Priusquam
2037 2303 2097 2348 au-

1114 2364 1184 2390 tem
1202 2360 1244 2391 de
1262 2370 1300 2390 re
1315 2355 1417 2395 dicit,
1451 2354 1629 2398 praefatus
1645 2356 1696 2383 est
1712 2349 1886 2393 quaedam
1903 2346 1945 2378 de
1964 2349 2097 2377 autori-

1113 2414 1184 2441 tate
1209 2418 1464 2453 personarum,
1498 2415 1585 2449 quas
1611 2401 1735 2434 elevat.
1804 2397 1868 2429 Hic
1896 2395 2027 2428 accedit
2052 2393 2096 2425 ad

1114 2471 1268 2493 causam.
1321 2458 1410 2491 Cato
1427 2455 1519 2488 enim
1537 2456 1762 2485 accusaverat
1772 2448 1980 2486 Murenam,
2003 2444 2098 2490 quod

1116 2510 1328 2554 corrupisset
1343 2506 1490 2552 pecunia
1508 2503 1693 2549 populum,
1720 2506 1755 2534 et
1768 2499 1907 2532 emisset
1921 2494 2098 2539 suffragia,

1116 2562 1159 2592 ad
1178 2561 1272 2606 quod
1289 2559 1479 2603 respondet
1496 2556 1619 2588 Cicero
1638 2564 1701 2597 per
1718 2549 1985 2584 translationem
1997 2573 2006 2587 ‚
2040 2557 2099 2590 pe-

1116 2612 1218 2645 cunia
1235 2623 1308 2644 non
1325 2610 1391 2643 suit
1407 2619 1523 2647 causa,
1545 2616 1606 2638 cur
1621 2601 1821 2646 exceperint
1837 2612 1928 2634 eum.
1960 2597 2097 2631 Deinde

1149 2721 1198 2749 80)
1221 2719 1361 2747 Istorum]
1382 2717 1422 2741 sic
1440 2713 1595 2743 Ed.1568.;
1620 2711 1668 2736 Ed.
1688 2707 1773 2735 Orell.
1792 2707 1859 2733 ista.
