2347 3000
0 70 2 193 l
89 115 186 150 1073

84 197 285 238 ἀντίθετον
308 205 359 231 est
386 212 450 235 seu
475 200 708 242 comparatio.
818 203 878 240 Vel
905 204 1072 245 diwaee'tus]

84 251 324 290 Antecedens,
352 250 451 295 quasi
469 249 618 282 diceret:
644 249 803 282 Fuissem
826 250 927 282 valde
952 262 1073 294 super-

83 303 168 341 bus,
201 302 229 334 si
263 300 434 344 designati
466 300 619 333 consulis
649 312 789 333 causam
816 301 1070 345 repudiassem.

83 355 231 396 Adeptus
252 353 316 396 sis]
344 351 474 384 scilicet
506 351 563 384 illa
595 351 766 396 praemia.
872 353 952 396 Eos]
979 353 1070 385 Puto

83 402 140 436 hic
173 403 337 435 mendam
374 415 466 441 esse,
503 408 538 435 et
574 402 809 435 omittendum
841 415 894 437 eos
909 403 955 449 112>
986 415 1071 441 esse,

84 466 301 498 quamquam
334 454 444 496 possit
474 454 598 486 referri
627 454 671 486 ad
701 454 852 487 labores.
976 457 1071 487 Esse!

81 504 243 548 hominis]
296 503 453 537 Videbor
495 504 662 548 ignavus,
710 511 898 550 postquam
942 504 1070 537 abstuli

82 554 253 599 praemia.
315 557 350 589 2.
378 556 568 599 Superbus.
630 555 665 589 3.
693 554 911 588 Inbmnanus
942 562 975 587 et
1004 555 1070 586 im-

82 606 235 650 probus,
269 605 297 639 si
319 607 452 640 amicos
474 606 710 650 repudiarem.
770 605 836 639 Ista
864 606 982 639 onmia
1010 607 1069 638 sle-

83 662 180 696 rent,
207 656 234 689 si
257 668 330 689 non
356 658 579 690 defenderem
606 657 808 690 Murenam.

187 705 217 750 5.
234 707 268 740 9.
297 710 404 753 Atque
422 709 574 752 lenieesce]
603 709 739 752 Quarta
760 707 864 740 ratio.
944 709 1068 741 Contra

82 757 231 803 quem'ffl)
248 760 393 803 veneris]
417 759 531 791 wider
548 759 650 791 einen
667 756 801 791 stelien.
850 755 1067 791 ἀντίθετονε

81 809 119 842 Si
143 814 180 841 tu
210 808 467 843 iureconsultus
499 809 633 852 cogeris
660 808 875 852 respondere
910 807 1067 847 inimico,

82 865 217 904 quanto
241 860 351 904 magis
376 872 438 903 ego
463 866 584 892 orator
609 860 718 892 debeo
751 859 873 891 iuvare
901 857 1066 891 amicum.

82 909 136 942 Dc
162 910 334 950 formula,
364 923 465 943 ‹tausa
492 911 635 950 cadere,
671 909 750 942 vide
777 909 813 941 in
836 908 990 942 Oratore
1007 907 1065 955 Μ).

186 958 215 1002 5.
240 961 298 994 10.
324 962 465 1006 Deesse]
493 960 626 1005 Quinta
654 960 764 993 ratio:
792 959 1009 999 Absurdum,
1037 958 1066 993 si

82 1022 205 1043 omnes
238 1012 445 1045 deberemus
488 1010 618 1044 habere
658 1011 835 1044 rationem
876 1010 1066 1050 amicitiae,

81 1067 173 1094 certe
190 1060 342 1094 Murena
360 1063 495 1095 nullum
511 1060 658 1095 baberet
675 1063 907 1095 defensorem.
979 1063 1065 1095 Cru-

78 1112 199 1156 delem]
215 1112 330 1153 Sexta,
345 1112 532 1147 Conclusio
550 1126 610 1146 seu
629 1113 847 1146 distributio:
869 1112 943 1156 Ego
960 1112 1065 1145 istum

82 1163 282 1203 defendam,
310 1163 356 1195 ita
376 1170 506 1203 tamen,
529 1176 574 1197 ne
593 1164 721 1196 violem
740 1170 837 1197 tuam
861 1163 1066 1196 amicitiam.

83 1214 151 1246 Isto
164 1215 196 1245 ῖη
210 1215 292 1258 loco]
305 1214 512 1248 Mollissimo
524 1216 632 1247 verbo
644 1215 779 1247 notavit
792 1214 889 1247 istius
899 1214 1066 1247 studium.

186 1264 272 1308 Cap.
295 1264 337 1298 V.
375 1264 488 1308 5.11.
531 1267 686 1309 Intellt‘yo
721 1266 858 1310 indices]
899 1263 1066 1308 Nulla'¹'‘’)

82 1319 134 1346 est
158 1315 316 1348 narratio
341 1316 378 1348 in
410 1314 475 1349 bac
502 1328 627 1356 causa,
661 1317 721 1350 sed
744 1316 822 1348 loco
851 1314 1067 1348 narrationis

82 1364 239 1408 partitio.
291 1366 340 1399 Ac
364 1367 479 1411 prima
503 1367 645 1412 quidem
674 1379 754 1411 pars
788 1373 837 1399 est
861 1365 1067 1399 confutatio.

81 1414 224 1450 Reseltit
263 1418 357 1450 enim
396 1419 567 1463 quasdam
603 1418 696 1450 leves
739 1417 956 1461 suspiciones
1006 1428 1066 1449 seu

82 1467 261 1507 comicia,
306 1468 432 1513 quibus
472 1465 522 1501 est
558 1481 718 1512 aspersus
750 1468 912 1502 Murena.
989 1466 1067 1500 Pri-

82 1530 181 1550 mum
213 1525 278 1552 est:
313 1519 395 1552 Fuit
430 1520 465 1551 in
496 1519 599 1559 Asia,
640 1519 747 1562 igitur
788 1525 838 1551 est
880 1518 994 1551 mollis
1034 1524 1066 1550 ct

84 1569 167 1602 luxu
193 1576 390 1614 corruptus.
446 1570 567 1602 Cicero
596 1569 746 1614 opponit
769 1570 1001 1603 necessariami
1034 1575 1066 1601 et

83 1618 267 1653 honestam
302 1633 442 1654 causam
477 1620 607 1664 petitae
634 1620 758 1659 Asiae,
792 1621 941 1659 scilieet,
970 1620 1064 1664 quod

83 1672 177 1715 apud
207 1677 343 1715 patrem
373 1684 444 1704 esse
476 1671 647 1704 debuerit.
702 1670 838 1703 Deinde
872 1683 980 1712 genus
1006 1682 1066 1702 ne-

82 1721 168 1766 gotii
202 1722 237 1754 in
260 1722 367 1761 {Asiaz
400 1722 586 1762 Milium-it,
621 1722 728 1766 igitur
759 1734 833 1754 non
864 1728 913 1755 est
945 1734 1065 1754 corru—

86 1779 166 1816 ptus
197 1773 270 1805 otio
300 1779 334 1805 ct
365 1773 616 1817 voluptatibus.
693 1772 869 1806 Inversioz
915 1772 951 1805 Si
981 1772 1064 1805 Asia

85 1822 191 1856 babet
215 1822 450 1866 suspicionem
476 1824 653 1864 luxuriae,
681 1836 763 1867 ergo
780 1821 847 1856 hoe
863 1823 973 1866 magis
992 1823 1065 1855 lau-

86 1874 223 1907 dandus
247 1880 297 1906 est
320 1873 488 1913 Murena,
523 1875 619 1919 quod
650 1874 741 1906 inter
765 1875 843 1907 illas
866 1873 1065 1906 occasiones

87 1926 243 1958 modeste
269 1924 406 1958 vixerit.
484 1924 670 1958 Conclusio
700 1930 751 1958 est
778 1921 1066 1970 παραδιαστολὴ,

88 1983 121 2009 et
140 1974 247 2008 habet
268 1975 536 2008 infitiationem:
573 1975 656 2009 Esse
679 1975 716 2007 in
741 1974 823 2007 Asia
849 1973 937 2007 nihil
959 1973 1065 2007 habet

86 2026 334 2071 turpitudinis,
367 2028 426 2060 scd
458 2026 608 2070 turpiter
636 2026 754 2058 vivere
786 2025 822 2058 in
845 2025 940 2059 Asia.
994 2025 1065 2058 Vos

87 2085 205 2112 autem
236 2078 373 2110 nullum
407 2077 540 2109 crimen
571 2077 867 2110 commemoratis.
928 2075 1064 2108 Deinde

88 2129 283 2174 opponitur
312 2128 468 2161 laudatio
498 2127 649 2161 Asianae
678 2127 972 2171 peregrinationis
1002 2139 1065 2171 per

87 2179 371 2214 distributionem
412 2192 481 2212 una
520 2191 557 2212 re
590 2179 625 2211 in
661 2179 789 2211 multas
822 2179 967 2211 virtutes
1000 2190 1064 2222 pro

89 2232 258 2264 varietate
291 2230 634 2263 circumstanti-‘irum
665 2229 866 2262 distributa:
899 2229 1065 2268 Militare,

90 2281 305 2315 fortitudinis
321 2288 387 2319 est;
404 2281 496 2326 patri
512 2282 642 2321 adesse,
658 2280 798 2324 pietatis
815 2286 876 2313 cst.
928 2279 1064 2313 Dilutio

90 2333 233 2367 secundi
256 2332 406 2366 convicii
440 2338 489 2366 est
519 2333 561 2365 de
595 2331 792 2365 saltatione.
854 2331 916 2364 Est
947 2337 1063 2364 autem

90 2383 271 2425 infitiatio,
299 2384 380 2429 quia
406 2383 503 2427 signa
521 2383 593 2417 eius
608 2382 660 2415 rei
675 2382 770 2415 nulla
790 2388 919 2415 extant.
974 2382 1065 2415 Con-

92 2435 200 2469 clusio
219 2446 260 2468 ex
289 2435 506 2469 consessione
543 2433 843 2467 :alversariorumz
878 2433 982 2467 Nulla
1016 2441 1066 2468 cst

126 2538 173 2566 42)
192 2538 221 2561 ln
241 2537 289 2561 Ed.
306 2536 390 2561 Orell.
409 2537 474 2560 haec
493 2542 544 2558 vox
564 2535 664 2558 omissa
683 2536 733 2560 est.

129 2573 175 2599 43)
196 2573 304 2596 eontra
323 2570 415 2601 quem]
436 2571 474 2593 sie
493 2571 540 2592 Ed.
558 2570 648 2593 15⁶8st
667 2570 714 2593 Ed.
736 2569 821 2592 Orell.
840 2575 920 2598 quem
938 2570 1049 2593 contra.

127 2608 173 2632 44]
192 2606 261 2629 Yido
276 2605 401 2628 Melantn.
424 2604 526 2627 scholia
546 2604 570 2626 in
587 2604 642 2627 Cic.
660 2603 691 2626 de
709 2604 784 2627 Orat.
798 2603 818 2629 1,
841 2603 883 2631 36,
909 2603 964 2626 ¹66.
985 2609 1068 2633 supra

125 2640 336 2702 453⁸x71ilt71a3q'in
363 2672 410 2696 Ed.
439 2672 511 2696 1568.
535 2671 594 2695 huic
620 2671 679 2695 voci
703 2670 823 2695 auctoris
850 2677 946 2695 nomen
972 2687 990 2702 9,
1001 2671 1066 2697 Phil.

162 2705 314 2732 Mel-‘inch-vy
334 2708 376 2729 est
395 2707 549 2736 praefixum.

95 2752 272 2782 MELANTH.
296 2749 400 2779 Oeen.
424 2748 507 2777 Vnt.
530 2747 619 2778 XVI.

421 113 477 149 XI.
530 113 812 151 ENARRATIO
847 110 1107 152 ORATIOMS
1144 118 1392 156 CICEROMS
1427 122 1525 156 PRO
1561 124 1777 163 MURENA.

2016 135 2112 170 1074

1097 230 1103 238 .
1128 205 1312 249 turpitudo
1336 207 1372 240 in
1398 205 1502 242 buius
1528 209 1619 249 vita,
1648 211 1702 244 cui
1730 224 1793 245 nec
1816 213 1949 248 inimici
1968 218 2110 263 quidem

1128 256 1299 296 probrum
1331 258 1474 300 aliquod
1511 261 1663 291 obiit-ere
1695 271 1852 304 possunt.
1909 268 2110 304 Secunda

1125 316 1207 346 pars
1241 305 1412 339 orationis
1445 304 1550 340 babet.
1582 310 1806 345 collationem
1839 315 2038 359 dignitatis,
2074 321 2111 354 in

1126 367 1193 398 qua
1212 354 1286 387 sine
1302 357 1492 390 acerbitate
1517 358 1673 405 (dicebat
1689 363 1782 396 enim
1799 372 1920 399 contra
1939 370 2109 417 amicum)

1126 412 1291 438 extenuat
1326 416 1535 442 ornamenta
1573 412 1697 447 Servii.
1777 415 1937 451 Primum
1981 422 2106 463 probat

1125 457 1292 512 exemplis
1314 459 1447 491 aditum
1472 462 1514 492 ad
1540 464 1762 497 consulatm‘n
1790 479 1863 500 non
1876 470 1988 502 solum
2008 473 2110 504 nobi-

1123 507 1214 539 lltati
1238 514 1379 551 patere;
1414 514 1567 546 secundo
1591 522 1719 560 aequat
1743 525 1966 562 quaesturas;
2002 524 2107 556 tertio

1122 559 1283 602 sequitur
1314 560 1456 592 collatio
1488 564 1686 599 studiorum
1722 574 1755 600 et
1778 571 1916 611 generis
1941 572 2053 615 vitae,
2087 587 2106 607 a

1123 621 1193 653 qua
1225 608 1369 642 discedit
1403 612 1444 643 ad
1471 615 1696 649 collationem
1729 620 1911 653 doctrinae
1934 623 2039 665 iuris,
2074 631 2107 659 et

1121 661 1171 692 rei
1205 660 1379 694 militaris.
1458 663 1619 700 Praefert
1649 675 1765 701 autem
1804 684 1878 704 rem
1914 674 2104 709 militarem

1121 717 1269 754 propter
1326 713 1607 756 magnitudinem
1664 720 1798 762 negotii
1849 735 1889 755 ac
1946 727 2105 768 periculi.

1120 763 1290 806 Intelliyo]
1310 763 1473 799 Partitio.
1552 770 1676 814 Atque]
1697 770 1921 807 Extenuatio,
1999 780 2105 812 Accu-

1119 814 1263 856 sutoria]
1291 813 1373 847 Non
1390 814 1489 857 dixit,
1516 818 1571 851 lex
1589 820 1854 863 declamatoria,
1883 825 1964 869 quia
1984 828 2105 862 suisset

1120 864 1415 898 contumeliosum
1439 867 1475 900 in
1497 870 1584 902 tales
1608 870 1722 911 viros,
1758 875 1877 917 quales
1896 876 1943 908 ibi
1962 878 2106 912 suerunt

1119 913 1261 948 Servius
1280 921 1313 948 et
1336 916 1436 951 alius.
1543 922 1691 966 Obiecta]
1717 922 1934 968 Propositio,
2040 932 2106 970 Qui

1117 965 1165 1008 si]
1201 965 1372 1000 Rationes
1404 969 1556 1004 subiicit.
1634 973 1755 1006 Prima
1790 976 1882 1008 ratio
1917 984 1967 1010 est
2000 992 2103 1014 causa

1118 1015 1250 1059 petitae
1265 1017 1382 1053 Asiae.
1458 1023 1691 1069 Praetextati]
1716 1024 1823 1070 junge
1847 1028 2009 1070 knaben,
2043 1033 2103 1077 qui

1119 1068 1278 1100 nondum
1304 1075 1385 1102 sunt
1407 1073 1529 1115 togati.

1223 1117 1252 1162 5.
1274 1120 1331 1155 12.
1360 1123 1414 1161 Et,
1440 1124 1598 1168 sihubei]
1624 1123 1793 1161 Inversio.

1278 1171 1285 1176 .
1869 1131 2104 1179 Quamobrem]

1121 1169 1323 1205 Conclusio.

1405 1174 1592 1209 Meruisse!
1609 1175 1669 1221 “⁶)]
1697 1175 1865 1212 Infitiatio
1890 1189 2013 1215 ornata
2034 1185 2103 1218 dis-

1122 1220 1331 1261 tributione,
1360 1224 1483 1267 quanti
1500 1226 1583 1257 boni
1604 1227 1680 1259 insit
1701 1226 1781 1261 lmie
1798 1233 2088 1274 peregrinationi.

1226 1272 1310 1317 Cap.
1328 1272 1386 1306 Vl.
1416 1274 1528 1318 5.13.
1555 1279 1776 1324 saltatorem]
1803 1281 2002 1316 Secundum
2021 1298 2104 1318 eon-

1121 1322 1262 1356 x‘icium.
1316 1323 1394 1356 Alia
1420 1326 1606 1367 infitiatio,
1635 1328 1670 1360 in
1692 1342 1760 1374 qua
1787 1333 1901 1375 parcit
1928 1335 2102 1377 dignitati.

1121 1374 1250 1418 Quare]
1285 1373 1528 1419 Comparatio.
1600 1378 1859 1423 Argumentum
1892 1391 1958 1417 est:
1974 1376 1979 1378 i
1998 1386 2104 1421 Nulla

1119 1424 1216 1467 signa
1245 1431 1364 1458 extant
1388 1428 1604 1462 saltationis:
1633 1442 1715 1474 ergo
1737 1433 1855 1467 nullus
1878 1436 2024 1469 saltator
2042 1445 2104 1479 est,

1120 1482 1152 1508 et
1179 1481 1215 1508 tu
1245 1476 1331 1509 facis
1363 1476 1628 1522 imprudenter,
1664 1493 1742 1514 euin
1772 1482 1879 1517 iacias
1902 1487 2100 1522 convicium

1119 1526 1155 1558 in
1184 1539 1263 1559 eum
1295 1533 1365 1559 tam
1400 1530 1584 1569 odiosum,
1620 1543 1736 1577 neque
1769 1533 1842 1568 eius
1874 1537 1924 1568 rei
1957 1540 2102 1583 propria

1119 1577 1216 1620 signa
1249 1575 1391 1612 babeas.
1497 1583 1704 1626 Quamquam
1722 1583 1768 1629 ⁰⁷)
1798 1588 1932 1631 vitiosa]
1973 1590 2104 1623 scilicet

1120 1635 1151 1660 et
1170 1635 1288 1660 tamen
1306 1628 1431 1662 vitium
1451 1637 1512 1664 cst.
1565 1631 1666 1665 Esset
1682 1633 1867 1678 indignum
1884 1639 2103 1683 voluptatem

1120 1678 1271 1712 tribuere
1296 1679 1403 1715 vitiis.

1223 1727 1252 1772 ἓ.
1273 1729 1329 1763 14.
1357 1731 1458 1765 Nihil
1474 1733 1595 1776 iye'lm]
1619 1733 1820 1770 Conclusio.
1899 1740 1993 1773 Iucia
2007 1743 2104 1785 sunt]

1118 1780 1299 1813 Transitio
1325 1793 1365 1813 ex
1393 1782 1630 1816 consessione:
1658 1783 1757 1818 Nihil
1782 1796 1931 1830 possunt
1958 1790 1990 1822 ei
2015 1783 2104 1825 obii}

1119 1843 1194 1864 cere
1220 1843 1263 1863 ne
1285 1831 1419 1864 inimici
1445 1832 1600 1876 quidem.

1220 1881 1306 1925 Cap.
1321 1881 1395 1916 Vll.
1426 1881 1540 1925 5.15.
1567 1887 1758 1930 Sumnmm]
1786 1887 1886 1921 Facit
1910 1893 2103 1926 concessio-

1119 1944 1195 1965 nes:
1226 1932 1318 1976 Quia
1337 1946 1411 1965 non
1429 1934 1503 1965 vult
1522 1936 1730 1969 exacerbare
1747 1939 1930 1979 Servium,
1957 1940 2047 1975 nihil
2067 1944 2102 1977 in

1119 1995 1198 2015 eum
1233 1983 1318 2015 dicit
1351 1983 1529 2018 acerbum.
1608 1986 1767 2021 Secunda
1802 2002 1885 2033 pars
1918 1993 2102 2035 orationis,

1119 2047 1208 2079 quae
1242 2032 1348 2067 habet
1380 2035 1605 2068 collationem
1640 2038 1832 2081 dignitatis.
1913 2042 2102 2079 Concessio

1119 2097 1179 2118 seu
1212 2085 1422 2129 propositio.
1528 2088 1776 2135 Contempsiste']
1809 2091 1971 2126 Primum
2000 2108 2102 2139 argu-

1118 2142 1298 2175 mentum,
1338 2137 1375 2168 in
1406 2148 1476 2182 quo
1511 2138 1641 2180 probat
1669 2152 1743 2172 non
1776 2142 1889 2175 solum
1925 2138 2102 2181 nobilitati

1118 2193 1239 2231 patere
1256 2186 1390 2220 aditum
1410 2188 1454 2220 ad
1475 2189 1695 2222 consulatum
1708 2216 1716 2229 ‚
1744 2193 1802 2224 sed
1821 2193 1925 2226 etiam
1944 2196 2101 2238 plebeiis.

1118 2238 1279 2283 Opponit
1310 2238 1480 2282 exempla.
1582 2242 1802 2287 Aventinum]
1850 2244 1918 2276 Ubi
1951 2247 2048 2289 plebs
2080 2262 2099 2281 a

1118 2289 1277 2334 patribus
1302 2290 1494 2328 defecerat,
1521 2292 1798 2332 contenderunt,
1826 2300 1864 2326 ut
1881 2307 1920 2328 ex
1944 2308 2006 2329 suo
2025 2312 2100 2332 cor-

1119 2352 1204 2384 pore
1231 2346 1435 2373 crearentur
1467 2340 1646 2382 consules,
1681 2342 1770 2375 sicut
1796 2344 2017 2389 aliquamdiu
2049 2351 2100 2383 sa—

1118 2398 1211 2425 ctum
1236 2396 1296 2423 est.
1749 2400 1769 2417 *Α

1221 2439 1251 2485 5.
1279 2440 1335 2474 16.
1362 2442 1502 2486 Populo]
1528 2440 1740 2476 Extenuatio
1760 2445 1955 2480 nobilitatis
1975 2449 2099 2487 Servii.

1117 2493 1158 2526 L.
1185 2493 1334 2525 Murena
1359 2492 1480 2525 notior
1507 2498 1557 2525 est.
1589 2495 1742 2537 populo,
1781 2508 1886 2540 quam
1920 2504 1976 2539 tu,
2017 2503 2099 2547 quia

1120 2541 1364 2587 triumphavit.
1468 2545 1539 2576 Nec
1561 2545 1659 2589 mihi]
1701 2545 1851 2578 Collatio
1890 2549 2028 2586 virtutis
2066 2561 2099 2588 et

1154 2662 1202 2688 46]
1222 2658 1393 2686 Meruisset]
1412 2657 1450 2680 sic
1469 2658 1517 2680 Ed.
1539 2657 1627 2685 1568.;
1648 2658 1696 2682 Ed.
1717 2659 1801 2682 Orett.
1821 2660 1970 2688 Meruisse.

1155 2705 1202 2734 47)
1222 2702 1412 2736 Quamquam]
1428 2700 1539 2768 sissglssd.
1562 2700 1650 2731 1568.;
1670 2701 1717 2724 Ed.
1739 2702 1823 2725 Ore-ll.
1843 2709 1977 2735 quaeque.
