2347 3000
70 139 143 175 481

65 222 206 258 ethnico
237 222 400 257 afferenti
430 222 613 257 lustralem
641 233 791 268 aquam,
835 230 916 257 aute
940 224 1058 258 locum

63 275 228 310 sacrificii
243 273 432 320 colaphum
449 273 608 318 impegit,
636 280 821 318 praesente
833 274 973 309 Iuliano
994 276 1059 309 im-

63 333 246 372 peratore.

167 427 255 461 Cum
278 425 387 471 igitur
410 432 444 460 et
466 432 697 472 praeceptum
721 426 807 468 Dei,
840 434 874 461 et
898 428 1057 472 exempla

65 477 296 523 congruentia
315 490 392 512 cum
409 479 607 523 praeceptis
624 479 825 519 ostendant,
850 479 937 524 quid
953 491 1058 524 opor-

65 536 137 564 teat
152 528 308 574 singulos
322 530 457 570 facere,
484 530 686 574 superiores
705 535 739 562 et
761 529 947 564 inferiores
960 557 968 569 ‚
995 532 1058 563 do-

617 135 661 172 V.
721 134 1055 182 QUAESTIONES
1091 134 1312 183 ALIQUOT
1346 135 1565 172 ETHICAE.

2034 149 2108 185 482

1113 223 1258 257 lendum
1291 229 1342 257 est
1373 235 1478 268 saepe
1509 224 1687 259 diversum
1718 227 1812 267 fieri,
1840 235 1879 262 ut
1903 229 1939 263 in
1963 236 2103 277 querela

1114 277 1208 319 apud
1227 273 1403 308 Micheam
1420 276 1472 321 (7,
1489 276 1542 321 3.)
1566 276 1711 310 dicitur:
1746 278 1915 325 Princeps
1938 285 2105 326 postulat,

1113 332 1146 359 et
1165 326 1270 359 iudex
1292 327 1448 360 colludit.
1501 327 1546 360 Et
1564 329 1623 373 qui
1642 336 1844 373 praetextus
1864 341 2039 377 quaeruut
2060 338 2103 369 ad

1113 379 1347 411 excusandam
1367 377 1607 422 impietatem,
1634 381 1682 413 sic
1697 381 1842 421 ludunt,
1870 389 1908 415 ut
1924 385 2051 419 milites
2068 387 2104 420 in

1111 426 1260 462 liiStoria
1280 426 1430 467 Christi,
1458 442 1536 462 cum
1554 431 1675 464 velant
1696 433 1769 467 eius
1793 434 1932 474 oculos,
1962 443 1994 468 ct
2020 438 2104 471 dant

1113 477 1302 523 colaphos,
1330 491 1370 512 ac
1387 479 1509 512 iubent
1535 483 1740 524 vaticinari,
1775 496 1793 517 a
1818 497 1889 530 quo
1914 486 2103 532 colaphum

1112 531 1302 575 acceperit.

839 678 974 704 AL1A
1019 679 1327 709 QUAESTIO.

676 747 748 778 DE
790 746 1488 780 EXCOMMUNICATIONE.

167 833 260 867 Ante
284 844 416 878 paucos
440 844 553 866 annos
575 831 641 865 fuit
667 833 797 868 electus
823 834 1058 879 Moguntinus

66 885 272 930 episcopus,
299 896 416 918 comes
434 885 478 917 al)
495 884 709 929 Eisenberg,
736 886 792 919 cui
810 886 909 930 prius
925 886 1058 919 Senen-

67 937 113 970 sis
136 936 228 969 inter
252 942 406 969 caeteras
431 936 653 969 conditiones
678 934 770 969 hanc
796 937 984 982 imposuit,
1018 943 1058 970 ut

64 987 212 1027 iuraret,
239 1000 274 1022 se
292 999 366 1020 non
384 994 663 1021 convocaturum
682 988 961 1029 esseElectores,
989 988 1058 1021 nisi

65 1038 233 1072 Romano
264 1039 431 1083 pontifice
462 1039 624 1073 consulto
655 1045 689 1072 ct
716 1041 941 1075 assentiente.
1006 1038 1057 1072 Ita

67 1096 180 1124 astute
206 1090 391 1124 Romanus
417 1090 577 1134 pontifex
600 1090 805 1125 universam
830 1091 1057 1125 autoritatem

67 1140 271 1175 Electorum
288 1142 551 1185 languesacere‚
579 1149 613 1175 et
636 1143 681 1175 ad
705 1144 824 1176 sedem
842 1143 1058 1182 Romanam,

68 1199 103 1225 et
118 1193 163 1225 ad
180 1193 273 1236 ipsos
289 1193 472 1237 pontifices
487 1195 678 1227 transferre
695 1201 841 1228 conatus
858 1201 920 1229 est.
954 1194 1060 1227 Cum-

67 1255 136 1289 que
152 1242 373 1287 Isenbergius
391 1244 661 1284 adversaretur,
689 1245 788 1289 Papa
813 1246 921 1279 alium
947 1244 1060 1291 quali-

68 1307 208 1340 cunque
226 1301 410 1339 praetextu
434 1294 530 1327 iubet
553 1295 652 1338 eligi,
681 1295 846 1328 comitem
875 1309 893 1328 a
911 1296 1060 1334 Nassau,

68 1353 103 1379 et
119 1346 252 1379 fulmen
269 1346 645 1379 excommunicationis
662 1345 733 1378 edit
760 1353 881 1378 contra
902 1345 1060 1380 Isenber-

70 1397 178 1441 gium.
233 1397 324 1430 Hinc
348 1397 479 1430 bellum
505 1409 674 1441 magnum
700 1398 793 1440 apud
811 1395 977 1430 Rhenum
1005 1408 1061 1428 or-

68 1454 145 1481 tum
162 1455 223 1482 est.
276 1447 515 1492 Isenbergium
532 1449 766 1480 defenderunt
782 1448 966 1481 Palatinus
984 1447 1061 1480 Fri-

68 1498 228 1539 dericus,
262 1506 295 1532 et
319 1499 379 1531 alii
403 1499 561 1544 quidam.
627 1499 805 1532 Adversus
828 1497 892 1533 hos
918 1511 1060 1545 quoque

69 1550 277 1594 pontificum
295 1550 429 1583 fulmen
447 1550 581 1583 editum
600 1556 651 1584 est
660 1549 717 1594 73).

172 1608 245 1642 Iam
271 1609 430 1655 quaestio
453 1616 520 1643 est:
555 1610 611 1642 An
636 1610 714 1643 talis
740 1608 1060 1642 excommunicatio

72 1660 205 1700 valeat,
234 1673 313 1695 cum
331 1661 455 1705 petitio
472 1661 649 1706 pontificis
665 1661 781 1694 aliena
797 1661 904 1694 suerit
923 1661 967 1693 ab
987 1660 1063 1693 offi-

71 1711 124 1745 cio
143 1713 318 1757 pontificis
330 1739 339 1753 ‚
368 1719 401 1745 et
418 1725 455 1746 re
472 1713 546 1757 ipsa
564 1713 670 1746 suerit
688 1712 831 1745 iniusta.

173 1772 406 1816 Respoudeo:
448 1772 648 1806 Discrimen
674 1778 799 1805 notum
823 1777 873 1804 est
898 1770 1062 1815 politicae

74 1823 340 1867 gubernationis
376 1830 409 1857 et
444 1824 718 1863 ecclesiasticae,
770 1822 915 1867 politica
955 1822 1063 1854 inter-

74 1874 145 1906 ficit
171 1887 249 1908 reos
277 1882 503 1908 externorum
528 1876 700 1909 scelerum
727 1873 922 1913 atrocium,
972 1885 1062 1917 qnae

74 1933 235 1969 pugnant
258 1938 335 1959 cum
352 1926 552 1970 Decalogo,
580 1933 619 1960 ut
643 1923 890 1969 blasphemos,
915 1923 1063 1956 idolola-

112 2059 159 2090 73)
180 2059 209 2082 Iu
229 2058 422 2082 archidioecesi
440 2058 601 2087 Moguntiua
626 2064 649 2081 a.
667 2058 758 2085 1459.,
784 2056 951 2080 Theoderico
975 2056 1066 2080 archi-

146 2094 271 2123 episcopo
292 2095 414 2120 mortuo,
434 2094 612 2122 disceptatum
632 2095 689 2117 est,
710 2094 799 2115 utrum
814 2092 960 2115 Dietherus
975 2097 1066 2114 coines

149 2129 182 2151 ab
202 2128 334 2155 lsenhurg
353 2133 388 2151 an
407 2128 546 2157 Adotpnus
565 2133 655 2150 comes
673 2133 689 2150 a
710 2127 818 2150 Nassau
839 2127 866 2148 in
886 2126 1004 2149 defuncti
1024 2127 1066 2149 lo-

147 2168 206 2185 cum
226 2163 370 2190 eligendus
390 2162 433 2185 sit.
485 2162 628 2185 Palatinus
648 2161 805 2184 Fridericus
823 2160 989 2183 victoriosus
1010 2159 1067 2189 pri-

146 2203 218 2220 11111111
242 2197 357 2225 Adotphi
382 2196 498 2225 partium
524 2198 599 2225 erat,
633 2197 798 2225 quapropter
824 2195 971 2218 nietam-us
994 2195 1067 2217 illum

148 2230 339 2261 impugnabat,
358 2233 386 2253 at
405 2232 460 2254 tam
479 2235 550 2253 vauo
569 2231 684 2257 conatu,
705 2230 734 2252 ut
755 2234 850 2259 magno
871 2229 957 2258 pretio
977 2234 1068 2258 pacem

149 2271 165 2289 a
185 2265 308 2289 Palatino
329 2266 439 2288 emeret.
489 2264 593 2287 Deinde
617 2269 684 2287 vero
711 2270 770 2286 euni
789 2269 812 2286 a.
830 2263 904 2287 1461.
925 2262 1069 2286 Dietherus

152 2300 185 2323 ob
204 2302 321 2323 anuatas
347 2300 490 2322 recusatas
514 2304 530 2321 a
557 2304 640 2327 papa,
670 2298 835 2327 imperatore
853 2298 1006 2325 aunuente,
1037 2298 1070 2320 ab

153 2333 200 2358 illo
220 2340 330 2358 munere
349 2336 539 2359 amoveretur,
560 2331 717 2355 Friderieus
733 2331 855 2355 Dietheri
877 2333 956 2355 rebus
976 2333 1071 2354 contra

154 2368 303 2398 adolphum
323 2369 450 2397 favebat,
485 2369 511 2390 et
537 2368 604 2389 hune
628 2367 742 2390 29.1uu.
764 2366 838 2389 1462.
861 2366 894 2388 ad
914 2366 1071 2389 §eckenhe-

154 2402 236 2426 mium
254 2403 326 2427 vicit.
368 2403 496 2425 Attamen
515 2401 655 2431 moguntia
673 2402 706 2424 ab
724 2401 846 2429 Adolpho
863 2400 906 2424 27.
921 2401 980 2424 Oet.
1000 2400 1072 2423 eius-

155 2436 215 2460 dem
232 2437 296 2460 anni
315 2438 487 2466 expugnata,
509 2436 615 2466 legatus
634 2441 718 2465 papae
736 2435 810 2459 1463.
825 2435 893 2458 hauc
909 2437 1072 2458 controvec<

156 2471 226 2494 siam
243 2471 417 2495 Francofurti
437 2470 588 2500 composuit
607 2476 639 2493 ea
656 2469 797 2499 pactione,
821 2470 851 2491 ut
870 2469 1008 2498 Adolphus
1026 2474 1073 2491 ar-

155 2504 319 2535 chiepiscopi
339 2505 499 2536 dignitatem
518 2504 668 2533 obtineret,
703 2504 849 2527 Dietlierus
874 2504 982 2534 autem,
1012 2504 1075 2533 post

156 2539 229 2562 illius
255 2540 384 2567 mortem,
419 2539 595 2567 succederet,
630 2544 749 2568 eousque
772 2543 839 2560 vero
866 2537 965 2560 minori
994 2543 1076 2567 prae-

158 2573 264 2597 fectura
282 2574 424 2597 contentus
444 2575 526 2598 esset.
578 2573 622 2597 Sic
648 2579 674 2596 a.
694 2572 766 2596 1475.
792 2571 820 2594 in
838 2571 954 2601 Adolphi
978 2570 1078 2594 mortui

157 2608 245 2631 locum
270 2608 408 2631 successit.
454 2608 518 2631 Vid.
539 2608 565 2632 J.
585 2609 624 2631 st.
643 2607 738 2630 Ptitter
763 2606 912 2629 vollsta'iud.
932 2606 1078 2629 Handhuch

159 2642 208 2665 der
236 2642 389 2665 Teutschen
412 2642 627 2665 Reichshistorie
653 2649 677 2671 p.
693 2641 742 2665 Ἰ137
757 2648 796 2670 sq.
831 2641 857 2663 et
883 2640 915 2663 G.
940 2640 1078 2663 Helwich:

160 2676 304 2706 Moguntia
322 2675 428 2699 devicta
453 2677 478 2701 11.
496 2683 519 2699 e.
539 2677 572 2700 de
591 2675 705 2699 dissidio
726 2675 900 2705 Moguntiaco
925 2674 997 2697 iuter
1022 2674 1080 2703 epi-

161 2716 260 2740 scopos
283 2709 436 2732 Dietherum
456 2712 483 2734 et
502 2711 669 2741 Adolpluuu‚
698 2710 730 2733 de
750 2709 995 2738 A1·ehipraesulatu
1014 2714 1081 2732 con-

164 2744 320 2768 tendentes.
348 2744 469 2773 Mogunt.
491 2745 565 2769 1715.

97 2786 277 2819 MELANTH.
303 2785 409 2816 Oeen.
435 2785 519 2816 Vol„
542 2786 633 2817 XVI.

1111 841 1204 876 tras,
1232 847 1377 880 magos,
1401 836 1599 876 seditiosos,
1626 834 1836 878 homicidas,
1865 841 2043 885 moechos,
2071 854 2103 880 et

1111 887 1265 931 pollutos
1282 887 1421 921 incestis
1440 888 1664 927 libidinibus,
1692 889 1805 929 sures,
1832 891 2005 928 falsarios,

1213 947 1530 981 Pastorljcclosiao
1548 947 1727 980 neminem
1748 950 1780 980 vi
1802 953 1980 994 corporali
1998 954 2104 989 inter-

1112 998 1200 1038 ficit,
1229 999 1311 1044 quia
1330 999 1567 1033 ministerium
1586 998 1769 1043 Evangelii
1791 1002 1910 1044 punit,
1940 1011 1977 1037 ut
1995 1013 2105 1040 retra-

1111 1048 1244 1083 hantur
1272 1048 1435 1084 homines
1466 1051 1511 1083 ad
1549 1050 1823 1094 poenitentiam,
1860 1059 1893 1085 et
1924 1064 2105 1093 sanentur.

1111 1100 1157 1133 Et
1183 1101 1298 1134 voluit
1323 1101 1419 1135 Deus
1450 1102 1631 1135 ministros
1660 1101 1845 1146 Evangelii
1876 1117 2103 1153 nequaquam

1113 1165 1184 1185 esse
1208 1159 1363 1187 armatos
1382 1153 1511 1197 gladio.
1564 1153 1645 1186 Non
1664 1153 1770 1196 igitur
1794 1161 1843 1187 tot
1870 1159 1998 1199 gradus
2024 1168 2104 1193 sunt

1113 1216 1310 1247 poenarum
1335 1205 1372 1236 in
1398 1204 1597 1237 ministerio
1619 1204 1814 1244 Ecclesiae,
1849 1215 1937 1252 quot
1964 1218 2045 1243 sunt
2069 1212 2105 1244 in

1115 1255 1249 1298 politia.
1304 1255 1370 1287 Sed
1388 1262 1508 1287 tamen
1527 1255 1561 1287 iu
1583 1256 1739 1300 quolibet
1758 1263 1859 1290 coetu
1876 1267 2016 1303 oportet
2034 1275 2105 1296 esse

1113 1306 1396 1350 delinquentium
1414 1319 1565 1350 poenas,
1594 1307 1687 1339 iuxta
1708 1307 1859 1347 dictum,
1889 1313 1985 1354 quod
2002 1325 2105 1358 saepe

1114 1357 1324 1400 repetimus:
1355 1357 1458 1389 Nulla
1477 1357 1610 1389 utilitas
1628 1364 1677 1389 est
1702 1358 1798 1391 urbis
1828 1373 1918 1404 quae
1946 1375 2019 1396 non
2044 1363 2105 1397 ha-

1112 1407 1171 1439 bet
1187 1418 1315 1440 nervos
1331 1413 1453 1439 contra
1473 1414 1710 1440 contumaces.
1756 1408 1968 1454 Aliquarnin
1987 1421 2104 1449 tamen

1114 1469 1311 1501 poenarum
1347 1457 1464 1502 aliqua
1499 1458 1695 1490 similitudo
1719 1465 1769 1491 est
1796 1460 1831 1491 iu
1854 1463 1985 1504 politiis
2010 1473 2041 1499 ct
2069 1468 2105 1499 in

1114 1508 1290 1542 Ecclesiis.

1218 1567 1402 1611 Relcgatio
1420 1567 1456 1599 in
1474 1566 1633 1611 imperiis
1650 1567 1780 1601 dicitur
1796 1582 1932 1613 poena,
1967 1586 2035 1618 qua
2061 1576 2107 1608 ci-

1116 1619 1166 1653 vis
1183 1620 1320 1663 cogitur
1345 1619 1517 1652 sententia
1538 1619 1661 1652 iudicis
1679 1631 1696 1651 a
1713 1633 1774 1653 sua
1796 1622 1937 1656 civitate
1964 1627 2007 1657 ad
2035 1639 2107 1660 cer-

1116 1677 1190 1704 tum
1211 1677 1349 1715 tempus
1370 1671 1501 1710 abesse,
1529 1671 1588 1715 qui
1605 1682 1678 1703 non
1696 1672 1732 1704 fit
1751 1681 1937 1717 propterea
1955 1676 2108 1717 infamis,

1116 1734 1180 1755 nec
1198 1722 1329 1755 amittit
1346 1734 1400 1755 res
1416 1734 1515 1761 suas,
1548 1728 1581 1754 et
1606 1734 1811 1767 quanquam
1837 1726 1953 1767 abest,
1988 1734 2107 1763 tamen

1116 1780 1237 1806 manet
1262 1773 1428 1806 dominus
1454 1785 1573 1805 rerum
1599 1786 1762 1813 suarum,
1792 1777 1881 1820 capit
1910 1776 2108 1813 haeredita-

1117 1832 1186 1864 tes,
1214 1831 1246 1857 et
1262 1831 1378 1868 potest
1394 1824 1571 1867 legitimos
1596 1831 1796 1858 contractus
1821 1828 1934 1861 facere
1959 1842 2037 1863 cum
2063 1832 2109 1864 ci-

1117 1877 1237 1915 vilius,
1266 1881 1299 1907 et
1316 1875 1408 1907 redit
1426 1876 1469 1907 ad
1492 1872 1647 1908 honores
1666 1875 1700 1907 in
1718 1877 1846 1920 patria.

1220 1935 1320 1967 Alius
1337 1935 1465 1977 gradus
1482 1940 1533 1967 est
1549 1935 1750 1978 deportatio
1763 1962 1771 1974 ,
1802 1950 1891 1982 quae
1915 1947 1966 1973 est
1982 1954 2109 1985 poena,

1119 1998 1187 2032 qua
1207 1998 1269 2030 per
1287 1985 1497 2019 sententiam
1517 1985 1640 2019 iudicis
1659 1986 1743 2020 civis
1765 1988 1903 2022 eiicitur
1927 2000 2111 2037 perpetuo,

1119 2045 1288 2083 tanquam
1310 2037 1507 2081 praecisum
1524 2038 1724 2070 membrum
1743 2051 1761 2070 a
1782 2051 1930 2084 corpore
1949 2043 2112 2084 civitatis,

1120 2096 1153 2123 et
1170 2090 1208 2122 fit
1226 2089 1386 2128 infamis,
1415 2100 1479 2120 nec
1495 2095 1615 2121 manet
1634 2090 1799 2123 dominus
1820 2104 1938 2126 rerum
1954 2107 2112 2134 suarum,

1119 2153 1184 2174 nec
1202 2140 1296 2185 capit
1312 2138 1567 2179 haereditates,
1594 2152 1657 2173 nec
1676 2148 1823 2184 possunt
1845 2144 1904 2175 alii
1923 2145 2013 2179 cives
2033 2159 2109 2179 cum

1122 2205 1163 2225 eo
1183 2198 1386 2225 contractus
1408 2192 1534 2224 facere.
1600 2190 1645 2224 Et
1669 2191 1761 2225 bona
1787 2193 1835 2226 sic
1859 2196 2110 2230 damnatorum

1122 2243 1406 2289 publicabantur.
1476 2241 1569 2275 Haec
1600 2255 1716 2286 poena
1749 2244 1831 2276 olim
1858 2247 2112 2281 nominabatur

1123 2294 1287 2328 interdici
1306 2305 1397 2338 aqua
1420 2299 1450 2324 et
1470 2293 1561 2336 igni,
1590 2294 1669 2338 quia
1690 2295 1777 2327 nulli
1795 2296 1860 2327 civi
1877 2297 1975 2329 licuit
1995 2296 2113 2343 hospi-

1124 2346 1211 2379 tium
1238 2345 1408 2389 praelnere
1435 2343 1482 2376 sic
1508 2345 1704 2381 damnatis,
1747 2352 1782 2377 111
1810 2346 1979 2390 Polybius
2002 2350 2115 2395 loqui-

1126 2405 1199 2431 tur:
1229 2393 1318 2440 μὴτε
1337 2393 1434 2428 πόλει
1453 2393 1625 2439 δέχεσθαι
1645 2392 1736 2439 μήτε
1751 2398 1825 2442 πῦρ
1844 2395 1988 2432 ἐναύειν
2001 2400 2059 2446 Ἃ).

1230 2455 1305 2487 Hoc
1321 2453 1511 2487 discrimen
1531 2454 1755 2487 considerare
1783 2455 1867 2489 utile
1892 2464 1960 2497 est,
1995 2466 2034 2492 ut
2061 2474 2118 2493 ve-

1128 2514 1240 2542 tustae
1260 2507 1352 2549 leges
1370 2511 1404 2537 et
1418 2502 1588 2537 historiae
1609 2506 1693 2537 fiant
1710 2505 1820 2549 magis
1837 2509 2057 2552 perspicuae,
2087 2518 2119 2544 et

1129 2565 1169 2593 ut
1200 2562 1402 2602 praesentes
1436 2567 1572 2599 poenae
1599 2556 1727 2589 rectius
1753 2556 2006 2603 intelligantur.
2077 2561 2119 2596 Et

1132 2609 1273 2643 collatio
1294 2607 1392 2640 addit
1407 2606 1519 2639 lucem
1538 2607 1661 2650 poenis
1678 2606 1864 2643 Ecclesiae.

1168 2743 1218 2771 74)
1238 2742 1333 2772 Polyb.
1352 2741 1446 2765 histor
1470 2741 1510 2763 ed.
1533 2741 1778 2771 Schweighaeuser
1798 2743 1814 2766 1.
1832 2744 1878 2767 ΙΧ.
1899 2752 1919 2770 c,
1935 2746 1975 2769 40.
1997 2746 2021 2775 ς,
2037 2747 2061 2770 5,

1482 2776 1526 2809 31
