2347 3000
213 118 309 156 1203

219 215 288 251 qua
312 210 431 237 tamen
451 203 645 248 prudenter
664 201 764 234 initio
783 206 816 233 ct
836 206 1043 245 argumenta
1061 197 1203 244 repetit,

220 267 312 302 quae
355 254 522 288 minuunt
561 254 699 298 culpam
741 249 898 295 Ligarii,
952 251 1053 298 quasi
1091 250 1203 284 dicat:

221 305 298 340 Etsi
319 305 411 339 hanc
436 317 577 340 causam
600 303 695 349 apud
721 309 753 336 te
776 314 863 347 ago,
897 303 1009 348 magis
1039 308 1078 336 ut
1110 301 1205 347 apud

221 364 381 403 patrem,
417 370 524 403 quam
548 356 642 401 apud
666 354 837 396 iudicem,
871 361 991 389 tamen
1024 353 1130 387 etiam
1163 353 1207 385 ad

223 409 375 443 iudicem
408 406 494 442 haec
523 412 733 451 argumenta
760 406 931 441 valerent.
982 405 1065 441 Non
1090 403 1208 438 attulit

224 461 346 494 odium
375 459 445 499 tui,
477 471 550 492 non
575 458 730 492 studium
754 457 837 491 belli
863 456 974 491 civilis
1004 457 1040 490 in
1063 455 1208 501 provin-

225 512 336 551 ciam,
369 511 429 544 sed
459 516 539 543 ante
570 510 701 544 bellum
733 511 910 554 profectus
939 515 1000 543 cst.
1079 508 1208 541 Postea

226 563 356 596 invitus
386 567 543 595 retentus
580 568 650 602 est,
689 567 723 594 et
752 558 866 595 haesit
898 561 972 595 sine
1003 557 1210 605 pertinacia,

226 614 301 648 sine
325 612 407 645 odio
427 613 489 647 tui.
543 611 618 645 Hae
644 612 927 647 circumstantiae
949 610 1115 645 minuunt
1140 608 1210 642 cul-

226 677 309 710 pam
337 664 443 696 etiam
469 664 504 697 in
527 663 657 697 severis
680 663 828 699 iudiciis.
882 663 1008 697 Postea
1029 661 1211 695 discedens

227 717 271 749 ab
288 713 354 748 hac
371 722 484 759 parte,
513 713 657 748 inchoat
671 715 974 759 deprecationem:
1004 714 1058 747 Ad
1072 719 1211 757 patrem

227 768 367 812 loquor.
443 765 574 812 Estque
609 766 808 811 propositio
839 764 1118 810 deprecationis:
1157 761 1212 796 Ad

227 817 450 852 clementiam
474 824 570 851 tuam
596 817 783 861 confugiO,
810 817 927 851 delicti
951 816 1092 849 veniam
1119 821 1214 860 peto,

227 876 267 903 ut
284 869 445 913 ignoscas
462 881 538 904 oro.
591 868 687 902 Haec
712 875 763 903 cst
790 867 1002 915 propositio.
1054 867 1214 912 Sequun-

228 927 285 955 tur
308 926 530 964 argumenta.

330 971 493 1005 Primum
519 972 562 1005 ab
586 971 765 1015 exemplo:
797 969 834 1004 Si
862 982 968 1003 nemo
999 966 1216 1013 impetravit,

231 1029 439 1067 arroganter
461 1029 562 1067 peto;
596 1022 625 1057 si
648 1021 813 1067 plurimi,
848 1027 885 1054 tu
908 1021 1001 1054 idem
1023 1020 1075 1053 ser
1099 1031 1216 1063 opem,

231 1074 292 1121 qui
316 1086 413 1118 spem
438 1073 579 1108 dedisti.

334 1124 535 1158 Secundum
570 1135 589 1156 a
618 1135 682 1157 suo
714 1121 894 1166 exemplo:
931 1120 1020 1154 Cum
1054 1132 1118 1163 ego
1150 1118 1215 1152 sim

232 1174 373 1208 veniam
405 1181 632 1215 consecutus,
668 1173 729 1220 qui
754 1174 790 1206 in
815 1172 936 1206 castris
961 1171 1011 1205 sui
1038 1172 1081 1204 ad
1105 1167 1217 1204 Phar-

230 1227 361 1267 salum,
401 1239 495 1260 nunc
536 1238 621 1259 vero
666 1224 772 1258 etiam
811 1223 877 1258 sim
911 1224 1120 1267 deprecator
1151 1233 1216 1266 pro

232 1278 363 1318 altero,
398 1278 590 1323 videarque
621 1276 734 1321 gratia
764 1276 899 1309 valere:
941 1280 1076 1320 quanto
1106 1272 1217 1316 magis

232 1329 372 1362 veniam
396 1335 513 1374 speret
533 1327 722 1373 Ligarius?

332 1380 496 1414 Tertium
527 1385 777 1424 argumentum
812 1375 1085 1422 prudentissime
1125 1374 1218 1418 cogi-

233 1437 344 1464 tatum
374 1438 426 1466 est
457 1444 475 1464 a
506 1431 619 1465 causis
651 1428 931 1475 deprecantium.
983 1426 1161 1460 Antonius
1185 1432 1219 1458 et

232 1482 365 1517 similes
398 1483 508 1516 multa
540 1482 727 1527 petebant,
766 1493 840 1513 non
878 1477 1026 1512 honesta
1065 1477 1218 1517 ratione,

233 1534 293 1568 sed
317 1534 372 1566 vel
397 1531 604 1580 πλεονεξίᾳ,
639 1533 694 1566 vel
720 1530 977 1570 ostentatione,
1017 1528 1103 1562 alias
1125 1529 1218 1561 vole-

233 1586 319 1617 bant
342 1596 425 1628 opes
448 1596 527 1618 suas
551 1596 700 1628 augere,
728 1583 813 1616 alias
838 1581 994 1626 conspici
1017 1593 1118 1614 suam
1141 1592 1218 1623 gra-

235 1636 321 1668 tiam
356 1643 416 1669 aut
454 1635 651 1680 potentiam
694 1634 872 1667 volebant.
924 1632 970 1665 Et
1000 1643 1217 1676 quamquam

234 1687 345 1720 multa
360 1687 407 1733 ²⁷)
443 1686 527 1718 talia
560 1685 821 1729 impetrabant,
855 1690 975 1716 tamen
1001 1682 1130 1716 Caesar
1162 1693 1219 1714 ae-

234 1738 359 1784 quiore
385 1737 506 1770 animo
533 1736 658 1769 tribuit
686 1734 855 1769 beneficia
884 1734 944 1774 iis,
978 1733 1039 1779 qui
1072 1738 1219 1777 propter

233 1788 467 1822 necessariam
484 1787 589 1821 officii
606 1786 782 1820 rationem
801 1786 988 1830 petebant,
1015 1796 1088 1817 non
1105 1783 1217 1816 aulica

236 1839 494 1879 ostentatione,
530 1844 570 1872 ut
592 1850 672 1871 cum
697 1837 825 1883 aliquis
848 1849 914 1881 pro
937 1836 1036 1869 exule
1060 1841 1219 1880 parente,

234 1892 364 1931 fratre,
407 1889 610 1935 propinquo
643 1889 830 1922 laborabat
843 1888 902 1934 ²⁸).
980 1886 1075 1920 Haec
1106 1886 1220 1920 virtus

237 1942 382 1975 decebat
418 1941 523 1974 talem
563 1940 782 1985 principem,
825 1939 1017 1972 concedere
1054 1937 1220 1971 libentius

236 1993 379 2037 pietati,
407 2004 514 2038 quam
532 1991 778 2031 ostentationi,
802 1997 862 2024 aut
877 1989 1076 2022 ambitioni.
1130 1988 1220 2021 Hinc

237 2044 433 2078 instituitur
456 2042 695 2088 syllogismus:
730 2041 769 2075 In
801 2041 961 2074 omnium
991 2040 1221 2084 petitionibus

238 2101 373 2139 spectas
400 2106 537 2133 causas,
573 2100 606 2126 et
628 2093 794 2126 libentius
817 2092 942 2125 tribuis
967 2091 1089 2135 pietati
1113 2104 1218 2136 spiam

241 2145 471 2179 ostentationi
495 2150 555 2177 aut
568 2144 614 2190 ²⁰)
639 2143 845 2181 ambitioni;
882 2144 1128 2187 deprecatores
1155 2155 1219 2186 pro

239 2196 383 2241 Ligario
407 2194 538 2228 babent
560 2195 636 2239 pias
660 2207 802 2235 causas,
834 2194 999 2227 laborant
1025 2206 1089 2238 pro
1113 2195 1221 2226 fratre

239 2248 463 2293 propinquo:
508 2258 590 2290 ergo
618 2243 673 2280 his
702 2246 891 2285 concedas,
928 2251 1069 2277 moveat
1098 2245 1221 2289 pietas,

240 2306 383 2332 moveat
408 2298 634 2342 germanitas.

274 2424 322 2452 27)
344 2424 443 2452 multa]
464 2422 504 2446 sic
521 2420 605 2446 Editt.
622 2420 714 2449 1553.,
735 2419 826 2449 1554.;
849 2418 898 2442 Ed.
920 2418 993 2442 ¹568.
1016 2418 1104 2444 multi.

274 2466 324 2492 25)
342 2465 498 2494 laborabat]
518 2465 558 2488 sic
575 2463 660 2488 Editt.
682 2462 773 2492 ¹553.,
795 2462 886 2493 1554.;
909 2461 957 2486 Ed.
979 2461 1054 2486 1568.
1073 2462 1189 2486 laborat.

275 2507 521 2566 29310stetntationi
538 2507 600 2536 aut]
626 2505 667 2530 sic
691 2505 741 2532 Ed.
762 2505 853 2537 1568.;
876 2503 904 2530 in
922 2503 1007 2529 Editt.
1029 2504 1120 2534 1553.‚
1149 2504 1223 2528 155⁴.

331 2549 398 2567 esun
414 2560 420 2567 .

782 113 903 151 PHIL.
938 112 1050 148 MEL.
1085 110 1288 148 SCRIPTA
1320 112 1655 149 PHILOLOGICA.

2144 114 2243 151 1204

1360 200 1445 245 Cap.
1473 199 1529 235 xl.
1559 199 1589 245 ἓ.
1614 201 1674 235 83.
1707 202 1822 236 Valeat
1848 207 1906 236 lua
1931 213 1997 235 vox
2020 201 2095 245 illa]
2128 200 2243 245 Quar-

1258 258 1332 285 tum
1349 252 1395 298 3⁰)
1429 259 1678 296 argumentum
1709 260 1889 298 sumptum
1923 259 1974 285 est
1995 265 2012 284 a
2039 252 2242 284 conditione

1259 304 1543 348 deprecantium:
1589 303 1716 337 Dixisti
1752 317 1874 337 omnes
1906 309 1938 336 te
1972 309 2242 336 muneraturum

1260 368 1332 388 esse
1355 355 1447 388 inter
1473 361 1552 388 tuos
1564 381 1572 394 ,
1596 355 1657 401 qui
1675 366 1749 388 non
1763 362 1886 388 contra
1904 361 1937 387 te
1954 366 2052 387 arma
2070 360 2243 397 gererent.

1260 406 1306 440 Ili
1336 408 1582 450 deprecatores
1612 406 1742 451 partim
1773 413 1887 440 tecum
1918 406 2080 445 fuerunt,
2114 404 2243 449 partim

1262 470 1334 491 non
1357 464 1538 501 gesseruut
1568 469 1666 490 arnna
1691 464 1812 490 contra
1842 464 1892 497 te,
1918 469 2067 503 eamque
2094 456 2138 488 ob
2165 468 2245 489 cau-

1262 522 1336 543 sam
1361 522 1425 542 nos
1451 509 1661 553 Pompeiani
1689 509 1942 542 minitabantur
1965 508 2024 542 cis.
2077 507 2171 551 Ergo
2196 506 2248 540 tui

1263 567 1365 601 suut,
1409 571 1448 592 ac
1478 559 1593 603 digni,
1633 560 1761 606 quibus
1790 561 1936 594 fratrem
1971 560 2100 599 dones,
2149 558 2247 591 cuius

1263 612 1385 645 suisset
1409 612 1526 644 sutura
1552 612 1675 644 eadem
1700 624 1819 651 mens,
1851 611 1879 645 si
1904 610 2001 644 domi
2023 610 2154 644 fuisset.
2210 607 2246 641 ld

1264 660 1388 701 πάθος
1425 669 1629 706 exaggerat:
1674 663 1780 707 Quod
1811 662 1839 696 si
1872 662 2012 706 penitus
2049 660 2246 705 perspicere

1265 726 1384 759 posses
1409 713 1637 747 concordiam
1661 713 1910 758 Ligariorum,
1939 719 2002 746 etc.

1368 765 1543 810 Quintum
1557 764 1604 810 a¹)
1635 772 1816 810 sumptum
1849 771 1900 799 est
1929 777 1970 798 ex
1995 761 2250 797 necessitudine

1267 816 1421 850 consulis
1449 822 1483 849 et
1515 816 1723 861 quaestoris.
1810 815 1912 849 More
1944 814 2055 848 veteri
2085 819 2250 859 quaestor

1268 874 1340 900 erat
1365 867 1500 900 consuli
1522 867 1582 900 lilii
1607 869 1702 905 loco;
1730 868 1863 911 Ligarii
1880 869 1988 900 frater
2004 866 2068 900 suit
2085 870 2251 910 quaestor

1269 918 1441 957 Caesaris,
1457 919 1594 951 fidelior
1609 931 1716 964 quain
1732 918 1872 959 caeteri,
1891 916 1980 951 nibil
1997 924 2078 950 tunc
2095 922 2251 960 captans,

1268 971 1327 1004 sed
1355 969 1547 1002 liberaliter
1571 969 1781 1004 inserviens:
1823 982 1933 1016 quare
1959 981 2052 1002 nunc
2073 966 2104 1000 ei
2131 966 2250 1011 aliqua

1269 1021 1379 1064 gratia
1408 1021 1587 1053 reddenda
1613 1027 1682 1060 est,
1716 1021 1923 1065 praesertim
1955 1033 2028 1052 rem
2062 1018 2157 1063 piam
2192 1029 2249 1060 pe-

1270 1072 1376 1110 tenti,
1405 1070 1566 1104 videlicet
1588 1072 1707 1105 fratris
1732 1071 2005 1106 restitutionem.

1372 1122 1514 1155 Sextum
1523 1122 1569 1168 32)
1586 1123 1630 1155 ab
1648 1123 1808 1168 exemplo
1826 1121 2059 1156 restitutionis
2073 1117 2250 1153 Marcelli:

1270 1179 1308 1206 ut
1338 1172 1374 1206 in
1409 1173 1504 1206 curia
1546 1173 1744 1218 exemplum
1786 1173 1993 1207 clementiae
2034 1168 2253 1217 principibus

1271 1224 1483 1269 praebuisti,
1520 1224 1568 1257 ita
1599 1237 1693 1258 nunc
1723 1226 1869 1259 caeteris
1899 1224 2083 1258 ordinibus
2113 1221 2150 1254 in
2172 1220 2252 1253 foro

1270 1276 1444 1316 declares,
1478 1282 1511 1309 te
1534 1276 1664 1310 civium
1688 1276 1838 1310 salutem
1870 1277 2046 1309 anteferre
2079 1280 2158 1306 tuae
2184 1271 2251 1303 ira-

1271 1326 1432 1361 cundiae.
1517 1326 1562 1360 Et
1590 1328 1734 1362 additur
1764 1328 1875 1362 ratio:
1924 1328 1961 1361 Si
1995 1327 2051 1360 ille
2080 1324 2154 1358 dies
2187 1321 2252 1355 tibi

1271 1377 1445 1422 gloriosus
1466 1377 1551 1418 fuit,
1587 1379 1670 1424 quia
1697 1391 1834 1413 summa
1860 1379 1970 1424 gloria
1996 1384 2047 1411 est
2072 1376 2252 1419 ignoscere

1271 1429 1416 1463 civibus.
1469 1428 1594 1463 Ratio:
1628 1430 1722 1475 Quia
1737 1430 1784 1476 ⁸³)
1814 1430 1974 1470 bonitas,
2010 1424 2253 1462 misericordia

1271 1481 1399 1514 debent
1415 1481 1570 1513 eminere
1586 1481 1678 1515 inter
1701 1488 1855 1516 caeteras
1870 1481 2017 1515 virtutes
2032 1487 2254 1514 summorum

1273 1532 1494 1576 principum,
1531 1544 1570 1565 ac
1594 1533 1733 1566 vincere
1759 1533 1846 1567 iuris
1869 1532 2107 1578 asperitatem.
2161 1527 2256 1560 Haec

1272 1583 1362 1616 ratio
1386 1596 1427 1616 ex
1448 1584 1527 1616 loco
1552 1583 1734 1617 communi
1754 1591 1894 1628 sumpta
1914 1590 1983 1623 est,
2010 1583 2052 1616 (le
2068 1579 2256 1614 collatione

1272 1634 1443 1667 virtutum
1459 1634 1496 1667 in
1512 1634 1596 1669 viris
1613 1635 1828 1679 potentibus.
1880 1635 2068 1668 Fortitudo
2084 1638 2134 1665 est
2149 1630 2256 1673 digua

1270 1685 1374 1718 laude
1391 1685 1428 1717 in
1438 1685 1615 1729 Scipione,
1637 1692 1672 1719 et
1688 1686 1782 1720 utilis
1799 1686 2031 1731 reipublicae;
2057 1684 2116 1717 sed
2132 1679 2255 1725 eiusffl)

1271 1736 1412 1770 bonitas
1443 1736 1578 1780 gratior
1613 1743 1664 1771 est
1693 1737 1862 1781 privatis,
1904 1737 1988 1783 quia
2026 1747 2099 1768 non
2139 1732 2254 1766 solum

1272 1787 1421 1832 publicis
1455 1787 1651 1827 beneficiis,
1695 1789 1756 1822 sed
1796 1788 1902 1821 etiam
1938 1786 2086 1832 privatis
2125 1783 2256 1817 inultos

1274 1838 1442 1872 cumulat.
1501 1839 1546 1872 Et
1577 1839 1613 1871 in
1646 1837 1719 1879 his,
1758 1851 1911 1884 quorum
1945 1837 2102 1883 potentia
2133 1834 2256 1869 sormi-

1274 1889 1400 1923 dabilis
1424 1895 1491 1930 est,
1525 1889 1554 1923 si
1580 1890 1734 1923 emineat
1755 1890 1916 1931 bonitas,
1944 1889 2062 1923 multis
2088 1894 2140 1921 est
2165 1885 2256 1920 salu-

1274 1941 1378 1981 taris,
1405 1946 1439 1973 et
1463 1940 1586 1984 ingens
1614 1943 1720 1974 decus
1745 1948 1806 1975 est.

1376 1991 1462 2036 Cap.
1486 1991 1559 2026 ΧΠ.
1589 1991 1618 2037 ἓ.
1637 1992 1697 2026 38.
1725 1994 1926 2036 Lonyiorem
1943 1989 2141 2034 orationem]
2168 1988 2254 2021 Bre-

1275 2042 1437 2077 vissimus
1463 2044 1622 2088 epilogus
1644 2050 1712 2084 est,
1748 2045 1945 2077 verecunde
1972 2042 2178 2088 praecidens
2203 2046 2255 2073 to-

1275 2101 1347 2127 tam
1374 2095 1593 2135 orationem,
1621 2101 1655 2128 et
1671 2095 1825 2128 breviter
1841 2096 2036 2128 admonens
2055 2094 2255 2130 Caesarem,

1275 2152 1313 2179 ut
1342 2159 1442 2180 suani
1475 2146 1687 2191 sapientiam
1721 2153 1755 2179 et
1786 2147 1983 2180 bonitatem
2021 2143 2187 2179 adhibeat
2220 2143 2256 2175 in

1275 2197 1473 2232 consilium.

1310 2333 1357 2361 ³0)
1380 2333 1526 2362 Quartum]
1545 2331 1593 2356 Ed.
1618 2331 1709 2355 1568:
1728 2332 1752 2355 4.
1773 2332 1915 2361 Quartum.

1310 2377 1358 2405 31)
1379 2375 1521 2406 Quintum]
1540 2375 1588 2399 Ed.
1610 2374 1700 2400 156&
1719 2374 1744 2398 5.
1764 2374 1901 2404 Quintum.

1311 2419 1358 2448 32]
1378 2420 1504 2447 Sextum]
1523 2418 1572 2442 Ed.
1594 2417 1686 2441 1568:
1705 2417 1729 2442 6.
1749 2418 1868 2441 Sextum.

1311 2462 1361 2490 33)
1381 2461 1464 2500 Quia]
1483 2461 1524 2485 sic
1540 2459 1623 2484 Editt.
1646 2459 1730 2491 1554„
1752 2459 1842 2489 1568.;
1861 2459 1909 2483 Ed.
1924 2459 1998 2484 1553.
2017 2464 2115 2484 errore
2132 2461 2258 2491 typogn:

1373 2502 1408 2519 ul.

1312 2497 1369 2567 34?
1379 2537 1453 2568 eius]
1473 2536 1513 2562 sic
1532 2536 1615 2562 Editt.
1638 2535 1730 2565 ¹553„
1751 2535 1842 2566 155⁴.;
1860 2534 1887 2559 iu
1907 2535 1955 2560 Ed.
1977 2536 2050 2561 1568.
2071 2536 2156 2562 deest.
