2347 3000
222 125 296 162 299

223 214 306 245 dum
326 217 387 244 est.
440 208 544 242 Unde
562 214 595 240 et
610 205 677 240 hoc
693 205 870 250 sequitur,
898 202 1079 235 ordinatas
1101 201 1209 233 actio-

223 275 285 296 nes
303 260 577 306 praestantiores
595 270 679 297 esse,
703 269 809 301 quam
829 255 913 287 alias
930 254 1098 292 actiones,
1121 264 1211 297 quae

225 315 269 347 al)
305 312 359 346 his
388 311 524 345 notitiis
554 308 775 342 naturalibus
806 304 1029 338 dissentiunt.
1095 303 1212 337 Porro

227 378 305 399 cum
323 362 529 397 Aristoteles
544 360 705 393 nominat
723 357 897 390 actionem
923 355 1115 389 secundum
1144 355 1214 387 x‘ir-

228 423 359 454 tutem,
386 412 551 455 intelligit
566 411 753 447 actionem,
782 420 872 452 quae
889 413 982 440 recta
998 406 1136 439 ratione
1153 419 1214 450 gu—

226 469 417 505 bernatur,
451 476 558 509 quam
585 459 771 505 aliquoties
796 459 866 491 iam
892 457 1096 491 wem-imus
1121 457 1215 490 ordi-

229 525 370 556 natam,
397 522 435 548 ut
451 520 570 559 postea
589 511 691 544 latius
707 510 854 544 dicetur.

318 567 445 600 Addita
463 570 513 602 est
529 563 631 596 tertia
650 561 843 606 particula:
872 560 1074 594 Secundum
1093 570 1216 592 omnes

230 621 394 657 xirtutes,
417 622 477 649 aut
493 613 699 659 praecipuas
716 619 750 645 et
769 613 1013 651 confirmatas,
1041 617 1075 645 et
1091 611 1127 643 in
1145 610 1215 642 vita

229 671 395 716 perfecta.
456 665 532 700 Etsi
555 665 649 698 enim
675 664 712 696 in
733 664 876 698 Nerone
903 669 1005 696 erant
1029 659 1216 694 inchoatae

231 722 396 758 virtutes,
429 724 550 751 tamen
572 716 655 761 quia
680 727 753 748 non
777 716 919 748 fuerunt
943 713 1140 753 durabiles,
1168 724 1218 745 se-

231 770 414 818 quentium
430 768 645 812 flagitiorum
662 766 811 799 foeditas
830 765 1030 809 turpissime
1055 777 1135 797 eum
1161 764 1219 795 de-

230 821 411 857 formavit.
472 820 520 853 Ut
543 825 660 852 autem
680 818 725 851 sit
746 819 847 850 firma
874 817 1002 856 ximus,
1038 822 1072 849 et
1098 815 1220 847 adsue—

231 874 384 908 sactione
404 871 571 904 diuturna
590 876 624 902 et
649 875 761 901 aetate
786 881 874 913 opus
900 875 970 909 est,
1005 879 1048 899 ne
1079 864 1220 899 habitus

231 925 332 959 facile
352 924 407 956 vel
426 921 640 959 excutiatur,
668 920 723 952 vel
742 925 937 953 exauescat.
984 917 1110 961 Ingens
1127 917 1220 950 enim

233 977 286 1010 vis
321 982 372 1009 est
408 975 443 1006 in
478 980 665 1016 utramque
703 978 840 1016 partein
877 968 1141 1003 consuetudinis
1186 968 1222 1000 in

234 1028 369 1066 diaeta,
405 1031 438 1058 et
460 1025 496 1056 in
519 1023 699 1062 moribus,
727 1029 766 1055 ut
791 1022 941 1066 septimo
958 1019 1222 1065 Ethicorumffi)

235 1079 380 1113 dieitur:
420 1075 648 1109 Consuetudo
666 1080 716 1107 est
733 1074 842 1106 altera
860 1079 1001 1106 natura.
1049 1069 1221 1116 Ἐπίκτη-

234 1143 296 1170 τος
313 1125 434 1176 φύσις.

406 1200 588 1250 Πάρεργα
616 1201 717 1245 plura
747 1213 854 1246 quam
884 1198 1060 1247 Z‘yyoc.]2³)

337 1265 515 1298 Hactenus
547 1261 753 1294 Aristoteles
796 1259 937 1303 collegit
981 1257 1224 1291 definitionem

235 1315 464 1351 beatitudinis
476 1340 485 1353 ,
512 1324 618 1358 quam
635 1311 817 1344 constituit
834 1322 906 1344 esse
926 1309 1102 1342 actionem
1117 1307 1225 1340 ratio-

235 1369 290 1402 nis
325 1366 518 1401 secundum
554 1363 783 1407 praecipuam
820 1362 987 1394 virtutem
1023 1360 1058 1392 in
1100 1365 1225 1398 aetate,

237 1431 327 1466 quae
359 1418 430 1450 iam
462 1414 646 1448 maturuit.
713 1414 839 1446 Postea
866 1412 1072 1445 Aristoteles
1096 1411 1225 1443 iterum

238 1472 427 1507 admonet,
452 1478 525 1499 non
542 1476 681 1508 semper
700 1463 1020 1497 demonstrationes
1036 1462 1073 1494 in
1091 1459 1226 1493 Eihicis

238 1520 448 1565 flagitandas
471 1529 562 1556 esse,
590 1517 650 1549 sed
673 1515 918 1548 constituenda
943 1526 1014 1547 esse
1039 1518 1225 1557 praecepta

238 1571 281 1608 τὸ
304 1570 379 1612 ὅτι,
415 1580 568 1614 quorum
587 1567 637 1600 vis
654 1573 687 1599 et
702 1566 834 1600 utilitas
851 1565 981 1598 lucebit
999 1565 1034 1596 in
1052 1564 1122 1596 x‘ita
1141 1563 1226 1596 etin

240 1622 457 1659 actionibus,
483 1626 521 1653 ut
544 1618 595 1651 rei
617 1618 779 1650 militaris
805 1622 991 1660 praecepta
1018 1616 1054 1647 in
1078 1614 1150 1647 otio
1177 1614 1231 1647 vi-'

241 1677 371 1709 dentur
387 1671 476 1705 levia
498 1677 531 1703 et
548 1669 710 1714 puerilia.
771 1668 838 1701 Sed
863 1668 899 1700 in
924 1679 989 1700 usu
1013 1665 1228 1710 conspicitur

239 1726 392 1763 utilitas,
421 1729 454 1755 et
479 1720 692 1765 experientia
722 1719 795 1763 ipsa
819 1718 1128 1762 praeceptionum,
1154 1728 1228 1749 ma-

242 1789 350 1822 gnum
378 1775 482 1807 decus
505 1773 628 1805 adfert.
697 1770 748 1803 Ac
775 1770 872 1802 iubet
892 1769 1098 1802 Aristoteles
1126 1767 1229 1800 vitari

243 1828 373 1861 otiosas
402 1823 676 1869 disputationes,
727 1827 760 1853 et
793 1820 890 1854 addit
920 1820 1055 1864 insigne
1084 1819 1229 1858 dictum,

242 1878 438 1913 caxendum
467 1887 537 1908 esse
572 1886 615 1906 ne
649 1872 841 1905 accessoria
872 1871 942 1905 sint
972 1871 1129 1909 maiora,
1170 1875 1231 1902 aut

243 1931 346 1975 plura
368 1940 474 1973 quam
499 1924 704 1970 principalis
729 1923 910 1962 doctrina,
944 1929 984 1955 ut
1009 1934 1112 1966 saepe
1134 1921 1171 1953 fit
1194 1920 1231 1952 in

244 1982 328 2014 vita.
390 1979 518 2021 Magna
548 1989 629 2009 cura
656 1981 786 2015 xestes,
823 1974 1029 2013 comitatus,
1065 1983 1231 2016 pompae,

245 2039 279 2066 et
322 2029 449 2064 similia
492 2034 661 2060 curantur
677 2053 685 2065 ,
739 2024 950 2070 principalia
991 2024 1230 2067 negliguntur.

244 2083 381 2116 Deinde
408 2079 505 2113 addit
528 2079 749 2111 dialecticum
779 2082 1007 2121 praeceptum
1032 2076 1075 2108 de
1101 2074 1231 2118 princi-

245 2133 388 2180 piis‘27’),
424 2143 513 2176 quae
540 2137 621 2163 sunt
649 2135 773 2161 natura
799 2134 902 2164 nota,
944 2127 1003 2160 sed
1026 2132 1146 2159 tamen
1172 2126 1232 2157 ad-

244 2184 401 2219 hibenda
427 2188 477 2215 est
503 2182 676 2226 quaedam
703 2178 1009 2212 coim‘nonefactiO.
1077 2175 1159 2209 Ideo
1184 2176 1233 2208 ait

246 2234 420 2270 declarari
448 2232 641 2277 principia,
685 2231 739 2263 vel
765 2230 990 2269 inductione,
1028 2228 1082 2260 x‘el
1116 2239 1232 2267 sensu,

247 2288 302 2321 xel
318 2284 613 2319 consuefartione.
658 2282 747 2316 »Nam
765 2281 954 2314 moralium
973 2279 1231 2324 principiorum

247 2338 375 2372 veritas
390 2336 541 2369 maxime
559 2336 595 2368 fit
614 2333 793 2377 perspicua
814 2331 1109 2369 consuesactione,
1126 2342 1231 2375 quan]

247 2387 395 2434 pulchra
428 2399 482 2419 res
515 2386 559 2419 sit
591 2384 846 2429 temperantia,
895 2396 955 2416 seu
985 2382 1233 2419 mansuetudo,

249 2438 531 2473 consuefactione
549 2437 703 2469 discitur.
747 2435 878 2480 Estque
897 2433 954 2467 hie
972 2433 1232 2467 observandum

248 2492 398 2524 dictum:
435 2488 654 2532 Principium
679 2486 867 2519 dimidium
893 2485 1012 2518 totius.
1074 2484 1234 2528 Amplifi-

282 2591 332 2618 23)
352 2588 523 2614 Ethitorunl]
545 2587 583 2608 sic
602 2587 648 2608 Ed.
672 2586 762 2609 1548:
791 2585 840 2608 Ed.
863 2585 934 2609 1545.
955 2585 1057 2608 Ethico.
1083 2599 1115 2604 —
1156 2582 1233 2607 Cous.

319 2625 432 2650 Aristot.
456 2622 512 2644 hui.
531 2621 586 2644 Nic.
607 2621 622 2643 l.
636 2620 659 2643 7.
679 2629 701 2643 t.
715 2621 738 2643 ὃ.
760 2620 785 2649 S.
801 2620 825 2643 3.

284 2658 417 2685 2421...1.
441 2656 495 2679 1.1.
515 2663 537 2677 c.
551 2655 573 2677 7.
596 2655 622 2682 S.
641 2654 677 2677 19.

285 2694 332 2720 ⁴25)
354 2693 379 2714 tn
402 2691 480 2714 tamt.
504 2689 587 2711 1530..
612 2688 681 2711 1532,
703 2691 729 2710 et
751 2688 824 2711 1535.
845 2688 910 2711 haec
930 2687 1095 2710 scholiorum
1113 2692 1177 2716 pars
1194 2686 1235 2709 in-

322 2731 421 2756 sci-‚pm
444 2726 499 2747 tat:
527 2724 564 2746 lae
585 2723 732 2751 51‘11115522125.

493 119 694 155 SCRIPTA
719 119 793 154 PH.
822 117 933 152 MEL.
959 116 1024 150 AD
1051 113 1260 151 ETHICEN
1291 116 1355 150 ET
1382 115 1639 152 POLITICE'N
1668 116 1978 152 SPECTANTIA.

2178 121 2253 156 300

1265 203 1356 235 catio
1373 209 1490 236 autem
1507 203 1626 237 addita
1644 210 1695 238 est
1712 216 1730 236 a
1748 204 1898 237 Platone
1917 203 2009 237 libro
2027 211 2124 238 sexto
2145 206 2188 238 de
2206 206 2252 240 le-

1267 254 1378 297 gibus.
1436 254 1537 287 Hanc
1559 255 1767 289 Aristoteles
1785 253 1853 288 liuc
1879 256 2078 296 transtulit,
2113 262 2153 289 ut
2177 269 2253 291 mu-

1268 311 1387 337 tuatur
1410 304 1588 338 interdum
1610 307 1759 350 insignia
1785 307 1877 339 dicta
1895 307 2067 341 Platonis.
2128 307 2255 340 Memi-

1267 356 1359 388 nerit
1374 362 1491 389 autem
1508 357 1684 391 studiosus
1700 356 1791 391 lianc
1806 358 2032 398 sententiam,
2059 365 2092 390 et
2109 365 2257 403 propter

1269 413 1510 447 xenustatem,
1554 415 1588 441 et
1614 409 1696 453 quia
1721 407 1904 449 hortatur,
1937 416 1977 443 ut
2004 409 2178 454 principia
2202 421 2259 443 ar-

1269 459 1355 491 tiiuu
1368 485 1377 498 ,
1405 458 1530 491 ordine
1546 465 1579 492 et
1594 466 1687 491 recte
1705 459 1899 499 diseamus,
1932 474 2041 506 quae,
2077 460 2144 494 nisi
2162 466 2256 494 recte

1270 510 1531 555 percipiantur,
1558 510 1595 543 in
1616 510 1762 544 caeteris
1782 511 1932 555 turpiter
1951 512 2140 546 errabitur.

1593 610 1730 664 Caput
1747 610 1933 664 V111.²⁶).

1373 692 1478 726 Initio
1496 694 1722 726 acommodat
1747 694 1791 726 ad
1817 707 1916 727 suam
1939 695 2149 728 sententiam
2166 695 2260 729 dicta

1272 750 1452 785 veterum,
1480 751 1519 777 ut
1540 746 1726 778 confirmet
1751 746 1994 778 definitionem
2018 746 2261 787 beatitudinis,

1273 807 1380 841 quam
1399 795 1563 836 tradidit,
1588 803 1628 829 ut
1651 808 1840 830 consensus
1866 798 2047 837 ostendat,
2075 795 2164 830 nihil
2188 810 2260 832 esse

1274 847 1500 880 absurditatis
1520 847 1556 880 in
1576 845 1640 880 hac
1659 848 1843 881 sententia.
1898 848 2011 882 Sumit
2037 855 2153 881 autem
2181 860 2263 893 par-

1274 898 1435 931 titionem
1459 899 1639 932 bonorum
1659 911 1677 931 a
1696 899 1893 939 seli-ribus,
1922 906 1954 932 et
1972 912 2011 932 cx
2028 897 2093 932 liae
2110 900 2264 933 ostendit

1276 962 1334 983 eos
1352 950 1502 983 voluisse
1520 948 1608 990 hoc,
1636 951 1732 996 quod
1750 951 1881 983 dictum
1908 957 1977 991 est,
2003 951 2263 984 beatitudinem

1275 1013 1347 1034 esse
1372 1001 1549 1034 actionem
1565 1001 1717 1035 virtutis.
1784 1002 1946 1035 Secundo
1974 1002 2095 1035 inserit
2118 1003 2263 1035 brevem

1276 1052 1560 1092 annotationem,
1588 1054 1683 1098 quod
1701 1053 1882 1085 beatitudo
1898 1065 1970 1085 non
1989 1053 2029 1086 sit
2050 1053 2183 1087 otiosus
2200 1051 2265 1086 ha-

1276 1104 1389 1143 bitus,
1417 1105 1475 1136 sed
1495 1104 1599 1137 actio.
1652 1103 1793 1136 Tertio:
1824 1104 1917 1148 Quia
1936 1104 1972 1136 in
1991 1103 2182 1147 partitione
2200 1104 2263 1138 bo-

1277 1166 1405 1187 norum
1433 1155 1471 1187 fit
1497 1153 1631 1187 mentio
1658 1154 1915 1194 iucundorum,
1958 1155 2055 1187 addit
2080 1155 2186 1188 etiam
2213 1155 2265 1188 iu-

1278 1205 1529 1238 cundissimam
1548 1217 1620 1238 esse
1639 1205 1777 1239 virtutis
1800 1206 1974 1238 actionem
1988 1232 1997 1246 ,
2029 1206 2191 1239 xidelicet
2211 1206 2265 1247 iis,

1278 1255 1340 1301 qui
1364 1256 1504 1289 virtutis
1535 1253 1836 1300 pulchritudinem
1868 1257 2007 1296 vident,
2050 1263 2089 1289 ut
2119 1257 2263 1291 dicitur:

1277 1305 1393 1351 Ignoti
1422 1308 1519 1340 nulla
1545 1307 1692 1351 cupido,
1734 1314 1766 1340 et
1796 1309 1840 1339 ad
1867 1320 1944 1340 eam
1967 1308 2150 1341 assuefacti
2172 1314 2265 1342 sunt.

1279 1359 1417 1403 Quarto
1435 1365 1557 1392 monet
1574 1359 1763 1402 gubernari
1782 1358 1921 1392 virtutis
1938 1359 2111 1391 actionem
2131 1372 2149 1391 a
2169 1365 2265 1392 recta

1278 1409 1428 1443 ratione.
1482 1409 1576 1442 Haec
1594 1416 1644 1443 est
1664 1410 1757 1442 enim
1775 1410 1894 1453 regula
1920 1416 1953 1443 et
1974 1410 2119 1454 propria
2148 1422 2266 1450 causa,

1279 1473 1340 1494 cur
1362 1461 1451 1493 actio
1477 1461 1539 1500 sit,
1574 1467 1607 1493 et
1629 1461 1768 1493 dicatur
1791 1458 1959 1501 honesta,
1996 1461 2030 1493 id
2054 1468 2124 1501 est,
2158 1467 2266 1502 recta,

1280 1518 1313 1544 et
1333 1518 1480 1545 naturae
1507 1512 1731 1545 conveniens.
1794 1511 1929 1556 Quinto
1958 1512 2055 1544 addit
2079 1525 2167 1556 opus
2193 1524 2265 1545 esse

1280 1562 1439 1607 'eorporis
1459 1569 1492 1596 et
1508 1564 1672 1596 fortunae
1687 1563 1802 1602 bonis,
1825 1569 1994 1608 tanquam
2012 1563 2267 1597 instrumentis.

1623 1671 1755 1725 Caput
1774 1670 1924 1726 lx.·²⁷).

1384 1754 1582 1787 Constituta
1610 1754 1834 1793 definitione,
1875 1754 2014 1800 quaerit
2038 1755 2132 1787 unde
2155 1752 2269 1788 homi-

1281 1819 1342 1839 nes
1366 1807 1607 1850 adsequantur
1630 1805 1905 1845 beatitudiuem,
1948 1818 1993 1837 an
2017 1805 2187 1839 divinitus
2209 1806 2269 1838 de-

1282 1864 1359 1896 tur,
1387 1870 1431 1889 an
1454 1863 1596 1900 paretur
1617 1854 1772 1889 humana
1798 1856 1998 1900 diligentia,
2034 1869 2080 1889 an
2105 1869 2187 1890 casu
2211 1869 2269 1890 ve-

1282 1908 1369 1941 niat.
1423 1908 1544 1940 Ardua
1569 1908 1728 1952 quaestio
1753 1914 1823 1946 est,
1858 1908 1921 1941 etsi
1947 1907 1981 1939 in
2005 1905 2070 1940 hac
2096 1908 2268 1941 tenuitate

1283 1959 1457 1993 sermonis
1475 1959 1708 1998 Aristotelici,
1736 1958 1846 1991 lector
1861 1971 1935 1991 non
1955 1959 2177 1999 admonitus,
2211 1959 2270 1992 vix

1284 2011 1413 2054 cogitet
1431 2017 1563 2056 quanta
1578 2011 1619 2043 de
1637 2022 1673 2042 re
1691 2015 1827 2052 agatur.
1872 2009 1998 2054 Ingens
2016 2017 2064 2043 est
2082 2009 2270 2044 infirmitas

1283 2060 1491 2101 hominum,
1532 2062 1643 2094 virtus
1674 2061 1856 2095 imbecillis
1889 2068 1922 2094 et
1958 2062 2082 2105 fugax,
2125 2062 2269 2094 fortuna

1285 2126 1368 2146 vero
1389 2114 1501 2147 multo
1518 2113 1688 2156 fragilior.
1742 2112 1845 2145 Multi
1869 2113 1929 2145 diu
1948 2113 2115 2146 florentes
2137 2113 2267 2145 virtute

1286 2171 1317 2198 et
1335 2165 1444 2208 gloria
1457 2191 1466 2205 ,
1495 2165 1540 2197 ad
1558 2171 1752 2196 extremum
1770 2164 1837 2208 ipsi
1860 2176 1932 2197 sese
1955 2165 2270 2203 dedecoraverunt,

1285 2223 1323 2249 ut
1341 2217 1561 2255 Alexander,
1588 2215 1735 2248 Marius.
1784 2215 1856 2247 Alii
1880 2228 1954 2248 non
1978 2215 2104 2248 amissa
2127 2214 2270 2255 virtute,

1286 2280 1304 2299 a
1339 2269 1482 2300 fortuna
1515 2267 1644 2299 deserti
1673 2273 1772 2307 sunt,
1814 2273 1852 2299 ut
1882 2265 2092 2310 Pompeius,
2135 2265 2269 2299 Cicero.

1286 2319 1356 2351 Alii
1382 2319 1435 2351 vel
1459 2318 1595 2363 ignavi,
1622 2318 1676 2350 vel
1702 2317 1873 2362 improbi,
1908 2317 2101 2349 faciliorem
2129 2329 2269 2350 cursum

1287 2377 1319 2403 et
1354 2372 1533 2404 fortunam
1567 2370 1790 2414 aequiorem,
1835 2375 1868 2401 et
1891 2367 2002 2402 exitus
2023 2368 2181 2412 placidos
2207 2365 2269 2401 ha-

1286 2422 1459 2461 buerunt,
1486 2428 1525 2454 ut
1546 2420 1722 2454 Tiberius.
1781 2420 1817 2453 Si
1842 2432 1980 2462 semper
2003 2420 2190 2453 sceleratos
2214 2432 2271 2452 co·

1287 2473 1499 2506 nutarentur
1525 2484 1663 2516 poenae
1691 2478 1723 2504 et
1750 2470 1914 2504 virtutem
1939 2482 1994 2504 res
2018 2471 2211 2510 secundae,
2237 2477 2272 2503 et

1321 2573 1368 2603 26)
1389 2574 1417 2596 ln
1437 2573 1519 2597 Editt.
1538 2573 1612 2597 1532.
1632 2574 1659 2596 et
1680 2571 1754 2596 1535.
1772 2571 1852 2595 huius
1878 2572 1975 2602 capitis
2001 2571 2105 2596 scholia
2131 2573 2214 2601 (quae
2237 2572 2271 2595 ab

1356 2609 1404 2631 hac
1419 2609 1537 2632 editione
1549 2608 1660 2631 diversa
1672 2607 1751 2631 sunt]
1766 2606 1942 2635 inscriptione
1962 2609 2073 2636 carent,
2090 2606 2176 2630 inEd.
2198 2605 2270 2630 1530.

1358 2643 1489 2673 inscripta.
1508 2644 1586 2665 sunt:
1616 2641 1725 2665 scholia
1748 2646 1805 2670 cap.
1824 2641 1891 2663 uu.

1321 2685 1367 2711 27)
1390 2686 1540 2709 Editionum
1569 2684 1658 2709 15:10..
1687 2683 1760 2706 1532.
1781 2685 1807 2706 et
1831 2683 1903 2707 1535.
1930 2683 2074 2713 explicatio
2101 2683 2178 2706 huius
2202 2687 2271 2712 can,

1357 2723 1389 2743 at»
1410 2721 1457 2743 tiae
1477 2720 1541 2743 edit.
1562 2719 1672 2742 diversa
1691 2718 1822 2747 iuscripta
1843 2721 1899 2741 est:
1927 2718 2036 2742 Scholia
2054 2718 2149 2748 capitis
2169 2716 2215 2741 tx.
