2347 3000
79 104 179 142 1145

79 192 265 232 constitui,
301 192 521 236 comparari,
555 191 691 227 haberi.

79 242 315 290 Chrysogoni.
374 243 458 277 Fuit
481 245 631 279 sortasse
653 245 863 289 interposita
892 245 1069 290 quaedam

77 295 268 339 descriptio
290 306 432 328 morum
452 301 486 328 et
503 295 605 330 luxus
624 293 859 341 Chrysogoni.

183 346 268 390 Cap.
283 344 404 379 XLVI.
432 344 567 390 §.182
594 344 743 394 Habere]
776 348 811 380 id
827 354 896 387 est,
924 347 1069 392 quidam

77 397 215 430 nobiles
229 397 318 429 bene
334 397 388 440 agi
407 409 525 431 secum
543 405 690 442 putant,
717 399 744 432 si
768 396 902 431 habent
925 397 1069 442 praedia

79 448 184 482 etiam
207 448 343 492 procul.
421 446 628 496 salentinis]
658 450 691 482 id
711 456 781 489 est,
810 451 845 482 iu
861 449 984 483 ultima
1008 461 1070 481 ora

77 498 213 532 Italiae.

182 548 212 594 5.
232 550 314 584 133.
347 548 462 598 Alter]
491 552 624 585 scilicet
648 549 912 596 Chrysogonus.

78 601 305 634 collationem
324 601 471 635 alicuius
491 603 620 636 nobilis
636 609 669 635 et
680 600 914 647 Chrysogoni.

76 650 260 700 urbanum]
297 652 427 685 scilicet
449 655 529 686 urbi
559 654 726 687 vicinum.
832 655 920 686 Vasa
949 652 1072 685 corin-

74 700 226 750 thiteva]
253 703 385 736 scilicet
401 705 547 751 s11cta‘25)
569 718 609 738 ex
626 717 727 744 auro,
754 710 914 747 argento,
941 709 974 735 et
992 714 1071 735 aere

77 755 223 788 confuso
240 755 395 793 fuerunt,
425 756 520 800 quia,
549 769 627 789 cum
642 753 834 789 Corinthus
852 754 919 787 fuit
938 766 1071 793 eversa,

78 818 135 839 aes
153 805 220 839 fuit
238 807 436 840 confusum.
515 804 701 854 Authepsa]
725 818 858 839 nomen
876 804 986 843 vasis,
1015 818 1072 847 ge-

76 855 196 890 macht
220 857 353 896 Silber‚
399 858 442 890 ab
473 856 585 897 αὐτὸς
618 858 690 902 ipse
714 854 778 891 καὶ
796 857 924 903 αἴψον,
951 856 985 887 id
1010 862 1072 895 est,

79 915 216 941 coctum
229 935 238 947 ,
267 910 362 953 quod
380 921 443 951 per
461 921 495 941 se
513 915 649 942 coctum
666 915 701 941 et
716 910 846 941 sactum
865 914 928 947 est,
957 907 990 939 id
1010 913 1072 946 est,

75 965 201 1004 sponte
224 966 348 992 natum
359 959 426 1005 26),
452 960 507 992 die
534 958 607 993 sich
632 961 678 993 im
700 959 785 992 Ertz
811 959 917 992 selhst
948 959 1071 1002 geben,

76 1011 146 1044 wie
164 1010 201 1043 in
216 1011 279 1043 der
293 1008 473 1043 Schlesien
491 1012 546 1044 die
565 1012 703 1055 Tijpss‘e.
758 1009 935 1044 Describit
950 1010 1070 1043 luxum

75 1062 344 1107 improborum,
374 1062 501 1106 quihus
520 1063 667 1095 victoria
687 1062 848 1108 quaestui
866 1061 943 1094 suit.

181 1112 210 1156 5.
229 1111 313 1146 135.
347 1110 485 1159 Vereor]
506 1114 604 1159 quasi
624 1115 734 1147 dicat:
765 1114 845 1147 Non
863 1112 954 1152 dico,
977 1112 1072 1156 qnod

75 1165 218 1210 iniquus
238 1164 302 1196 sim
325 1164 506 1198 victoriae.

179 1215 264 1259 Cap.
284 1214 421 1249 XLVII.
458 1214 593 1259 §.135
643 1217 766 1261 Tenui]
807 1217 864 1248 siir
889 1215 991 1247 einen
1016 1226 1071 1257 ge-

75 1266 201 1310 ringen
218 1268 292 1299 und
311 1279 434 1299 armen
453 1269 615 1310 gesellen.
670 1268 793 1301 Cicero
814 1267 877 1299 suit
896 1266 932 1298 in
949 1265 1071 1298 castris

75 1318 211 1363 Syllae,
241 1324 274 1350 et
291 1318 405 1351 noluit
423 1320 549 1351 sectari
571 1325 686 1363 partes
701 1319 901 1355 Marianas,
930 1316 1071 1349 tametsi

76 1376 165 1402 esset
190 1369 307 1402 Mario
333 1370 504 1413 sangnine
529 1370 805 1415 coniunctusffi).
884 1369 1070 1402 Humilita-

73 1418 155 1468 tem]
184 1421 218 1453 id
237 1427 305 1460 est,
333 1428 531 1466 equestrem
549 1422 712 1455 ordinem
733 1434 810 1454 cum
837 1419 1069 1464 principibus.

75 1472 167 1504 Tota
193 1470 278 1504 haee
301 1485 355 1505 res
382 1480 459 1505 orta
482 1479 533 1507 est
556 1486 573 1505 a
600 1473 750 1506 iudiciis.
845 1468 983 1517 Cuique]
1020 1469 1069 1501 illi

73 1523 188 1568 puniti
213 1530 314 1563 sunt,
350 1524 524 1568 Sulpicius·
544 1532 577 1557 et
596 1524 702 1557 Marii
727 1523 837 1562 filius,
866 1522 1070 1556 Norbanus.

75 1576 224 1620 Gaudeo]
252 1575 287 1607 id
305 1582 372 1614 est,
401 1577 539 1618 gaudeo
558 1576 744 1608 victoriam
763 1587 835 1609 esse
854 1573 1070 1619 principum,

71 1633 112 1659 ut
128 1626 254 1671 cuique
270 1626 313 1659 sit
330 1639 411 1660 suus
428 1627 588 1660 redditus
606 1625 732 1660 honos.

179 1676 208 1721 5.
228 1677 310 1711 137.
338 1679 519 1723 Arbitror]
557 1679 590 1710 id
618 1685 688 1717 est,
722 1684 759 1710 ut
787 1676 940 1721 improbi
966 1674 1069 1719 puni-

74 1735 210 1768 rentur,
228 1735 261 1761 et
277 1728 404 1774 reliqui
419 1731 529 1763 sortes
546 1730 611 1762 viri
630 1730 824 1762 retinerent
839 1740 938 1761 suain
955 1726 1070 1769 digni-

972 549 1072 582 Facit

981 602 1009 634 S
1012 601 1072 634 eeb-

74 1787 196 1814 tatem.
263 1782 329 1814 Sin
348 1778 475 1827 autem]
503 1781 556 1814 De
574 1782 642 1814 sine
662 1780 848 1813 xit-toriae:
878 1778 938 1811 Illa
960 1778 1069 1809 xicto-

73 1832 127 1865 ria
145 1844 219 1864 non
244 1844 285 1863 eo
313 1831 485 1875 pertinet,
522 1839 558 1865 ut
583 1832 778 1865 serxiamns
802 1831 911 1864 servis
936 1828 1070 1861 libertis

72 1889 275 1928 potentum.

178 1934 263 1978 Cap.
280 1933 432 1967 XLVIII.
465 1933 598 1978 5138.
623 1930 835 1980 Concessum]
867 1932 901 1964 id
919 1937 988 1970 est,
1017 1931 1069 1963 di-

74 1992 158 2020 cunt
180 1986 239 2018 illa
262 1998 334 2019 esse
360 1983 596 2030 prohibenda.
677 1986 792 2029 Dicat]
828 1985 862 2016 id
891 1989 961 2021 est,
997 1981 1067 2014 iam

74 2038 219 2071 libertas
235 2043 284 2070 est
304 2037 476 2070 restituta.
530 2037 692 2069 Libertas
711 2042 762 2069 est
784 2048 858 2068 non
885 2033 962 2077 cogi
986 2046 1069 2066 con-

77 2096 131 2122 tra
152 2087 373 2122 honestatem
392 2090 526 2127 facere,
554 2095 587 2120 et
610 2088 728 2120 vivere
753 2087 898 2131 legibus.
953 2084 1069 2129 Argu-

108 2193 156 2220 24)
180 2193 258 2216 Vasa
274 2191 444 2218 Corinthia]
463 2189 503 2214 sic
524 2190 573 2213 Ed.
591 2188 682 2219 1568.;
701 2187 772 2218 apud
791 2186 966 2212 Ciceronem:
988 2187 1070 2212 vasis

145 2226 318 2251 Corinthiis.

107 2270 156 2298 25)
174 2269 262 2298 facta]
281 2269 329 2292 Ed
345 2268 419 2292 1568.
439 2273 537 2292 errore
556 2269 687 2314 typogn:
714 2267 796 2291 fasta

107 2313 155 2340 26)
174 2312 330 2341 Authepsa,
348 2307 488 2341 αὒθέψης,
508 2311 541 2333 ab
560 2305 641 2335 αὐτὸς
661 2309 736 2339 ipse
757 2310 783 2332 et
798 2305 855 2339 ἕψω
869 2313 964 2338 coquo,
986 2307 1069 2339 elixo,

145 2346 294 2370 derivanda
314 2351 383 2373 vox,
411 2345 427 2367 i.
447 2352 471 2374 q.
492 2350 540 2373 per
561 2350 590 2367 se
610 2349 729 2373 coquens
749 2349 772 2366 s.
792 2343 912 2371 eltxans,
933 2342 1070 2373 significat

143 2381 227 2404 ollam
245 2387 268 2405 s.
288 2386 339 2404 vas
360 2380 436 2403 tanto
455 2379 571 2402 artificio
590 2378 708 2403 sawt-tuin
737 2379 765 2400 ut
784 2369 944 2406 paucissimo
965 2378 992 2400 et
1012 2378 1070 2400 tere

144 2416 220 2438 nullo
239 2415 296 2445 igni
314 2414 456 2444 supposito
479 2413 610 2439 elixaret,
647 2418 715 2442 qnae
740 2412 964 2441 iinponehantur3
996 2411 1068 2436 conf.

144 2450 263 2474 Gesneri
283 2449 406 2473 thesaur.
426 2448 492 2478 ling.
513 2448 561 2470 lat.
581 2454 604 2472 s,
624 2447 647 2471 h.
670 2453 695 2469 v.

108 2492 157 2521 27)
176 2493 211 2516 M.
226 2492 331 2515 'rullius
348 2491 444 2515 Cicero
464 2492 558 2514 orator
577 2489 629 2513 fuit
648 2495 732 2519 nepos
748 2489 904 2519 Gratidiae,
924 2494 993 2519 quae
1009 2490 1070 2513 erat

145 2528 179 2551 Μ.
200 2526 316 2551 Gratidii
335 2525 477 2555 Arpinatis
504 2525 562 2549 fitia
588 2526 614 2548 et
640 2530 721 2548 soror
747 2525 782 2547 M.
802 2524 882 2547 Marii
902 2524 1068 2553 Gratidiani,

144 2562 188 2591 qui
207 2561 353 2590 adoptatus
372 2562 415 2584 cst
433 2566 450 2584 a
468 2561 503 2583 M.
521 2560 626 2589 Mario,
646 2565 731 2588 eoque
750 2560 797 2581 aut
816 2559 846 2582 C.
864 2558 944 2582 Marti
964 2558 1070 2588 septies

143 2596 264 2620 consutis
282 2596 379 2624 patruo
400 2596 447 2618 aut
468 2594 527 2618 eius
546 2593 635 2624 potius
655 2594 758 2621 fratre,
777 2593 832 2617 vid.
847 2592 944 2616 Oreltii
964 2594 990 2616 et
1004 2592 1068 2616 Bai-

143 2630 196 2654 teri
216 2630 357 2653 onomast.
378 2629 493 2653 Tullian.
516 2630 544 2653 P.
562 2629 592 2654 u.
612 2635 637 2659 p.
652 2628 712 2652 ³88.
734 2630 759 2651 et
778 2627 883 2657 Pauly:
909 2627 1068 2651 Reat-En-

143 2665 214 2695 cyct.
235 2664 263 2689 T.
278 2664 320 2688 111.
342 2671 366 2693 p.
383 2663 434 2687 962
449 2670 490 2693 sq.

290 104 380 141 XIII.
433 105 717 142 ENARRATIO
751 105 1012 141 ORATIONIS
1046 104 1296 142 CICERONIS
1330 106 1430 141 PRO
1464 106 1637 141 ROSCIO
1668 107 1901 144 AMERINO.

2019 111 2115 146 1146

783 191 901 240 cactus]
938 193 1071 226 scilicet
1094 193 1101 243 Ι
1126 200 1303 226 mentum:
1331 193 1366 226 Si
1384 194 1528 227 libertas
1545 201 1596 227 est
1612 196 1771 228 restituta
1791 202 1824 227 οῖ
1843 196 1968 228 iudicia
1990 197 2115 230 iterum

1126 245 1334 279 constituta:
1371 258 1455 289 ergo
1477 245 1610 279 debetis
1627 259 1708 279 vere.
1729 253 1762 279 et
1781 247 1933 287 grauiter
1953 248 2118 282 iudicare.

1228 294 1257 340 5.
1276 296 1359 330 139.
1387 299 1436 331 lis
1457 294 1661 344 hominibus]
1690 297 1726 330 id
1745 304 1814 337 est,
1843 298 1931 332 aliis.
2009 299 2118 348 Haec]

1127 347 1160 380 id
1179 354 1246 387 est,
1276 348 1435 382 virtutes.
1515 347 1740 398 Ornamenta]
1768 348 1803 381 id
1822 355 1891 387 est,
1921 350 2081 394 imperia.

1228 397 1258 442 5.
1286 398 1371 433 140.
1413 397 1638 446 Quapropter]
1674 400 1806 433 Reddit
1840 402 1882 432 ad
1922 402 2116 446 querelati».

1126 450 1233 494 Quae]
1254 450 1385 483 scilicet
1401 457 1477 483 erat
1493 457 1595 483 antea
1614 457 1709 484 extra
1730 451 1910 485 iudiciuin.
1963 449 2118 498 Affectet]

1127 500 1160 533 id
1180 507 1249 540 est,
1278 507 1439 544 penetrat
1458 501 1492 533 in
1514 502 1655 536 iudicia.

1229 550 1258 595 5.
1281 551 1363 586 141.
1390 550 1514 599 Hicne]
1543 553 1775 597 Exaggeratio
1795 554 2026 597 indignitatis.

1230 603 1315 647 Cap.
1338 602 1460 636 XLIX.
1497 604 1527 646 5.
1554 603 1636 639 142.
1678 606 1963 650 Improbissimus]
2001 607 2119 645 idest,

1125 654 1243 688 nullus
1259 655 1374 688 bonus
1393 655 1447 687 vir
1463 655 1627 689 laeditur.

1230 704 1259 749 5.
1279 705 1362 739 143.
1390 707 1459 739 Sed
1474 705 1632 755 Roscius]
1650 706 1780 739 Petitio
1793 707 1915 741 *Roscii
1930 735 1937 747 ,
1960 715 1998 740 ut
2014 708 2114 740 liceat

1126 756 1189 790 sibi
1208 757 1347 795 vivere,
1376 769 1419 789 ne
1439 757 1671 789 interficiatur
1686 758 1759 790 sine
1780 770 1894 792 causa.

1229 806 1259 851 5.
1283 807 1367 842 144.
1401 808 1457 852 Si]
1493 808 1623 841 scilicet
1649 809 1743 853 quia.
1833 808 1956 857 082⁸)]
1994 811 2029 842 id
2055 817 2116 847 est,

1126 859 1353 892 autoritatem
1374 872 1494 898 suani,
1522 860 1598 892 Alle
1617 859 1711 893 seine
1736 859 1852 893 inat-lit
1880 864 1949 893 und
1975 862 2119 904 gewalt,

1127 924 1154 942 xx
1165 923 1202 943 as
1219 923 1256 942 er
1274 923 1315 943 zu
1333 911 1493 953 geliietcn
1511 908 1584 944 hat.

1229 962 1314 1006 Cap.
1335 961 1375 995 L.
1403 960 1555 1005 §.1454
1575 959 1682 1008 Quod]
1710 962 1841 995 scilicet
1856 963 1949 1007 qnia.
2028 966 2118 996 Red-

1124 1013 1279 1058 dam²⁹)]
1323 1013 1355 1045 id
1379 1020 1447 1052 est,
1491 1014 1620 1055 cogites
1646 1020 1676 1045 te
1702 1014 1802 1046 facile
1832 1027 1932 1058 posse
1966 1016 2116 1047 retinere

1125 1070 1273 1108 propter
1297 1064 1523 1097 autoritatem
1541 1066 1670 1109 Syllae.
1720 1065 2009 1110 Proscriptorum
2035 1067 2117 1098 libe-

1126 1116 1173 1148 ris
1189 1127 1263 1148 non
1282 1115 1379 1148 licuit
1396 1122 1515 1159 petere
1532 1117 1624 1148 hona
1648 1122 1809 1160 paterna.

1230 1166 1258 1210 5.
1279 1166 1362 1200 146.
1397 1168 1628 1211 DIomcmenti]
1658 1166 1697 1199 In
1722 1168 1879 1212 paternis
1906 1168 2008 1201 bonis
2037 1169 2117 1200 retl—

1126 1219 1257 1250 nebant
1276 1219 1393 1251 locum
1413 1218 1567 1263 aliquem
1584 1217 1759 1262 sepulchri
1779 1226 1839 1251 ant
1857 1225 2004 1252 statuae.
2060 1220 2117 1251 Pi-

1127 1276 1224 1309 rata,
1261 1269 1320 1314 qui
1346 1270 1381 1301 in
1408 1270 1497 1302 mari
1522 1270 1773 1309 latrocinatur,
1802 1271 1857 1302 ein
1879 1270 2118 1303 Meerrenlier.

1125 1321 1291 1354 Collatio.

1229 1371 1258 1415 5.
1278 1371 1360 1405 147.
1386 1369 1568 1418 Redderes]
1599 1372 1765 1417 Compar.

1228 1423 1314 1467 Cap.
1338 1421 1393 1455 LI.
1428 1422 1569 1466 5148.
1613 1426 1655 1458 Si
1677 1425 1755 1468 pro]
1792 1423 1907 1456 Locus
1931 1425 1971 1455 de
2001 1425 2119 1456 desen-

1124 1474 1234 1508 sione.
1286 1471 1400 1520 fHaec]
1428 1474 1650 1507 Translatio:
1681 1474 1881 1508 Consistere
1899 1487 1971 1507 non
1989 1488 2120 1519 posses,

1124 1527 1152 1559 si
1168 1527 1334 1558 fremeret
1361 1532 1433 1558 tota
1461 1526 1659 1570 respublica
1684 1539 1748 1571 pro
1772 1526 1838 1559 isto
1862 1538 2002 1559 (tonserx
2013 1528 2118 1559 ando.

1124 1577 1274 1611 Messala
1285 1575 1331 1621 3⁰)
1349 1577 1414 1609 suit
1432 1578 1607 1610 studiosus
1627 1578 1819 1610 Ciceronis.

1228 1626 1258 1671 5.
1278 1627 1362 1661 149.
1390 1629 1582 1672 Seciorum]
1612 1629 1645 1661 id
1665 1636 1733 1667 est,
1761 1628 1964 1673 Capitonis,
1987 1628 2030 1662 T.
2047 1630 2118 1661 no-

1124 1679 1194 1718 sci,
1222 1677 1458 1724 Chrysogoni.
1544 1679 1688 1724 Videtis]
1718 1680 1752 1712 id
1774 1687 1842 1719 est,
1869 1680 1954 1712 boni
1981 1687 2010 1712 et
2037 1681 2117 1714 iusti

1123 1729 1298 1770 homines,
1328 1730 1387 1776 qni
1405 1736 1527 1771 tegunt
1545 1731 1762 1769 innocentes,
1782 1732 1882 1776 quasi
1901 1732 2009 1765 dicat:
2037 1731 2119 1766 Non

1125 1780 1191 1815 hoe
1211 1782 1346 1824 agitur,
1374 1788 1413 1814 ut
1435 1782 1524 1815 servi
1552 1784 1758 1815 libertorum
1788 1790 1973 1815 exerceant
2000 1790 2119 1828 tyran-

1124 1834 1256 1866 nidem.
1396 1835 1553 1878 Pus-cent]
1600 1834 1729 1867 scilicet
1765 1847 1864 1867 suam
1908 1835 2118 1877 potentiam.

1124 1882 1352 1931 Laborarent]
1382 1884 1417 1917 id
1445 1891 1514 1922 est,
1552 1885 1667 1918 minus
1692 1886 1839 1929 periculi
1864 1884 2046 1919 haherent.

1228 1936 1313 1980 Cap.
1330 1934 1402 1968 Lll.
1433 1934 1563 1979 5.150.
1598 1934 1738 1985 Verum]
1766 1936 1860 1969 Petit
1888 1950 1905 1969 a
1931 1938 2117 1971 iudicibus.

1124 1987 1298 2031 Reddidit]
1328 1987 1450 2027 idest,
1477 1988 1504 2021 si
1523 1989 1566 2020 ad
1589 1988 1774 2021 arbitrium
1802 2000 1986 2022 servorum
2013 1989 2118 2022 vultis

1125 2050 1284 2071 exercere
1304 2040 1542 2083 tyrannidem.
1613 2037 1768 2086 Versari]
1797 2040 1918 2079 idest,
1944 2041 2005 2073 uhi
2023 2053 2118 2073 exer-

1125 2097 1204 2123 cent
1221 2089 1445 2134 tyrannidem
1466 2091 1595 2135 privati
1610 2089 1793 2129 homines,
1828 2092 1887 2124 ubi
1917 2091 1951 2123 in
1981 2092 2118 2125 indiciis

1125 2148 1175 2175 est
1192 2142 1287 2175 nulla
1305 2142 1408 2181 fides,
1433 2142 1569 2175 nullum
1587 2142 1815 2186 praesidium.

1227 2191 1257 2236 5.
1279 2191 1362 2227 151.
1386 2191 1470 2240 Hoc]
1499 2194 1630 2227 scilicet
1655 2194 1836 2226 iudicium.
1914 2191 2051 2240 Forum]
2082 2193 2114 2225 id

1125 2251 1193 2284 est,
1220 2257 1295 2277 non
1314 2245 1417 2278 dehet
1435 2258 1506 2278 esse
1526 2246 1634 2278 tutela
1652 2245 1936 2278 latrociniorum.

1228 2294 1257 2340 5.
1278 2295 1361 2331 152.
1390 2299 1446 2331 An
1463 2297 1554 2341 vero]
1581 2296 1759 2340 Repetitio
1782 2296 2034 2340 principalium
2060 2307 2115 2327 ar-

1124 2353 1387 2391 gumentorum.
1473 2345 1645 2394 Suspicio]
1674 2347 1709 2379 id
1735 2354 1804 2387 est,
1840 2360 1912 2379 non
1939 2346 2115 2390 approba-

1123 2399 1193 2439 vit,
1222 2400 1281 2433 sed
1298 2399 1392 2444 Sylla
1411 2411 1472 2432 sua
1490 2399 1680 2432 autoritate
1698 2398 1789 2431 fecit.

1156 2509 1204 2536 28)
1225 2506 1275 2539 Os]
1295 2508 1336 2531 sic
1348 2508 1397 2532 Ed.
1413 2508 1485 2531 1568.
1505 2509 1532 2530 et
1545 2508 1598 2537 al.;

1191 2543 1221 2566 lti
1242 2544 1307 2567 nota
1324 2543 1384 2566 crit.
1402 2543 1436 2566 ad
1455 2542 1479 2565 h.
1499 2542 1517 2565 1.

1156 2585 1206 2613 29)
1225 2586 1368 2614 Reddam]
1388 2584 1429 2608 sic
1442 2584 1491 2609 Ed
1508 2583 1599 2612 1568.;
1625 2583 1675 2608 Ed
1696 2582 1781 2607 Orell.
1801 2583 1975 2607 reddantur.

1156 2627 1204 2660 30)
1222 2627 1409 2653 M.Va1erins
1433 2627 1555 2650 Messala
1573 2626 1608 2649 Μ.
1628 2626 1647 2648 s.
1667 2626 1702 2648 M.
1722 2632 1747 2648 n.
1767 2625 1867 2655 Niger,
1900 2625 1933 2648 de
1960 2630 2011 2654 quo
2037 2624 2110 2647 conf

1193 2663 1290 2687 Orellii
1310 2664 1337 2686 et
1356 2661 1454 2686 Baiteri
1477 2661 1618 2685 onomast.
1639 2660 1754 2684 Tullian.
1775 2659 1803 2683 P.
1821 2660 1851 2683 tl.
1873 2666 1898 2688 p
1913 2659 1965 2683 630
1982 2666 2020 2687 sq

1624 2506 1672 2529 Ed.
1688 2506 1772 2529 orell.
1787 2506 1820 2530 de
1832 2505 1924 2536 digito
1935 2520 1942 2531 .
1962 2504 2016 2528 vid.
2031 2505 2113 2529 orel-
