2347 3000
47 140 120 177 385
386 139 444 175 ΙΙΙ.

130 225 237 254 lndidit
260 225 376 254 illorum
399 225 555 254 coelestem
578 225 606 252 in
629 230 749 262 pectora
772 225 884 261 lucem,

173 277 300 304 Notitiae
323 276 479 304 infundens
503 275 614 303 semina
637 281 716 303 certa
740 284 822 305 suae.

129 327 166 355 Et
191 328 265 355 vitae
287 332 444 363 praecepta
467 326 548 353 dedit
571 334 719 363 veraeque
742 327 853 362 salutis,

170 378 292 406 Servata
314 378 396 405 iussit
419 377 488 414 lege
511 382 616 404 tenere
639 378 723 406 viani.

132 427 177 455 llli
201 432 296 454 autem
319 427 423 454 illustri
446 433 632 464 praesentem
656 434 755 455 niente
779 427 926 461 videbant,

167 479 261 514 Atque
282 478 378 505 animo
400 478 541 506 ardebant
563 488 621 505 non
644 478 795 506 dubitante
817 479 911 506 Deum
921 475 979 515 ⁶⁵).

146 534 343 568 Monstravi
363 542 522 568 autorem
535 535 581 581 66)
607 542 641 568 et
663 537 797 569 sontem
823 536 906 579 legis
928 541 1028 566 natu-

42 597 120 625 rae,
148 592 181 618 et
199 586 270 618 dixi
294 587 437 630 proprie
461 599 500 619 ac
522 587 700 620 dialectice
727 587 810 631 quid
834 587 898 625 sit,
934 585 1028 617 side-

41 635 122 668 licet
143 637 268 669 notitia
299 637 334 668 in
358 638 533 671 mentibus
556 636 721 671 humanis
753 637 936 670 nobiscum
967 648 1027 667 na-

43 699 160 727 scens,
187 694 219 720 et
238 687 406 722 divinitus
424 688 525 721 insita
539 715 547 728 ‚
571 689 612 721 de
630 688 705 720 Deo
723 694 753 719 et
775 690 816 720 de.
834 688 935 720 bonis
952 699 1027 718 mo-

42 737 159 778 ribus,
202 750 263 771 seu
294 738 495 771 discrimine
527 737 757 771 bonestorum
792 745 825 770 et
858 737 1027 782 turpium.

41 788 173 833 Estque
191 789 361 822 eruditius
379 791 489 833 legem
509 789 701 832 intelligere
725 789 889 821 notitiam
914 801 931 821 a
952 788 1026 820 Deo

42 839 203 880 insitam,
231 853 336 884 quam
355 841 538 880 affectum,
565 847 604 873 ut
622 853 699 873 cum
723 841 782 872 alii
806 840 946 879 dicunt,
975 839 1028 872 ius

42 897 189 922 naturae
216 899 288 923 esse
314 903 517 925 communes
537 891 783 925 inclinationes
800 904 878 924 cum
896 890 1027 929 bestiis,

42 940 147 973 nimis
178 941 246 973 late
275 948 424 984 vagatur
445 940 531 975 haec
553 942 754 986 descriptio,
821 942 910 975 Sunt
933 942 1027 974 enim

41 991 230 1024 affectuum
247 992 383 1025 dix-ersa
402 1005 529 1036 genera
548 993 583 1025 in
600 991 804 1026 bominibus
816 1020 825 1033 ,
852 993 912 1025 alii
929 992 1027 1031 boni,

41 1041 102 1074 alii
125 1042 222 1075 mali.
280 1042 326 1075 Et
351 1056 555 1088 quanquam
581 1045 718 1089 aliquae
739 1045 854 1077 bonae
875 1041 1028 1091 σϊοργαὶ

40 1100 240 1136 congruunt
271 1105 350 1126 cum
385 1094 673 1128 inclinationibus
715 1096 933 1133 belluarum,
990 1100 1028 1127 ut

42 1155 144 1176 amor
167 1155 246 1187 erga
273 1145 450 1185 sobolem,
485 1159 606 1179 sensus
628 1146 804 1178 beneficii:
848 1152 966 1178 tamen
992 1145 1028 1177 in

42 1200 139 1227 tanta
174 1194 348 1227 discordia
381 1197 568 1230 affectuum
605 1197 775 1230 eruditius
810 1203 877 1235 est,
916 1197 1025 1239 legem

40 1251 190 1278 naturae
221 1247 265 1278 ad
293 1246 438 1280 notitias
463 1259 641 1281 revocare.
708 1247 864 1281 Notitiae
892 1246 1027 1291 suntffl)

40 1295 256 1342 regulaeffi),
290 1309 363 1329 non
387 1298 550 1338 affectus,
590 1299 668 1331 ideo
695 1304 727 1330 et
752 1298 883 1331 Paulus
907 1297 1029 1329 delinit

41 1347 153 1390 legem
174 1354 321 1380 naturae
343 1348 487 1382 notitias
515 1361 604 1388 esse,
632 1350 676 1381 ad
692 1348 875 1381 Romanos
894 1349 925 1381 1.
942 1355 974 1380 et
992 1350 1027 1382 2.

40 1397 85 1430 Et
111 1397 254 1442 quidem
280 1398 366 1432 dicit
389 1397 451 1432 bas
475 1399 620 1432 notitias
654 1400 766 1432 teneri
798 1398 953 1442 captivas
983 1399 1026 1430 ab

42 1448 179 1482 iniustis
196 1449 389 1483 affectibus.

140 1500 286 1534 Planius
308 1507 358 1533 est
373 1500 480 1544 igitur
495 1501 586 1545 leges
603 1508 752 1535 naturae
773 1501 917 1533 definire
935 1500 1025 1533 noti-

40 1551 124 1589 tias,
152 1551 359 1594 praesertim
377 1563 455 1584 cum
473 1564 612 1586 necesse
637 1553 682 1586 sit,
704 1553 740 1585 in
763 1550 817 1585 1115
841 1551 1025 1595 complecti

39 1602 256 1645 agnitionem
269 1602 353 1642 Dei,
381 1603 424 1635 ab
442 1600 508 1635 hac
526 1604 621 1636 enim
640 1603 751 1636 ordiri
768 1604 859 1646 leges
877 1609 1025 1635 naturae

38 1664 177 1685 necesse
193 1658 262 1692 est,
290 1659 379 1685 utet
395 1653 525 1687 Paulus
551 1661 716 1693 testatur,
750 1660 784 1686 et
807 1666 887 1686 vere
911 1651 1026 1698 pbilo-

38 1701 183 1747 sophica
208 1703 347 1736 ratione
369 1705 505 1737 ostendi
527 1712 653 1749 potest.
714 1705 916 1738 Teneamus
943 1717 1025 1748 ergo

38 1754 130 1797 leges
160 1760 308 1787 naturae
331 1755 475 1788 notitias
497 1768 590 1795 esse,
633 1762 666 1789 et
688 1756 919 1801 quibusdam,
963 1768 1025 1788 nec

38 1811 158 1838 tamen
173 1805 337 1838 omnibus
355 1818 549 1849 congruere
567 1805 745 1854 στοργάς,
775 1806 810 1839 111
829 1813 898 1846 851,
925 1806 1023 1839 incli-

38 1856 201 1889 nationes
217 1857 396 1890 naturales
418 1857 554 1897 cordis,
590 1871 629 1890 ac
651 1869 843 1903 sequamur
865 1858 1023 1901 decalogi

39 1907 199 1940 ordinem
213 1934 221 1947 ,
250 1908 310 1952 qni
327 1920 448 1941 causas
467 1907 573 1941 habet
589 1908 780 1942 evidentes.

140 1958 355 2003 Quanquam
380 1959 473 1991 enim
497 1957 678 1993 horribilis
700 1958 859 1992 confusio
885 1964 935 1991 est
959 1956 1024 1990 hu-

38 2021 165 2042 manae
183 2009 293 2048 vitae,
321 2016 355 2042 ct
370 2010 481 2043 multa
500 2017 622 2043 contra
640 2008 734 2043 hunc
755 2017 905 2043 naturae
930 2009 1024 2041 ordi-

36 2072 118 2092 nem
143 2061 233 2093 fiunt
250 2060 285 2092 in
310 2060 447 2104 privata
473 2068 505 2094 et
530 2062 668 2105 publica
686 2062 777 2101 vita,
805 2067 925 2093 tamen
941 2072 1023 2093 con-

36 2111 204 2144 sideratio
220 2111 315 2144 utilis
335 2118 403 2151 est,
438 2119 472 2144 et
489 2119 527 2145 ut
545 2119 686 2156 peccata
705 2124 957 2156 agnoscamus,
991 2118 1023 2144 et

37 2168 76 2195 ut
92 2162 202 2207 aliqui
216 2162 374 2195 saniores
389 2164 620 2196 moderentur
636 2175 717 2196 suos
737 2163 901 2207 impetus.

138 2212 202 2246 Est
218 2213 325 2256 igitur
341 2213 455 2257 prima
473 2214 527 2246 lex
542 2220 707 2248 naturae:
743 2214 776 2246 M
784 2226 844 2247 8115
866 2211 1020 2246 bumana

37 2264 196 2308 agnoscit
210 2264 325 2298 Deum
344 2277 416 2298 esse
439 2271 620 2297 aeternam
645 2271 819 2305 mentem,
855 2263 1022 2297 conditri-

106 2390 151 2415 εἰη
168 2397 255 2422 usque
272 2391 307 2415 ad
325 2397 369 2416 an.
387 2392 478 2421 1548..
497 2392 540 2415 uhi
558 2391 668 2416 transiit
686 2391 720 2416 ad
733 2390 904 2416 Academiam
923 2390 1021 2414 tenen-

106 2432 179 2456 sem,
198 2426 287 2456 ibique
305 2431 348 2449 an.
364 2426 438 2450 1562.
458 2428 580 2450 mortuus
601 2428 652 2451 est.

72 2468 120 2494 65)
139 2469 235 2497 Deum]
254 2468 294 2491 sic
312 2469 396 2494 Editt.
421 2469 510 2500 1546..
543 2469 635 2500 1550..
668 2468 758 2499 1554..
791 2467 865 2492 1557.
885 2468 912 2491 et
933 2466 1023 2495 1560.;

105 2503 175 2526 Edit.
192 2502 267 2527 1545.
286 2503 351 2526 Deo.

71 2545 119 2572 66)
139 2545 277 2572 autorem]
305 2544 344 2567 sic
362 2544 434 2568 Edit.
455 2544 546 2576 15⁴5.;

108 2577 183 2601 1557.
203 2579 228 2601 et
249 2578 323 2602 1560.
346 2580 444 2603 autem.

70 2621 118 2649 67)
138 2622 215 2649 sunt]
231 2621 270 2643 sic
283 2620 365 2644 Editt.
380 2621 470 2651 1550.,
489 2621 580 2649 1554..
602 2621 676 2646 1557.
693 2622 718 2644 et
736 2621 827 2649 1560.·,
850 2620 932 2644 Editt.
949 2619 1022 2644 1545.

106 2656 133 2678 et
152 2656 225 2679 1546.
245 2655 310 2679 sint.
370 2654 380 2659 “

70 2698 118 2725 68)
138 2698 265 2728 regulae]
292 2697 332 2720 sic
350 2696 433 2720 Editt.
456 2698 529 2722 1557.
549 2700 576 2722 et
596 2699 687 2725 1560.;
715 2698 798 2722 Editt.
823 2696 911 2723 1545..
938 2696 1022 2725 1546..

110 2732 182 2756 1550.
201 2735 227 2755 et
252 2732 326 2754 1554.
345 2731 451 2761 regula.

42 2774 222 2805 Mamm.
247 2774 352 2805 OPER.
376 2774 460 2805 Vm..
486 2775 575 2805 XVI.

937 2543 1022 2569 1554..

585 2544 668 2570 ndat.
691 2543 780 2574 15111,
813 2543 903 2573 1550..

496 138 776 174 ENARRATIO
814 138 941 173 LIBRI
979 139 1022 174 V.
1059 137 1347 173 E‘rfflCORUM

1387 137 1716 173 ARISTOTELIS.
1997 141 2070 175 386

1084 238 1157 258 cem
1191 226 1366 258 bonarum
1400 236 1540 263 rerum,
1574 231 1606 256 ct
1632 224 1708 257 Deo
1735 224 1970 257 obediendum
1999 238 2071 258 csse

1084 277 1177 308 iuxta
1197 276 1385 309 discrimen
1410 275 1643 320 lmnorumffl)
1669 281 1702 308 et
1729 275 1899 319 turpium.
1960 276 2071 309 Huius

1083 327 1168 367 legis
1214 327 1344 359 inultae
1380 333 1462 359 sunt
1496 325 1830 360 demonstrationes.
1909 326 2068 359 Primum

1083 377 1176 409 enim
1196 390 1267 409 csse
1286 378 1419 416 Deum,
1448 383 1481 408 et
1500 390 1622 410 curare
1638 375 1807 417 humana,
1835 389 1898 410 nec
1916 390 1997 410 casu
2015 390 2070 410 res

1083 427 1181 465 oriri,
1210 434 1269 459 aut
1290 428 1447 460 occidere
1458 427 1515 471 ⁷⁰),
1544 434 1690 461 testatur
1707 426 1965 472 pulcherrimus
1982 430 2070 461 ordo

1081 484 1241 517 naturae,
1271 479 1329 522 qui
1345 479 1419 511 sine
1436 485 1552 511 mente
1571 486 1604 512 ct
1620 479 1768 512 consilio
1787 479 1907 524 aliquo
1925 479 2071 512 existere

1081 541 1153 561 non
1173 528 1306 572 potuit,
1335 535 1367 560 et
1383 527 1526 573 physica
1543 530 1634 563 ratio
1652 530 1806 564 ostendit
1822 531 1857 562 in
1875 530 1964 564 serie
1990 543 2070 563 cau—

1081 592 1199 613 sarum
1219 579 1415 612 necessario
1434 581 1611 623 perveniri
1629 583 1673 613 ad
1689 594 1796 614 unam
1815 581 1969 625 primam
1991 594 2070 614 cau-

1081 629 1229 674 samn),
1255 629 1531 673 intelligentem,
1558 631 1750 665 immensae
1775 633 1967 677 potentiae.

1182 680 1338 720 Deinde,
1384 693 1463 713 cmn
1488 693 1586 714 mens
1618 682 1789 726 intelligat
1814 690 1978 717 naturam
2006 681 2070 716 lm-

1080 743 1223 764 manam
1241 744 1259 763 a
1279 731 1356 764 Deo
1374 738 1489 764 ortam
1507 744 1578 765 esse
1590 759 1598 771 ,
1631 732 1794 777 intelligit
1809 747 1872 767 nos
1895 735 2069 767 subiectos

1082 795 1154 816 esse
1178 794 1322 822 causae,
1358 795 1419 816 seu
1441 783 1636 823 conditori,
1672 796 1711 816 ac
1736 785 1854 817 deberi
1866 785 1909 830 7²)
1935 786 1965 817 ci
1989 786 2070 817 obe-

1080 833 1263 867 dientiam.
1323 832 1429 871 Item,
1459 846 1535 866 cum
1555 846 1628 866 non
1644 835 1772 868 frustra
1793 835 2011 868 ordinaverit
2034 836 2071 868 in

1081 891 1197 917 mente
1215 882 1370 917 hominis
1390 885 1578 918 discrimen
1596 883 1829 919 honestorum
1849 892 1882 919 et
1900 887 2071 930 turpium,

1082 941 1115 968 et
1133 935 1177 968 sit
1195 942 1310 969 custos
1327 933 1431 969 buius
1448 936 1595 970 ordinis.
1657 936 1800 970 Atrocia
1828 937 1921 970 enim
1939 938 2070 970 scelera

1082 987 1184 1030 punit
1206 987 1383 1020 atrocibus
1406 987 1550 1030 poenis,
1578 987 1803 1021 manifestum
1831 996 1881 1021 est
1905 1001 1984 1021 cum
2008 1001 2071 1032 po—

1081 1038 1211 1071 stulare
1231 1037 1482 1071 obedientiam.

1182 1087 1291 1129 Item,
1336 1101 1415 1122 cum
1441 1088 1559 1121 videat
1581 1101 1679 1122 mens
1705 1089 1973 1124 similitudinem
1999 1102 2070 1123 esse

1081 1139 1223 1172 divinae
1243 1146 1275 1172 et
1290 1138 1468 1173 humanae
1489 1146 1638 1173 naturae
1665 1140 1701 1172 111
1723 1141 1944 1185 cognitione,
1971 1141 2072 1173 intel-

1080 1190 1156 1233 ligit
1182 1191 1381 1223 naturalem
1406 1190 1608 1223 societatem
1635 1203 1707 1224 esse
1724 1191 1791 1224 Dei
1815 1199 1849 1225 et
1871 1190 2072 1231 hominum,

1081 1247 1114 1273 81
1130 1241 1292 1273 ordinem
1309 1241 1484 1275 societatis
1507 1242 1740 1282 servandum,
1765 1243 1833 1283 ita,
1860 1250 1899 1276 ut
1921 1256 1986 1276 nos
2011 1244 2072 1275 ob-

1081 1298 1337 1335 temperemus,
1373 1298 1407 1325 et
1429 1291 1524 1325 Deus
1548 1293 1606 1325 det
1630 1293 1745 1333 bona,
1779 1300 1812 1326 81
1836 1301 1998 1333 econtra,
2032 1301 2072 1327 111

1080 1343 1272 1386 puniamur
1288 1355 1361 1376 non
1378 1343 1673 1386 obtemperantes.
1725 1343 1774 1377 Ita
1790 1344 1912 1378 Cicero
1930 1345 2070 1388 sapien-

1081 1393 1212 1426 tissime
1231 1393 1333 1427 dixit:
1369 1393 1529 1427 Primam
1557 1406 1629 1427 esse
1654 1392 1793 1427 homini
1818 1408 1897 1429 cum
1914 1396 1990 1429 Deo
2015 1408 2070 1429 so<

1081 1444 1255 1477 cictatcm.

1179 1495 1339 1528 Secunda
1357 1495 1413 1527 lex
1428 1501 1593 1528 naturae:
1630 1495 1727 1528 Sicut
1747 1495 1842 1530 Deus
1866 1503 1918 1530 est
1941 1497 2070 1529 benefi-

1079 1558 1157 1585 cus,
1186 1552 1219 1578 et
1236 1546 1410 1591 aequalis,
1438 1546 1485 1578 ita
1503 1546 1750 1590 intelligimus,
1778 1560 1843 1581 nos
1860 1549 1904 1580 ad
1925 1548 2070 1581 societa-

1079 1603 1149 1629 tem
1165 1597 1326 1630 conditos
1343 1609 1435 1637 esse,
1463 1603 1502 1630 ut
1526 1597 1794 1631 beneficentiam
1821 1605 1854 1631 et
1876 1599 2070 1644 aequalita-

1079 1654 1148 1681 tem
1169 1649 1338 1681 colamus.
1389 1648 1452 1681 Est
1472 1648 1578 1691 igitur
1602 1650 1655 1681 lex
1679 1655 1844 1682 naturae:
1881 1650 2069 1684 Neminem

1079 1699 1291 1732 laedendum
1309 1711 1381 1731 esse
1398 1699 1472 1732 sine
1489 1699 1578 1733 iusta
1599 1706 1632 1732 et
1651 1701 1845 1734 neccssaria
1863 1714 1979 1735 causa.

1181 1750 1303 1783 Tertia
1320 1750 1391 1782 lex:
1422 1749 1534 1783 lndita
1554 1757 1603 1784 cst
1619 1749 1757 1783 homini
1773 1752 1900 1784 notitia
1910 1752 1955 1797 ⁷³)
1974 1759 2068 1785 certo

1078 1801 1186 1833 modo
1209 1802 1460 1845 propagandae
1484 1808 1518 1834 et
1544 1804 1806 1836 conservandae
1825 1803 1972 1847 speciei,
2001 1803 2069 1836 1115-

1079 1863 1223 1885 cernens
1239 1851 1434 1885 humanam
1457 1853 1753 1896 propagationem
1779 1866 1797 1886 a
1823 1854 1968 1887 caeteris
1995 1854 2069 1886 ani-

1078 1903 1271 1944 mantibus,
1300 1903 1462 1936 videlicet
1479 1910 1571 1936 certa
1591 1904 1665 1947 lege
1683 1905 1851 1948 coniugii,
1879 1912 1913 1938 et
1927 1911 1966 1939 ut
1982 1902 2069 1937 haec

1077 1954 1203 1986 notitia
1221 1955 1333 1997 magis
1350 1954 1608 1998 perspiceretur
1618 1955 1683 2001 ⁷4),
1715 1956 1859 1989 accessit
1880 1956 2066 1989 manifesta

1078 2005 1318 2049 promulgatio
1353 2005 1439 2049 legis
1472 2005 1508 2038 in
1536 2005 1708 2039 Paradiso
1745 2007 1890 2052 (Genes.
1909 2010 1944 2048 2,
1971 2006 2066 2051 240:

1076 2055 1268 2101 Relinquet
1283 2054 1392 2089 bomo
1409 2063 1547 2100 patrem
1567 2064 1599 2090 et
1615 2064 1765 2091 matrem
1778 2085 1786 2098 ‚
1811 2065 1845 2091 et
1861 2056 2066 2091 adhaerebit

1076 2107 1179 2139 uxori
1193 2120 1276 2140 suae
1289 2134 1298 2148 ,
1327 2115 1360 2141 et
1379 2114 1482 2140 erunt
1499 2109 1569 2141 duo
1588 2108 1625 2140 in
1642 2120 1783 2142 carnem
1801 2121 1922 2144 unam.
1971 2109 2066 2141 Hace

1075 2158 1247 2191 sententia
1274 2159 1342 2192 tria
1365 2159 1631 2203 complectitur,
1658 2158 1824 2204 prohibet
1840 2161 2063 2206 quarundam

1108 2277 1156 2303 69)
1176 2277 1319 2304 honorum]
1339 2275 1378 2299 sic
1398 2276 1480 2299 Editt.
1501 2277 1592 2304 1550..
1613 2276 1704 2307 1554..
1726 2277 1798 2301 1557.
1818 2278 1844 2300 81
1865 2276 1955 2306 1560.;
1982 2277 2063 2300 Editt.

1148 2311 1220 2334 15⁴5.
1241 2313 1267 2334 et
1289 2311 1364 2334 1546.
1389 2311 1574 2334 honestorum.

1109 2355 1155 2382 70)
1176 2354 1313 2382 occidere]
1333 2353 1372 2376 sic
1392 2353 1473 2375 mitt.
1493 2353 1584 2383 1545.‚
1605 2353 1695 2383 1546..
1718 2354 1807 2381 1550..
1831 2353 1903 2377 1554,
1924 2355 1950 2376 et
1972 2352 2063 2381 1557.;

1146 2389 1215 2411 Edit.
1236 2387 1310 2411 1560.
1329 2387 1463 2411 accidere.

1109 2432 1156 2458 71)
1175 2431 1300 2458 causam]
1320 2429 1360 2452 sic
1372 2430 1456 2452 Editt.
1474 2430 1563 2459 1550.‚
1585 2429 1675 2455 1554..
1696 2429 1771 2452 ¹557.
1786 2430 1812 2451 et
1828 2428 1917 2459 1560.;
1938 2428 1963 2452 in
1979 2430 2061 2452 Editt.

1145 2466 1218 2488 1545.
1240 2466 1266 2487 81
1288 2464 1360 2487 1546.
1383 2464 1468 2487 deest.

1108 2507 1156 2534 72)
1177 2507 1283 2535 deberi]
1310 2506 1350 2529 sic
1376 2507 1458 2529 Editt.
1480 2506 1572 2535 1554..

1147 2542 1218 2565 1546.
1238 2544 1264 2564 et
1286 2541 1357 2565 1550.
1379 2541 1484 2563 debere.

1108 2584 1157 2611 73)
1176 2584 1268 2607 Tertia
1288 2584 1346 2606 lex:
1380 2582 1464 2604 lndita
1493 2583 1535 2604 est
1562 2580 1659 2603 1101111111
1679 2581 1789 2609 notitia]
1812 2582 1850 2605 sic
1870 2583 1952 2606 Editt.
1976 2583 2058 2609 1546..

1147 2618 1236 2643 1550..
1263 2617 1356 2647 1554..
1386 2615 1459 2640 1557.
1481 2617 1507 2638 et
1527 2614 1618 2645 1560..·Ι
1649 2615 1719 2639 Edit.
1743 2616 1814 2638 1545.
1837 2617 1928 2640 Tertia
1955 2617 1996 2640 lex
2016 2618 2058 2639 in-

1144 2653 1199 2676 dita
1218 2651 1333 2681 homini,
1355 2652 1396 2673 est
1417 2650 1520 2673 notitia.

1108 2695 1155 2723 74)
1175 2693 1391 2724 perspiceretur]
1420 2691 1459 2714 sic
1483 2690 1567 2714 Editt.
1588 2690 1677 2717 1551..
1711 2691 1784 2715 1557.
1805 2693 1830 2715 et
1852 2692 1941 2722 1560.;

1147 2729 1237 2752 1545..
1260 2728 1332 2751 1546.
1354 2729 1379 2750 et
1402 2726 1474 2748 1550.
1495 2725 1706 2754 conspiceretur.

1402 2759 1449 2796 25

1605 2505 1679 2530 1557.
1699 2506 1725 2528 et
1747 2506 1835 2534 t560.;
1873 2506 1954 2530 Editt.
1978 2507 2060 2532 1545.,

1978 2693 2057 2716 Editt.
