2347 3000
65 129 135 164 861
273 126 348 163 vll.

63 214 191 253 hintes,
230 213 356 258 quibus
388 217 532 245 venuste
567 211 744 243 interdum
777 210 829 243 nti
863 210 960 251 licet,
1006 217 1045 244 ut

64 265 228 297 Tiberius
244 264 292 296 ait
308 269 428 295 contra
446 262 676 306 expilationes
695 261 916 295 immodicas:
952 262 1045 294 Boni

66 316 216 359 pastoris
258 320 307 347 est
345 326 448 357 pecus
481 314 647 351 tondere,
689 326 761 345 non
799 313 985 355 deglubere
1000 313 1043 359 ²).

63 366 167 410 Apud
187 366 351 398 Plautum
368 365 409 395 de
430 365 535 396 modo
560 370 760 407 sumptum,
787 365 954 397 struenda
974 376 1044 396 esse

64 417 204 449 moenia
232 427 293 459 pro
321 415 445 458 opibus
462 414 504 459 ³).
557 414 750 447 Pau-issima:
784 415 918 447 utimur
949 414 1044 446 aeni-

65 467 257 510 gmatibus,
291 472 330 497 ut
358 466 451 508 apud
486 465 699 497 Hesiodum:
740 465 937 498 Dimidium
970 466 1044 509 plus

66 524 138 550 toto
159 517 206 562 '¹):
237 517 331 560 quod
356 515 484 548 dicitur
508 517 548 548 de
577 517 679 549 laude
704 516 968 550 mediocritatis.

165 567 297 612 Quinta
322 566 453 610 species
477 573 527 599 est
550 564 762 611 hyperbole,
789 573 842 598 ut:

491 626 666 663 Geminique
688 626 835 653 minantur

231 675 264 704 In
288 676 399 703 coelum
424 675 585 712 scopulff).

62 727 107 760 Et
132 727 255 759 Cicero
283 727 331 758 ait
356 727 397 758 de
421 726 549 758 Verre:
579 726 615 758 in
639 725 755 758 Sicilia
779 737 852 757 non
876 724 979 756 fuisse
1005 729 1044 756 nt

62 785 276 823 tyramnun,
303 777 422 822 quales
446 778 589 809 suerunt
612 774 794 815 Phalaris,
827 781 888 807 aut
909 774 1044 819 Diony-

63 830 152 869 sius,
180 829 240 862 sed
266 834 434 872 tanquam
460 826 611 870 Scyll-'un
639 832 699 858 aut
723 823 992 872 Charybdiinss).

327 908 387 941 De
424 908 774 952 compositione.

164 978 249 1020 Cap.
273 975 332 1009 Vl.
367 974 478 1019 §.18.
517 978 550 1009 (7.
576 978 611 1009 F.
635 977 747 1009 Habeo
772 978 811 1009 de
838 975 1044 1018 simplicibus

61 1030 188 1062 verbis.-
226 1040 312 1060 nanee
339 1029 378 1059 de
405 1029 634 1059 coniunctione
659 1039 792 1070 quaero.
847 1028 881 1060 C.
904 1028 944 1059 P.
967 1028 1043 1059 Νη-

61 1082 144 1114 meri
176 1080 304 1124 quidem
321 1077 350 1121 7)
385 1083 482 1116 sunt,
520 1077 598 1120 etc.]
643 1077 766 1109 Cicero
800 1076 873 1120 ipse.
907 1076 1043 1108 duabus

61 1131 164 1164 rebus
198 1127 491 1171 compositionem
525 1133 686 1160 constare
717 1127 818 1165 dicit3
853 1129 912 1160 sed
946 1127 1043 1169 prius

60 1191 228 1214 numeros
247 1184 438 1221 nuncupat,
468 1184 586 1221 postea
606 1178 903 1218 consecutionem,
931 1177 1042 1217 idest,

62 1230 335 1264 cohaerentimn.
390 1229 455 1260 Sed
480 1235 607 1260 natura
633 1228 707 1271 ipsa
734 1229 833 1272 prior
857 1235 908 1262 est
924 1240 1042 1260 conse-

63 1282 155 1315 cutio
189 1287 220 1312 ct
249 1278 495 1317 cohaerentia,
532 1292 622 1323 qnae
655 1291 781 1322 corpus
806 1285 874 1319 est,
910 1279 945 1311 in
972 1291 1041 1323 quo

61 1331 199 1366 numeri
220 1337 320 1370 sunt,
349 1330 443 1362 xclut
460 1330 494 1361 in
513 1327 676 1362 machina
696 1336 830 1370 motus,
858 1335 919 1363 aut
936 1330 1043 1361 inter-

60 1384 150 1417 valla
176 1388 282 1414 certa.

161 1432 322 1465 Primum
356 1431 463 1473 igitur
494 1432 536 1463 de
572 1431 819 1464 consecutione
853 1430 1040 1463 dicendum

62 1492 131 1523 est,
168 1496 256 1528 quae
289 1482 476 1525 praecipue
496 1488 649 1514 constat
678 1481 916 1525 grammaticis
941 1493 1042 1525 prae-

61 1536 187 1579 ceptis,
222 1533 404 1571 xidclicet,
439 1538 478 1565 ut
500 1532 587 1565 iusta
618 1538 651 1564 et
681 1534 864 1565 observata
890 1531 1041 1576 syntaxi,

60 1594 99 1619 ut
122 1590 268 1622 vot-aut,
305 1583 476 1616 sententia
502 1583 619 1627 aliqua
646 1590 820 1626 ponatur,
857 1596 895 1615 ac
928 1582 1039 1626 posita

58 1637 217 1673 iiniatur3
246 1634 373 1666 deinde
398 1646 483 1665 vero
508 1634 574 1665 alia
598 1646 794 1677 congruens
819 1636 863 1667 ad
887 1646 961 1666 rein
989 1646 1040 1666 se-

60 1693 199 1733 quatur.
252 1685 316 1717 llic
342 1685 429 1717 ordo
458 1685 647 1716 xerboruln
674 1692 706 1717 et
730 1697 848 1718 rernm
877 1691 957 1728 apte
983 1696 1039 1716 co—

59 1737 299 1775 haerentium,
334 1742 481 1767 vocatur
513 1733 569 1767 hic
604 1736 816 1769 consecutio.
887 1736 1040 1767 Miretur

60 1796 176 1822 autem
203 1787 350 1831 aliquis,
379 1798 440 1818 cur
465 1787 506 1818 de
531 1798 568 1817 re
593 1792 664 1818 tani
689 1787 827 1830 vulgari
851 1792 1037 1830 praecepta

60 1841 256 1873 tradantur.
310 1836 397 1881 Quis
422 1836 515 1868 enim
541 1837 662 1876 nescit,
687 1838 826 1880 regulas
851 1844 1038 1882 syntaxeos

59 1889 296 1924 obs-erwaldus
315 1887 409 1920 esse?
430 1887 506 1931 quis
522 1887 631 1919 nescit
646 1889 843 1920 orationem
856 1889 1036 1921 confusam

57 1954 131 1975 non
154 1938 314 1981 intelligi,
341 1939 377 1970 in
404 1951 471 1982 qna
499 1950 561 1970 nee
577 1939 682 1970 verba
700 1945 792 1971 recte.
811 1939 926 1971 iuncta
945 1945 1037 1977 sunt,

58 2005 121 2026 nee
144 2003 198 2023 res
224 1988 433 2028 cohaerent,
461 1995 494 2020 et
516 2000 606 2033 quae
632 1995 682 2022 est
705 1990 828 2023 similis
853 1990 907 2033 (nt
924 1990 1037 2021 Hora-

58 2045 127 2076 tius
155 2041 286 2086 inqnit)
311 2040 492 2073 febrilibns
515 2040 683 2080 somniis,
718 2040 778 2073 ubi
803 2052 867 2073 nec
889 2052 950 2084 pes
973 2052 1036 2072 nec

59 2099 160 2139 capnt
186 2092 247 2126 nui
270 2093 405 2123 formae
430 2090 616 2133 congruit?

157 2144 224 2176 Sed
252 2141 454 2186 peritissimi
480 2139 641 2174 homines
656 2140 840 2181 viderunt,
867 2140 930 2173 etsi
947 2138 1036 2173 nihil

57 2204 130 2229 tam
154 2194 315 2227 naturale
341 2199 409 2232 est,
438 2204 543 2237 quain
567 2192 603 2224 in
627 2193 806 2237 loquendo
831 2191 963 2232 anniti,
997 2197 1036 2224 ut

57 2246 239 2292 perspicua
259 2251 291 2277 et
310 2242 534 2276 cohaerentia
555 2243 735 2276 dicantur:
764 2249 884 2276 tamen
905 2242 1035 2276 multos

59 2298 184 2337 etiam,
225 2295 286 2341 qui
319 2297 360 2328 de
390 2294 526 2338 magnis
556 2295 660 2328 rebus
692 2293 831 2334 dicunt,
876 2293 1034 2327 oblivisci

90 2434 121 2460 2)
142 2432 252 2455 Sueten.
271 2429 357 2452 'siben
375 2434 397 2452 c.
415 2427 456 2451 ³2.

90 2477 120 2504 3)
140 2475 224 2498 Plaut.
244 2473 323 2495 stica.
342 2472 374 2501 5,
393 2472 426 2501 4,
447 2470 493 2493 13:
519 2471 618 2492 Tamen
638 2469 754 2493 vivimus
773 2476 843 2501 nos,
862 2471 953 2494 tamen
972 2471 1032 2495 effi-

124 2510 207 2533 cimus
226 2513 273 2536 pro
291 2506 384 2535 opibus
403 2506 499 2528 nostra
518 2505 632 2527 moenia.

90 2552 121 2579 4)
141 2551 179 2573 De
198 2549 247 2571 hoe
265 2547 416 2576 aenigmate
434 2546 614 2575 proverbiali:
634 2544 720 2569 πλέον
738 2542 820 2576 ἤλιιισυ
839 2544 952 2577 παντός,
971 2547 1032 2571 vide

124 2583 233 2608 Erasmi
251 2582 327 2610 adag.
346 2581 406 2603 ciui.
425 2580 444 2603 l.
463 2582 533 2603 cent.
552 2580 599 2603 lx.
619 2586 696 2609 prov.
715 2580 757 2605 95.

88 2628 118 2654 5)
137 2627 217 2655 virg.
236 2625 302 2647 Aen.
322 2623 350 2653 l,
369 2622 425 2647 162.
446 2622 503 2646 163.

89 2670 120 2698 6)
139 2669 195 2694 Cic.
213 2668 240 2690 in
260 2667 375 2689 Verrem
393 2666 444 2688 aet.
464 2665 495 2688 11.
515 2664 533 2687 l.
552 2665 593 2694 V,
612 2665 661 2695 56,
684 2665 731 2688 145
749 2671 790 2695 sq.

88 2712 119 2741 ⁷)
138 2711 263 2743 quidem]
284 2709 323 2733 sic
342 2708 383 2732 llic
402 2707 602 2738 Commentar.;
620 2708 669 2733 Ed.
690 2708 778 2734 Orcll.
797 2709 922 2740 quidam.

408 123 791 161 COMMENTARIUS
835 123 882 159 IN
924 123 1171 159 ClCEROMS
1212 122 1532 158 PARTI'HONES
1574 123 1859 160 ORATORIAS.

2002 127 2075 162 862

1098 210 1171 251 sui,
1199 216 1231 243 et
1253 210 1416 250 miscere,
1445 222 1483 242 ac
1501 221 1709 243 coacervare
1725 209 1858 249 multa,
1883 222 1973 254 qnae
1994 218 2076 244 sunt

1098 261 1211 293 aliena
1238 274 1255 293 a
1281 261 1483 305 proposito,
1520 268 1553 293 et
1575 259 1662 293 nihil
1690 260 1824 293 faciunt
1851 260 1906 305 (ut
1930 261 2074 306 dicitur)

1097 310 1187 357 πρὸς
1203 311 1295 350 ἔπος.
1334 312 1559 344 liuloctornm
1577 312 1734 356 exempla
1749 317 1830 344 sunt
1845 311 1881 343 in
1896 318 2077 355 promptu,

1099 375 1188 407 quae
1215 369 1388 395 testantur
1412 361 1501 395 nihil
1522 363 1655 407 percipi
1677 376 1716 395 ex
1736 362 1916 402 oratione,
1944 362 1972 395 si
1988 363 2078 405 leges

1618 415 1685 447 Sed
1712 413 1894 446 videamus
1919 414 2077 456 exempla

1098 470 1255 496 x‘eternm
1286 464 1510 507 scriptorum.
1578 463 1618 497 In
1648 465 1810 497 oratione
1843 464 1950 496 Marii
1982 464 2077 507 apud

1097 513 1299 546 Sallustium
1318 514 1348 559 ⁸)
1373 512 1459 546 haec
1482 521 1563 547 sunt
1586 516 1710 548 verba:
1738 515 1785 547 Et
1809 515 1894 548 illud
1919 514 2078 559 intelligo

1098 564 1274 608 Quirites,
1316 564 1476 597 omnium
1518 577 1580 597 ora
1623 566 1659 598 in
1696 579 1752 598 me
1792 577 1960 599 conversa
1993 578 2079 606 esse,

1097 627 1228 660 aequos
1254 615 1438 660 bonosque
1462 616 1580 648 favere
1606 616 1753 661 (quippe
1769 617 1936 649 beneficia
1950 616 1982 663 ⁹)
1998 628 2077 649 mea

1098 666 1310 710 reipublicae
1334 666 1566 710 procedunt),
1593 667 1813 699 nobilitatem
1836 669 1953 700 locum
1979 668 2079 700 inva-

1097 717 1204 749 dendi
1236 729 1418 761 quaerere.
1495 716 1553 749 Fit
1588 718 1734 751 obscura
1770 719 1904 758 oratio,
1946 718 2078 752 inserta

1097 765 1317 810 parenthesi,
1352 779 1441 812 quae
1472 767 1577 800 etiam
1611 775 1662 801 est
1685 768 1822 802 vitiosa.
1875 768 1938 802 Est
1961 776 2078 802 antem

1097 816 1181 850 haec
1208 818 1398 850 sententia:
1426 817 1586 862 intelligo
1608 820 1722 851 bonos
1748 817 1836 851 mihi
1858 820 1988 860 favere,
2014 832 2079 852 no-

1096 868 1181 901 biles
1204 880 1288 900 vero
1313 868 1495 908 insidiari,
1523 875 1555 901 et
1579 870 1779 902 occasiones
1803 881 1988 914 quaerere,
2022 882 2079 903 me

1097 920 1278 952 evertendi
1308 926 1341 952 et
1375 920 1612 963 opprimendi.
1682 920 1720 952 Id
1748 920 1785 952 in
1818 922 1885 953 fine
1915 921 2080 964 ambigua

1097 970 1358 1003 constructione
1385 971 1552 1011 ess'ertur,
1587 971 1810 1004 nobilitatem
1840 971 1958 1004 locum
1982 972 2080 1003 inva-

1096 1021 1202 1053 dendi
1230 1033 1412 1066 quaerere.
1466 1021 1583 1054 Media
1612 1020 1832 1066 parenthesis
1855 1023 1933 1066 plus
1958 1024 2082 1056 obscu-

1096 1071 1210 1104 ritatis
1226 1069 1344 1105 habet.
1396 1071 1479 1105 ldeo
1497 1071 1583 1105 mihi
1599 1074 1686 1106 bene
1705 1074 1830 1106 volunt
1848 1073 1938 1107 cives
1959 1085 2081 1106 aman-

1096 1129 1146 1155 tes
1162 1122 1388 1165 reipublicae,
1417 1123 1497 1167 qnia
1515 1136 1570 1156 me
1589 1125 1631 1156 de
1648 1124 1827 1168 republica
1845 1124 1934 1157 bene
1950 1123 2081 1157 mereri

1097 1179 1279 1212 constant,
1307 1186 1366 1206 sen
1394 1174 1475 1218 quia
1501 1175 1570 1207 mei
1596 1176 1734 1208 labores
1759 1181 1840 1208 sunt
1866 1175 2079 1220 reipublicae

1096 1223 1198 1256 utiles
1223 1230 1256 1255 et
1281 1224 1461 1257 salutares.
1513 1224 1550 1257 Id
1583 1226 1669 1258 dixit
1695 1226 1878 1259 Sallustius
1909 1227 2078 1260 inusitato

1096 1275 1222 1306 verbo:
1247 1274 1326 1306 Mea
1344 1275 1511 1308 beneficia
1530 1276 1743 1320 reipublicae
1759 1278 1967 1321 procedunt,
1983 1278 2080 1322 qnod

1096 1325 1229 1357 Graece
1256 1325 1395 1358 x-idciur
1419 1326 1550 1358 dictum
1574 1331 1846 1373 προχωροῦσιν.

1196 1375 1347 1418 Flagitat
1366 1376 1472 1418 igitur
1491 1379 1690 1410 consecutio
1707 1385 1739 1410 et
1756 1378 1919 1423 syntaxin
1938 1378 2080 1417 iustam,

1095 1431 1129 1457 et
1156 1437 1274 1458 rerum
1306 1426 1467 1459 ordinem
1500 1435 1772 1471 congruentem,
1812 1441 1856 1461 ne
1887 1429 1931 1462 sit
1963 1429 2078 1461 oratio

1096 1476 1284 1509 temeraria
1311 1479 1486 1522 quaedam
1514 1480 1748 1512 coacervatio.
1803 1479 1922 1523 Quare
1954 1479 2077 1512 Cicero

1094 1527 1303 1572 plerumque
1337 1528 1450 1571 posita
1490 1530 1607 1574 aliqua
1647 1529 1915 1574 propositione,
1957 1531 2079 1563 attexit

1094 1577 1246 1610 vicinam
1272 1579 1483 1612 sententiam
1507 1587 1634 1613 natura
1662 1579 1929 1620 cohaerentem,
1956 1581 2078 1613 videli-

1094 1635 1163 1667 cet,
1193 1635 1253 1661 aut
1276 1641 1416 1662 causam
1441 1637 1501 1663 aut
1517 1631 1842 1675 amplificationem.
1894 1632 1943 1665 Ac
1962 1645 2078 1665 suma-

1093 1692 1170 1712 mus
1188 1681 1385 1724 exemplum
1403 1694 1443 1714 ex
1462 1682 1624 1715 oratione
1644 1683 1826 1716 notissima
1849 1695 1914 1726 pro
1934 1681 2076 1717 Archia.

1092 1730 1271 1763 Sententia
1304 1732 1440 1774 primae
1474 1733 1610 1776 periodi
1643 1740 1708 1766 est:
1752 1734 1872 1767 Debeo
1903 1733 2077 1767 defensio-

1091 1793 1170 1813 nem
1193 1779 1357 1816 Archiae.
1424 1783 1514 1816 Nam
1552 1785 1594 1816 ad
1628 1784 1822 1817 vitandam-
1839 1785 2076 1829 suspicionem

1092 1832 1299 1865 temeritatis
1325 1839 1358 1865 et
1381 1834 1589 1867 declinanda
1616 1835 1718 1875 odia,
1746 1835 1900 1868 maxime
1932 1837 2076 1880 prodest

1091 1883 1242 1926 allegare
1287 1881 1470 1916 honestam
1511 1886 1615 1917 ol'iicii
1657 1899 1695 1918 ac
1735 1886 1845 1919 debiti
1885 1887 2074 1920 rationem.

1089 1933 1205 1966 Porro
1230 1934 1383 1968 brevitas
1409 1935 1528 1968 suisset
1553 1937 1658 1969 nimis
1683 1935 1848 1977 horrida,
1883 1938 1911 1971 si
1936 1944 2074 1970 tantum

1090 1984 1247 2018 dixisset:
1290 1985 1410 2018 Debeo
1444 1987 1682 2019 defensionem
1712 1987 1875 2021 Archiae.
1954 1988 2074 2033 Quare

1089 2033 1175 2068 haec
1202 2036 1274 2080 ipsa
1293 2037 1465 2069 sententia
1485 2045 1632 2081 angetur
1651 2039 1900 2071 distributione
1918 2040 2073 2083 partium

1089 2087 1302 2126 industriae,
1333 2100 1393 2120 seu
1416 2089 1609 2128 facultatis,
1645 2102 1734 2134 qnae
1758 2096 1895 2123 constat
1918 2090 2072 2134 ingenio,

1089 2138 1337 2170 exercitatione
1361 2145 1395 2171 et
1418 2145 1504 2173 arte.
1559 2140 1593 2173 Si
1627 2140 1711 2185 quid
1744 2148 1794 2174 est
1810 2141 1852 2187 ¹⁰)
1881 2142 1916 2173 in
1938 2154 1993 2174 me
2019 2141 2072 2173 in-

1089 2189 1183 2232 genii
1213 2189 1362 2228 iudices,
1408 2192 1504 2234 quod
1536 2191 1648 2224 sentio
1681 2204 1787 2236 quain
1822 2192 1865 2224 sit
1895 2191 2070 2234 exiguum,

1088 2247 1147 2272 ant
1169 2241 1195 2273 si
1221 2253 1287 2285 qua
1313 2241 1516 2274 exercitatio
1551 2242 1708 2282 dicendi,
1743 2243 1777 2274 in
1809 2255 1877 2287 qua
1910 2254 1964 2274 me
1996 2254 2069 2274 non

1088 2291 1220 2323 infitior
1242 2291 1468 2324 mediocriter
1488 2305 1559 2325 esse
1579 2299 1775 2331 versatnin;
1805 2299 1864 2325 aut
1880 2293 1906 2326 si
1925 2291 2069 2326 huiusce

1085 2342 1135 2374 rei
1165 2341 1257 2374 ratio
1293 2341 1408 2386 aliqua
1441 2343 1484 2375 ab
1523 2343 1739 2386 optimarum
1778 2343 1907 2376 artium
1945 2344 2068 2377 studiis

1086 2400 1119 2426 et
1136 2392 1180 2439 ¹¹)
1208 2392 1391 2436 disciplina
1417 2394 1590 2437 perfecta,
1615 2406 1633 2426 a
1664 2406 1732 2439 qua
1751 2405 1813 2438 ego
1831 2394 1968 2427 nullum
1986 2406 2068 2427 con-

1097 420 1283 457 syntaxeos
1309 414 1543 456 negligantulu

1118 2518 1149 2545 8]
1169 2517 1282 2541 Sallust.
1302 2516 1421 2546 Iugurtli.
1440 2523 1460 2540 c.
1481 2517 1523 2542 85.

1117 2560 1148 2587 9)
1170 2558 1312 2586 beneficia]
1332 2558 1369 2581 sle
1389 2558 1430 2582 luc
1452 2559 1618 2588 Continent.;
1637 2558 1707 2588 apud
1727 2559 1839 2585 Sallust.
1858 2560 1972 2591 legitur:
2000 2563 2066 2586 bene

1152 2594 1231 2616 facta.

1119 2635 1164 2662 10)
1185 2635 1211 2658 si
1233 2635 1294 2664 quid
1315 2637 1451 2657 est—suo
1472 2633 1531 2656 iure
1550 2634 1651 2662 dehet]
1677 2635 1742 2658 llaec
1761 2637 1802 2658 est
1821 2636 1960 2660 sententia
1979 2638 2066 2666 prima

1153 2670 1207 2692 Cic.
1230 2671 1298 2692 orat.
1320 2675 1368 2698 pro
1388 2669 1495 2691 Archia.

1119 2712 1164 2740 11)
1185 2713 1224 2741 et]
1243 2711 1283 2734 sie
1303 2711 1344 2735 liic
1364 2712 1530 2740 Comment.;
1551 2710 1598 2734 Ed.
1619 2711 1719 2735 orest:
1738 2717 1778 2735 ac.
