2347 3000
90 125 164 161 497
802 125 860 163 Vl.

81 224 155 246 non
184 211 416 246 fructificante
448 212 593 256 insuper
625 211 761 245 lucrum
790 212 954 253 adderet,
990 225 1065 246 non

79 262 187 306 igitur
205 271 406 298 servaretur
421 260 642 297 arithmetica
661 263 875 308 aequalitas,
905 263 984 297 ideo
1000 261 1065 297 hu-

78 314 324 348 manissimum
348 315 480 347 dictum
504 319 574 353 est,
608 314 867 348 mutuationem
895 327 966 349 esse
990 316 1064 348 ossi-

79 365 192 405 cium,
220 372 254 398 et
267 366 447 398 liberalem
468 371 700 399 contractum.
754 365 980 410 Depravatur
1003 379 1063 400 au-

78 422 148 449 tem
172 416 344 449 mutuatio
372 415 499 450 usuris.
566 414 650 450 Ideo
673 414 730 448 hic
753 417 910 450 definitio
934 430 1062 451 usurae

78 468 246 500 tradenda
263 473 324 500 est.

180 517 293 550 Usura
312 523 362 550 est
376 517 512 551 lucrum
525 544 533 558 ‚
561 524 708 562 propter
724 518 981 552 mutuationem
1005 531 1061 552 su-

74 580 137 611 pra
161 574 293 601 sortem
316 575 489 602 exactum.
544 569 649 613 Quod
677 576 793 602 autem
820 569 988 602 iniustum
1015 569 1060 602 sit

73 631 197 652 usuras
214 625 333 663 petere
351 625 383 651 et
401 619 579 663 accipere,
606 619 761 663 primum
786 621 840 652 lex
864 619 983 652 divina
1010 626 1058 652 te-

72 676 202 709 statur,
228 668 414 709 Levil.25,
431 670 541 715 (36.):
570 670 651 704 Bon
669 670 819 714 accipias
836 682 854 702 a
872 671 980 703 fratre
996 677 1056 704 tuo

72 733 195 754 usuras
218 734 281 754 nec
306 721 475 765 amplius,
510 733 617 766 quam
644 721 780 755 dedisti.
834 721 879 755 Et
895 722 1056 755 Psalmus

76 771 173 816 15¹),
192 771 278 817 (5.):
317 772 386 816 Qui
410 771 594 816 pecuniam
621 784 720 804 suam
745 773 789 804 ad
812 785 956 805 usuram
982 785 1055 805 non

71 823 178 856 dedit.
225 823 271 856 Et
282 821 440 856 Christus
460 822 576 867 inquit
595 822 696 868 (Luc.
715 823 748 863 6,
764 821 858 868 85.);
888 823 1053 857 Mutuum

70 874 169 913 date,
196 873 285 907 nihil
308 874 388 906 inde
414 879 615 917 sperantes,
652 873 686 906 id
711 880 779 913 est,
803 887 876 908 non
897 881 1054 919 petentes

68 925 204 958 lucrum
227 937 333 969 supra
357 931 507 964 sortem,
533 936 616 957 nam
641 925 669 957 si
692 923 897 969 prohiberet
921 932 1052 959 sortem

68 975 160 1018 peti,
186 975 335 1008 diceret:
362 975 514 1009 Donate.
567 975 670 1009 Nunc
690 989 769 1009 cum
787 977 852 1009 ait:
887 977 1052 1011 Mutuum

67 1027 147 1059 date
159 1053 167 1066 ,
195 1024 289 1060 hunc
305 1027 419 1071 ipsum
439 1032 659 1062 contractum
673 1027 906 1062 mutuationis
924 1041 1053 1073 appro-

65 1077 147 1117 bat,
174 1078 377 1111 distinctum
396 1090 415 1111 a
433 1078 638 1113 donatione.

166 1136 261 1169 Haec
277 1136 395 1169 divina
414 1137 615 1170 testimonia
634 1137 902 1182 amplectamur,
917 1144 950 1171 et
966 1138 1052 1172 scia-

66 1199 144 1219 mus
160 1200 285 1221 usuras
306 1200 385 1220 vere
410 1188 594 1232 displicere
620 1188 718 1229 Deo,
751 1202 814 1222 nec
839 1202 1051 1235 quaeramus

66 1238 308 1272 cavillationes
326 1240 370 1271 ad
392 1239 652 1272 excusationem
675 1240 941 1273 manifestarum
970 1254 1051 1274 usu-

65 1301 207 1330 rarum,
234 1296 273 1323 ut
296 1289 399 1322 multi
423 1289 567 1322 faciunt.
629 1290 755 1323 Postea
780 1303 865 1323 vero
893 1292 1051 1325 conside-

64 1352 183 1374 remus
199 1346 232 1373 et
247 1341 403 1373 rationes
421 1340 575 1373 naturali
591 1340 721 1373 iudicio
739 1341 912 1381 collectas,
939 1354 1049 1387 quare

65 1403 193 1424 usurae.
210 1392 280 1424 sint
297 1392 466 1431 iniustae,
494 1403 645 1436 quarum
662 1389 748 1423 haec
771 1392 959 1436 praecipua
981 1400 1047 1427 est:

65 1442 219 1475 Societas
236 1443 345 1476 civilis
361 1454 434 1475 non
451 1448 566 1485 potest
583 1454 654 1476 esse
671 1449 852 1485 perpetua,
878 1455 955 1476 cum
974 1456 1047 1477 non

64 1499 226 1526 servatur
258 1494 451 1539 aequalitas
482 1492 519 1524 in
552 1505 673 1526 rerum
713 1494 1048 1536 communicatione,

64 1555 147 1576 nam
171 1545 279 1577 altera
305 1551 404 1590 parte
430 1541 618 1584 exhausta,
657 1544 820 1589 dissipari
842 1545 1045 1579 societatem

61 1606 197 1629 necesse
214 1601 275 1629 est.

162 1655 208 1688 At
234 1655 270 1687 in
295 1654 409 1688 usuris
434 1666 507 1688 non
531 1661 692 1689 servatur
713 1655 925 1700 aequalitas,
963 1667 1044 1688 nam

63 1706 124 1752 qui
141 1706 237 1739 (ledit
260 1713 443 1746 mutuum,
470 1706 595 1750 recipit
613 1719 734 1746 suum,
763 1713 795 1739 et
822 1706 948 1750 accipit
973 1719 1047 1739 am-

62 1758 165 1803 plius.
217 1755 434 1790 Exhauritur
453 1769 535 1801 ergo
558 1758 666 1790 altera
690 1770 790 1801 pars,
820 1764 853 1790 et
876 1770 949 1790 non
976 1770 1046 1791 ser-

62 1815 164 1842 vatur
181 1809 373 1854 aequalitas
385 1836 393 1848 ,
419 1808 507 1841 sicut
525 1820 580 1841 res
597 1808 669 1852 ipsa
688 1809 859 1848 ostendit,
887 1809 947 1842 ubi
964 1821 1047 1842 con-

63 1872 176 1893 cessae
194 1861 337 1893 suerunt
353 1860 608 1892 immoderatae
626 1872 753 1893 usurae
765 1885 774 1899 ,
801 1872 947 1903 magnas
963 1872 1045 1904 gen-

63 1918 113 1944 tes
130 1912 287 1944 redactas
306 1923 377 1944 esse
395 1911 437 1943 ad
455 1910 631 1954 inopiam,
658 1910 788 1943 multos
807 1917 945 1944 coactos
963 1924 1045 1944 ven-

63 1964 144 1994 dere
160 1962 249 1994 t'ilias
268 1968 299 1993 et
315 1962 415 1994 lilios.
470 1962 549 2006 Qua
570 1973 610 1993 ex
628 1973 665 1993 re
685 1973 787 2005 saepe
806 1962 1045 1996 mutuationes

61 2013 292 2058 imperiorum
311 2019 408 2045 ortae
426 2018 517 2045 sunt.
567 2010 648 2044 Ideo
671 2013 776 2045 etiam
795 2011 924 2045 ethnici
941 2025 1044 2057 saepe

63 2065 174 2097 coacti
199 2069 301 2103 sunt,
336 2063 513 2096 moderari
534 2075 678 2103 usuras,
711 2070 750 2096 ut
772 2063 940 2109 8010112)‚
974 2064 1044 2098 Lu-

97 2200 125 2232 1)
145 2200 242 2224 Psalm.
259 2198 313 2227 15.]
334 2197 416 2222 Editt.
437 2197 595 2226 (seeundum
608 2197 696 2221 Lxx.
715 2198 741 2220 et
754 2197 852 2227 vulg.)
872 2196 971 2221 Psalm.
987 2198 1027 2222 Η.

95 2251 124 2283 2)
145 2252 228 2276 Solon
248 2255 300 2272 non
320 2248 474 2279 praefinivit
491 2248 597 2271 modum
609 2253 724 2275 usurae,
746 2248 861 2271 maxima
876 2248 944 2271 enim
957 2249 1041 2272 Athe-

132 2287 175 2309 nis
194 2286 253 2308 erat
272 2283 412 2306 fenerandi
435 2283 558 2311 licentia,
585 2283 735 2311 approbata
752 2282 840 2305 veteri
865 2283 914 2305 bar,
933 2283 1041 2306 solonis

131 2321 208 2349 lege:
233 2316 261 2341 τὸ
282 2315 413 2348 ἀργύριον
432 2315 568 2347 στάσιμον
586 2312 671 2345 εἶναι,
702 2314 746 2347 ἐφ’
766 2313 872 2340 ὁπόσον
890 2313 925 2339 ἄν
942 2315 1042 2348 βούλη-

133 2361 177 2377 ται
200 2349 213 2375 ὁ
238 2351 380 2380 δανείζων,
412 2351 464 2374 vid.
488 2350 570 2374 Petiti
589 2351 660 2380 legg.
681 2351 735 2373 Att.
756 2351 772 2374 l.
789 2351 822 2374 V.
842 2351 882 2374 tit.
896 2353 919 2374 4.
939 2352 956 2374 l.
974 2352 995 2374 l.
1015 2353 1041 2374 et

133 2395 158 2417 p.
178 2387 236 2410 403.
268 2385 462 2409 commentarii.
514 2385 582 2408 Nam
606 2385 724 2408 eiusdem
748 2384 819 2408 tituli
844 2385 930 2413 legem
949 2386 972 2409 2.
1002 2383 1039 2416 μή

132 2419 280 2452 λαμβάνειν
298 2417 416 2446 πολλοὺς
434 2417 528 2445 τόκους
543 2419 693 2442 salmasius
707 2419 739 2441 de
754 2425 860 2443 usurar.
875 2420 952 2442 modo
967 2427 989 2448 p.
999 2422 1039 2442 94.

133 2455 261 2484 expunxit
284 2459 417 2484 nunquam
441 2454 523 2476 latam
553 2454 716 2481 ostendens3
749 2453 887 2481 pertinere
909 2454 944 2476 ad
968 2452 1040 2483 ἔθος,

134 2489 203 2519 quod
222 2488 319 2518 privati
338 2488 408 2511 inter
426 2494 487 2510 sese
505 2488 705 2510 constituerant
729 2487 833 2516 ipsimet
853 2488 879 2510 in
898 2494 1040 2511 usurarum

134 2523 228 2549 modo,
260 2528 336 2551 quem
360 2523 403 2545 lex
422 2522 531 2545 Solonis
555 2522 658 2551 scripta
683 2522 765 2544 nullis
783 2521 925 2545 cohibitum
946 2523 1040 2545 finibus

132 2557 312 2588 permiserat,
342 2556 506 2585 coercend03
539 2556 593 2580 vid.
613 2555 691 2578 Petit.
713 2555 729 2580 Ι.
747 2556 764 2580 l.
784 2563 806 2585 p.
821 2556 879 2578 406.
904 2563 1041 2579 commen-

134 2592 205 2616 tatii.
248 2591 282 2613 At
308 2590 361 2613 ista
384 2590 443 2621 lex,
475 2597 508 2613 ex
533 2596 584 2620 qna
608 2590 779 2612 feneratores
803 2592 918 2613 mutuam
944 2591 1041 2613 dabant

131 2625 269 2656 pecuniam
303 2624 381 2646 etiam
411 2624 597 2653 oppigneratis
627 2624 775 2646 debiturum
801 2625 976 2652 corporstum,
1012 2626 1041 2647 ut

131 2659 312 2683 creditoribus
331 2658 534 2687 addicerentur,
553 2659 576 2681 si
596 2664 649 2681 nou
667 2658 833 2686 solvissent,
852 2664 867 2681 a
882 2659 983 2681 solone
1001 2660 1042 2681 cst

132 2694 287 2722 antiquata,
318 2694 343 2714 et
362 2692 449 2714 altera
467 2692 538 2721 lata,
566 2698 617 2722 qua
635 2693 781 2715 cavebatur
801 2699 834 2714 ne
853 2699 924 2715 nexu
943 2698 1041 2721 corpo-

133 2729 172 2750 ris
193 2729 218 2749 in
238 2726 398 2749 servitutem
418 2725 562 2749 abducendi
586 2726 727 2756 pecuniam
753 2726 840 2750 fenori
865 2727 1040 2753 collocarent.

68 2772 248 2802 mmmm.
272 2769 378 2799 Opim.
400 2768 484 2798 Vota.
509 2769 599 2799 XVI.

912 124 976 161 DE
1012 126 1104 162 CON
1111 126 1392 163 TRACTIBUS.

2029 138 2104 172 498

1119 213 1248 255 cullus‚
1283 214 1426 256 Cicero,
1460 213 1567 250 Iulius
1590 223 1623 250 et
1646 216 1823 262 Augustus
1848 222 2102 265 praefinierunt

1118 267 1264 299 modum
1280 266 1415 307 usuris,
1443 280 1486 301 ne
1505 267 1581 313 plus
1604 281 1711 314 quain
1735 271 1923 305 centesima
1949 274 2100 307 solvere-

1117 321 1195 355 tur,
1236 317 1272 350 id
1297 324 1366 357 est,
1403 332 1493 363 quae.
1518 320 1707 353 centesimo
1732 334 1851 355 mense
1876 332 2004 370 aequat
2024 338 2098 358 sor-

1116 372 1186 398 tem
1199 366 1242 412 3).
1300 368 1433 402 Narrat
1467 376 1583 403 aulem
1617 370 1740 405 Cicero
1762 373 1913 407 Brutum
1944 382 2098 420 quatuor

1115 418 1322 452 centesimas
1338 419 1374 451 in
1393 420 1511 464 Cypro
1538 422 1746 468 exegisse⁴),
1781 431 1815 457 et
1839 425 1975 471 aliquot
1997 440 2097 460 sena-

1114 473 1208 502 tores
1224 469 1317 502 fame
1333 478 1476 504 necatos
1494 484 1577 506 esse.
1635 474 1767 507 Verum
1796 476 1831 508 in
1854 477 1945 510 libro
1962 477 2096 511 Esdrae.

1113 519 1187 564 2⁵)
1213 532 1288 564 sap.
1307 519 1342 559 5,
1360 521 1453 566 (11.)
1480 522 1584 555 etiam
1612 526 1817 560 centesimas
1835 526 1953 561 ludaei
1977 531 2096 562 remit-

1113 575 1185 601 tere
1214 570 1391 604 iubentur.
1445 572 1549 616 Quod
1574 586 1614 606 eo
1640 576 1768 616 recito,
1802 585 1841 611 ut
1868 580 2096 613 meminerint

1111 620 1260 653 studiosi
1290 634 1330 654 eo
1360 622 1438 654 loco
1467 624 1542 655 lieri
1569 627 1785 660 mentionem
1811 631 2094 672 centesimarum,

1110 682 1150 702 ac
1178 670 1333 711 discant,
1373 672 1459 718 quid
1494 674 1563 707 sint
1594 678 1822 718 centesimae,
1859 682 1940 727 quia
1974 695 2095 716 earum

1109 733 1212 765 saepe
1230 723 1268 755 fit
1285 724 1418 757 mentio
1436 723 1471 756 in
1490 724 1565 758 iure
1585 732 1617 758 et
1631 726 1666 760 in
1685 726 1853 764 historiis.

1210 773 1392 807 Teneatur
1423 781 1456 807 et
1485 776 1617 810 dictum
1640 777 1856 819 Aristotelis,
1893 783 1951 827 qui
1977 784 2094 828 primo

1108 825 1305 859 πολιτικῶν
1328 826 1475 858 damnat
1498 840 1622 861 usuras
1647 826 1700 863 liis
1727 831 1897 877 verbis⁶):
1938 833 2027 868 Iuste
2057 837 2092 869 in

1108 874 1191 906 odio
1217 882 1267 909 est
1292 876 1552 918 foeneratoria,
1595 880 1676 924 quia
1700 893 1846 915 nummo
1878 884 1989 918 utitur
2019 893 2093 919 tan-

1108 937 1214 970 quam
1239 939 1374 967 merce,
1417 934 1449 960 et
1474 941 1513 961 ex
1536 942 1577 962 eo
1604 933 1700 975 quod
1724 944 1796 965 non
1820 935 2005 968 fructificat
2032 950 2094 970 na-

1107 982 1207 1017 tura,
1253 978 1407 1012 fructum
1441 980 1553 1024 capit;
1607 988 1643 1014 at
1672 985 1960 1020 commutationis
1990 1000 2093 1022 causa

1105 1028 1216 1061 sactus
1234 1035 1285 1062 est
1304 1042 1488 1063 nummus:
1524 1032 1677 1066 maxime
1698 1033 1805 1078 igitur
1826 1043 1966 1080 praeter
1990 1046 2092 1073 natu-

1105 1090 1180 1112 ram
1207 1086 1275 1120 est,
1308 1093 1494 1114 nummum
1519 1083 1594 1115 fieri
1618 1097 1782 1120 mercem.
1834 1087 1917 1120 Dixi
1939 1095 1973 1121 et
1992 1102 2093 1134 prae-

1105 1131 1213 1175 ceptis
1229 1131 1316 1172 Dei,
1344 1139 1377 1165 et
1395 1145 1475 1166 vera
1495 1135 1648 1167 naturali
1666 1137 1803 1170 ratione
1823 1139 1988 1172 damnari
2012 1154 2093 1175 usu-

1104 1193 1173 1215 ras.
1236 1181 1339 1216 Nunc
1368 1184 1592 1228 quaestiones
1618 1187 1780 1220 adiiciam
1805 1190 1847 1222 de
1875 1191 1976 1224 certis
2004 1193 2090 1226 casi-

1103 1232 1187 1272 bus,
1214 1233 1257 1266 de
1274 1234 1399 1279 quibus
1417 1235 1454 1269 in
1473 1233 1537 1269 llac
1555 1239 1736 1271 communi
1752 1239 1822 1272 vita
1845 1253 1948 1285 saepe
1973 1243 2091 1287 dispu-

1103 1289 1210 1316 tatur.

1206 1333 1352 1367 Constat
1370 1336 1463 1369 enim
1487 1338 1659 1382 quosdam
1684 1340 1905 1375 turbulentos
1929 1340 2091 1380 homines

1101 1383 1176 1416 sine
1194 1385 1292 1417 omni
1308 1386 1530 1427 discrimine,
1558 1401 1680 1423 omnes
1698 1391 1830 1424 reditus
1853 1394 2037 1428 damnasse
2047 1396 2090 1441 ⁷).

1100 1434 1279 1469 Adversus
1296 1436 1381 1470 tales
1401 1438 1585 1472 seditiosas
1610 1440 1795 1484 opiniones
1817 1446 2090 1488 praemuniendi

1100 1492 1182 1519 sunt
1198 1498 1320 1521 ammi.

1168 1615 1210 1638 his
1228 1615 1336 1639 verbis:
1364 1611 1410 1638 ἐπὶ
1428 1614 1484 1642 τοῖς
1501 1613 1611 1647 σώμασι
1628 1615 1734 1648 μηδένα
1752 1614 1898 1648 &metzam
1928 1620 1983 1646 vid.
2002 1621 2087 1649 eumd,

1169 1649 1241 1672 tituli
1258 1650 1312 1680 leg.
1328 1650 1353 1673 5.
1374 1651 1400 1673 et
1419 1656 1444 1679 p.
1457 1650 1516 1675 412.
1534 1652 1730 1675 commentarii.

1133 1700 1163 1727 3)
1183 1700 1261 1725 Cous.
1282 1700 1311 1724 C.
1332 1701 1483 1724 salmasius
1504 1701 1536 1724 de
1555 1703 1633 1725 modo
1653 1708 1807 1726 usurarum.
1841 1703 1926 1735 Lugd.
1946 1706 1973 1730 B.
1995 1707 2084 1739 1639.;

1167 1735 1257 1758 Wiui.
1275 1735 1359 1765 Rein,
1386 1736 1461 1760 Rom.
1482 1736 1652 1759 Privatreclit
1672 1744 1695 1766 p.
1711 1737 1884 1767 aot—312.;
1915 1740 2000 1764 eiusd.
2020 1743 2085 1766 Cri..

1170 1769 1332 1792 minalrecbt
1358 1770 1405 1792 der
1430 1770 1530 1793 Ro'mer
1556 1777 1579 1799 p.
1599 1771 1784 1800 sao—8324
1820 1772 1894 1796 Albr.
1921 1774 2082 1805 Schweppe,

1167 1803 1244 1828 Rom.
1262 1804 1457 1833 Recbtsgescli.
1478 1811 1502 1827 u.
1521 1804 1730 1828 Recbtsaltertli.
1749 1806 1772 1828 3.
1786 1806 1858 1830 Ausi.
1876 1807 2037 1840 herausgeg,
2058 1818 2084 1835 v.

1169 1837 1306 1861 Griiudler
1333 1845 1356 1866 p.
1378 1838 1537 1861 476-479.
1580 1839 1685 1869 Pauly,
1716 1840 1960 1871 Real-Encyclop.
1989 1844 2016 1867 T.
2038 1844 2083 1868 lu.

1166 1878 1191 1901 p.
1205 1872 1360 1895 445—461.
1386 1878 1407 1895 s,
1427 1878 1452 1895 v.
1473 1872 1575 1896 Fenus.

1132 1923 1162 1955 4)
1181 1924 1215 1946 Μ.
1238 1922 1329 1945 lunius
1348 1923 1464 1949 Brutus,
1492 1924 1527 1946 M.
1546 1924 1622 1947 Bruti
1643 1925 1669 1947 et
1689 1925 1823 1949 Serviliae
1842 1927 1931 1958 filius,
1955 1932 2036 1953 natus
2056 1937 2081 1954 a.

1167 1965 1193 1982 u,
1206 1964 1228 1981 c.
1245 1957 1303 1980 669.
1315 1973 1321 1984 ,
1348 1955 1565 1987 τνραννοκτόνος
1583 1959 1805 1988 cognominatus,
1831 1962 1899 1984 istas
1918 1970 2081 1991 permaenas

1166 1997 1266 2014 usuras
1291 1991 1400 2019 exegit,
1430 1998 1488 2015 cum
1517 1993 1724 2016 Salaminiorum
1743 1994 1907 2024 Cypriorum
1932 1998 2030 2021 civitas
2055 2000 2082 2023 in

1166 2026 1223 2049 eius
1249 2025 1300 2048 fide
1324 2028 1399 2048 esset
1417 2026 1521 2051 locata.
1546 2032 1569 2050 a.
1584 2027 1634 2050 70³
1654 2030 1680 2050 et
1694 2028 1745 2051 704
1763 2034 1787 2051 a.
1803 2036 1826 2051 u.
1841 2036 1880 2055 c.,
1900 2030 1995 2055 Cicero
2015 2039 2080 2061 pro-

1165 2060 1260 2084 consul
1279 2059 1390 2082 Ciliciae
1408 2061 1458 2083 lioc
1482 2062 1602 2090 tempore
1629 2062 1686 2084 eius
1712 2068 1766 2085 rein
1793 2065 1974 2092 pecuniariam
1999 2073 2080 2090 cura-

1164 2096 1209 2118 bat
1229 2095 1363 2117 adversus
1388 2094 1535 2118 debitorem
1560 2096 1790 2123 Ariobarzanem,
1819 2097 2006 2127 Cappadociae
2032 2108 2078 2124 re-

1167 2135 1240 2160 gem,
1272 2134 1321 2150 nec
1344 2133 1440 2158 magno
1460 2135 1542 2158 opere
1562 2130 1620 2152 eius
1639 2131 1811 2159 cupiditatem
1833 2133 1960 2160 pecuniae
1979 2136 2005 2157 et
2024 2135 2078 2157 ini-

1166 2169 1218 2193 qua
1247 2163 1385 2192 postulata
1406 2163 1438 2186 de
1463 2164 1620 2186 salaminiis
1646 2165 1671 2187 in
1691 2165 1783 2194 Cypro
1810 2165 1914 2195 insula,
1946 2169 1989 2197 qui
2015 2169 2078 2192 item

1164 2198 1190 2221 ei
1208 2198 1354 2224 debebant,
1373 2198 1520 2225 probabat,
1541 2198 1616 2220 cuius
1636 2198 1668 2220 de
1687 2199 1735 2222 bac.
1753 2205 1783 2222 re
1801 2201 2010 2230 conquestiones
2030 2209 2078 2225 re-

1162 2232 1305 2262 periuntur
1324 2231 1438 2254 maxime
1457 2231 1482 2253 in
1505 2233 1569 2261 Epp.
1589 2233 1622 2255 ad
1642 2234 1696 2256 ΑΜ.
1711 2234 1757 2260 Vl,
1782 2234 1802 2257 1.
1833 2234 1884 2258 vid.
1907 2235 1965 2258 ibid.
1981 2236 2016 2266 V,
2035 2238 2077 2260 2¹.

1163 2268 1189 2289 et
1209 2266 1331 2295 savigny
1357 2266 1422 2288 iiber
1447 2266 1496 2288 den
1516 2267 1698 2289 Zinswuclier
1717 2267 1764 2290 des
1782 2268 1816 2291 Μ.
1835 2269 1950 2298 Brutus,
1979 2269 2006 2292 in
2026 2271 2077 2294 den

1162 2300 1254 2329 pbilol.
1271 2299 1402 2322 Abbandl.
1422 2299 1470 2322 der
1488 2301 1589 2325 Berlin.
1607 2301 1690 2325 Acad.
1712 2302 1759 2324 der
1779 2302 1865 2325 {Visa
1887 2303 2077 2329 lew—1319.

1162 2342 1185 2364 p.
1206 2333 1253 2356 187
1269 2340 1310 2362 sq.

1127 2384 1155 2413 5)
1176 2385 1282 2407 Esdrae
1296 2384 1336 2440 ἰ]
1361 2383 1400 2406 sic
1424 2384 1508 2408 Editt.
1532 2385 1679 2408 secundum
1704 2385 1786 2416 Vulg.
1812 2386 1956 2411 Nehemiae
1981 2388 2077 2414 librum

1161 2419 1301 2445 significan
1318 2437 1323 2441 .

1127 2472 1157 2499 6)
1180 2468 1339 2492 Aristotelis
1370 2469 1454 2491 verba
1476 2469 1555 2493 Polit.
1577 2469 1595 2493 1.
1623 2476 1644 2492 c.
1659 2470 1682 2493 3.
1710 2469 1788 2498 §.2³
1814 2471 1855 2495 ed.
1879 2473 1976 2501 Stahr,
2008 2476 2074 2501 baec

1161 2506 1240 2527 sunt:
1264 2499 1450 2533 Εὐλογώπιτα
1468 2503 1587 2536 ἰιι-σήπει
1606 2500 1619 2532 ἡ
1641 2500 1831 2534 ὀβολοστατικὴ
1850 2504 1893 2528 dui
1913 2506 1941 2529 τὸ
1961 2504 2007 2532 ιῗπ)
2022 2508 2072 2533 αὖ-

1160 2538 1207 2561 τοῦ
1226 2536 1274 2560 τοῦ
1293 2537 1463 2568 νομίσματος
1481 2537 1551 2559 εἶναι
1569 2535 1616 2565 τήν
1634 2537 1730 2566 κτῆσιν
1744 2538 1790 2562 καὶ
1805 2537 1854 2563 οὐκ
1865 2538 1909 2571 ἐφ’
1924 2539 1992 2573 ὅπερ
2006 2543 2073 2567 ἐπο-

1161 2573 1258 2603 ρίσθη·
1294 2569 1445 2601 Δμεταβολῆς
1468 2569 1522 2602 7120
1547 2570 1654 2602 ἐγένετο
1681 2570 1780 2604 χάριν,
1812 2571 1825 2596 ὁ
1853 2571 1879 2597 δὲ
1906 2574 1982 2604 τόκος
2005 2576 2072 2602 αὐτὸ

1160 2606 1234 2629 noui
1250 2604 1342 2629 πλέον,
1364 2605 1430 2635 (vid.
1450 2611 1532 2634 supra
1553 2613 1574 2633 p.
1590 2606 1665 2631 4225,
1697 2608 1739 2629 ubi
1767 2608 1859 2631 eadem
1886 2611 1971 2634 verba
1988 2613 2073 2636 allata

1161 2642 1239 2667 sunt,
1259 2640 1284 2662 in
1305 2639 1400 2668 quibus
1418 2640 1507 2661 autem
1527 2645 1575 2668 pro
1594 2636 1765 2671 εὐλογώτατα
1785 2645 1895 2673 typogr.
1914 2650 2009 2670 errore
2027 2644 2072 2671 εἰ-

1160 2671 1303 2705 λσγιότατα
1323 2679 1451 2696 excusum
1471 2673 1536 2704 est).

1125 2726 1154 2753 7)
1176 2725 1253 2749 cons.
1273 2730 1355 2754 supra
1373 2731 1398 2754 p.
1413 2724 1474 2793 ⁴3⁴3
