2347 3000
102 121 176 156 117
640 120 664 156 Ι.

101 206 268 247 tradidit,
309 214 342 240 et
373 207 472 241 iussit
504 202 584 240 eum
607 203 694 239 haec
718 208 868 253 posteris
888 208 959 243 suis
988 221 1082 242 corn-

101 258 270 292 mendare
289 258 432 304 (Genes.
452 258 509 298 17,
527 257 706 304 6—13.).

202 310 255 343 De
286 310 380 342 civili
413 315 585 353 potestate
617 309 771 342 affirmat
798 309 930 344 Paulus
958 310 1081 356 (Rom.

102 361 160 401 13,
176 361 224 406 1.)
242 361 450 401 clarissime,
479 361 573 405 quod
589 360 633 394 sit
649 361 841 401 ordinatio,
869 374 975 407 (luam
988 361 1081 394 Deus

99 424 181 445 vere
215 412 396 445 constituit
435 417 468 444 et
512 418 717 452 conservat,
764 413 854 446 sicut
889 419 922 445 et
954 413 1081 445 Daniel

99 464 152 509 (2,
169 464 247 501 21.;
278 462 312 503 4,
331 462 406 507 14.)
428 462 558 508 inquit:
588 462 683 496 Deus
708 465 874 497 transfert
900 470 933 496 et
953 464 1081 497 consti-

99 515 166 548 tuit
191 526 311 558 regna.
373 514 534 559 Cumque
559 514 706 559 imperia
730 515 801 548 sint
823 527 911 558 opus
934 514 1021 555 Dei,
1049 521 1082 547 ct

97 566 212 599 bonae
244 572 424 599 creaturae
449 565 534 605 Dei,
577 572 713 599 constat
737 565 1079 598 administrationem

99 617 334 662 approbatam
362 629 434 650 esse
459 629 479 650 a
504 616 599 656 Deo,
640 622 673 649 et
694 616 832 660 placere
856 616 945 650 Deo.
1012 617 1079 650 Sed

99 669 186 702 illud
204 666 261 701 hic
282 668 479 714 quaeritur:
508 668 564 700 An
588 673 743 711 potestas
767 667 878 700 civilis
900 667 1003 701 initio
1028 668 1081 700 in-

98 720 218 754 stituta
243 720 287 753 sit
313 731 474 763 expresso
504 719 611 751 verbo
632 718 720 759 Dei,
761 730 807 751 an
832 731 918 751 vero
942 725 1080 752 tantum

99 777 219 816 postea
231 772 447 815 approbata.
494 769 571 813 Ego
589 769 732 815 quidem
748 770 861 803 sentio
882 770 1079 803 institutam

100 835 172 855 esse
197 834 359 866 expresso
377 822 486 853 verbo
503 820 589 860 Dei,
617 833 697 853 cum
722 822 765 853 ad
784 821 859 856 No&
880 821 1012 854 dictum
1031 828 1082 855 est

99 873 242 918 (Genes.
261 873 295 911 9,
315 872 382 917 6.):
412 872 621 917 Quicunque
638 872 768 905 fuderit
787 870 983 906 lmmanum
1002 885 1081 907 san-

98 924 261 967 guinem,
286 924 454 956 fundetur
470 923 611 967 sanguis
630 923 740 963 illius,
769 930 802 956 et
821 923 980 957 additur:
1018 936 1081 968 per

97 973 291 1009 hominem.
353 974 472 1019 Quare
496 974 669 1018 significat
694 975 980 1008 constituendum
1008 988 1080 1008 esse

97 1026 271 1066 ordinem,
298 1032 336 1060 ut
356 1038 418 1070 per
435 1032 547 1059 certos
563 1025 787 1069 magistratus
805 1026 1000 1070 puniantur
1017 1024 1081 1059 lio—

99 1078 261 1112 micidae.

200 1129 245 1162 Et
267 1126 353 1161 haec
372 1128 426 1160 lex
451 1128 640 1172 praecipua
664 1134 733 1167 cst,
770 1134 803 1160 et
827 1129 1001 1174 reliquam
1028 1135 1080 1162 to-

99 1187 170 1213 tam
190 1180 351 1224 politiam
368 1178 622 1223 complectitur.
660 1179 728 1212 Sed
746 1179 774 1212 si
791 1180 847 1212 cui
863 1180 899 1212 in
916 1178 982 1212 hoc
1001 1181 1079 1213 loco

99 1231 195 1264 aliud
220 1231 379 1270 videtur,
421 1236 541 1262 tamen
572 1231 739 1262 concedet
767 1230 877 1263 Deum
901 1243 983 1263 vere
1008 1243 1079 1264 esse

98 1289 259 1315 autorem
288 1280 538 1325 imperiorum,
585 1286 619 1312 et
647 1280 730 1325 quia
763 1281 895 1313 rationi
926 1282 1080 1314 naturali

99 1333 311 1366 monstravit
334 1333 446 1375 legem
472 1332 514 1364 de
537 1331 661 1363 ordine
688 1331 850 1374 politico,
885 1338 917 1364 et
940 1332 1081 1376 impulit

101 1382 260 1417 heroicas
283 1389 416 1415 mentes
447 1383 491 1415 ad
525 1382 768 1415 constituenda
797 1382 964 1426 imperia,
992 1383 1082 1416 sicut

99 1434 283 1468 psalmista
313 1433 429 1478 inquit
459 1433 605 1478 (Psalm.
626 1431 709 1471 144,
725 1433 817 1477 10.);
862 1433 933 1478 Qui
956 1434 1018 1467 das
1033 1434 1079 1479 92)

99 1486 246 1518 salutem
263 1485 413 1527 regibus.
465 1483 511 1516 Et
528 1483 564 1515 in
580 1484 653 1526 lege
671 1483 773 1516 claris
791 1484 1001 1518 testimoniis
1018 1497 1079 1528 ap-

98 1536 225 1580 probat
249 1534 491 1567 ordinationes
514 1546 733 1578 poenarum,
760 1541 799 1567 ut
814 1534 964 1567 Levitici
987 1535 1079 1579 vige-

96 1587 185 1620 simo
204 1592 343 1631 quarto.
379 1585 425 1618 Et
442 1586 484 1617 de
500 1586 574 1629 lege
593 1585 710 1618 minus
724 1585 791 1618 suit
808 1598 896 1630 opus
915 1599 1078 1631 expresso

96 1638 284 1677 mandato,
319 1637 402 1682 quia
426 1642 477 1669 est
500 1636 633 1669 rationi
656 1643 752 1670 nota.
812 1637 878 1670 Sed
907 1639 950 1670 de
973 1638 1079 1671 eccle-

95 1688 232 1722 siastiea
251 1694 424 1732 potestate
440 1687 587 1720 omnino
603 1687 670 1720 fuit
688 1700 776 1731 opus
794 1700 956 1733 expresso
979 1701 1079 1722 man-

95 1740 178 1773 dato
192 1766 201 1779 ,
229 1739 311 1785 quia
324 1739 558 1782 Evangelium
573 1750 647 1771 non
663 1745 713 1772 est
729 1740 938 1772 naturaliter
954 1747 1078 1773 notum

95 1790 226 1824 rationi
256 1789 445 1823 humanae.
521 1790 758 1834 Quanquam,
806 1797 846 1823 ut
867 1791 973 1835 paulo
997 1798 1078 1824 ante

96 1842 187 1883 dixi,
213 1840 303 1874 mihi
321 1841 438 1875 verius
459 1841 598 1874 videtur
616 1841 813 1874 institutam
834 1854 906 1876 esse
926 1849 1079 1887 potesta-

96 1901 166 1927 tem
191 1893 328 1926 civilem
354 1892 524 1937 expressis
550 1892 666 1926 verbis
685 1892 721 1924 in
738 1905 778 1925 eo
796 1893 894 1933 loco,
921 1894 983 1927 ubi
998 1901 1080 1928 sunt

97 1945 203 1978 verba
222 1945 314 1977 dicta
333 1944 377 1977 ad
395 1944 484 1979 Noti.
519 1944 638 1988 Quare
655 1950 809 1988 potestas
826 1945 991 1988 politica,
1019 1958 1079 1978 seu

96 1995 258 2040 imperia,
285 1996 366 2028 inde
385 2007 494 2040 usque
513 1996 556 2027 ab
573 1994 675 2027 initio
695 1995 832 2036 mundi,
860 1996 966 2029 etiam
985 1998 1079 2041 apud

97 2046 254 2081 ethnicos
270 2053 351 2080 sunt
369 2046 611 2079 ordinationes
628 2046 780 2080 diviiiae.

198 2098 280 2130 Dixi
303 2099 344 2130 de
372 2097 508 2141 origine
531 2097 715 2143 utriusque
739 2098 943 2142 potestatis,
986 2110 1079 2131 nunc

96 2150 225 2183 addam
250 2149 466 2182 discrimina.

197 2201 357 2234 Potestas
381 2199 492 2232 civilis
518 2205 568 2232 est
591 2199 789 2240 ordinatio,
823 2201 858 2233 in
886 2212 954 2246 qua
979 2212 1079 2243 supe-

96 2253 224 2292 riores,
251 2251 415 2284 videlicet
438 2250 684 2294 magistratus,
711 2249 844 2284 habent
869 2252 1077 2284 mandatum

95 2302 263 2337 honestos
293 2315 411 2336 mores
442 2302 478 2334 in
515 2307 657 2334 externa
695 2303 787 2335 vitae
825 2302 1079 2336 consuetudine

98 2355 350 2399 praecipiendi,
372 2360 406 2387 ct
421 2351 631 2386 cohercendi
646 2350 821 2393 homines,
850 2366 889 2386 ac
908 2353 1080 2398 puniendi

97 2407 130 2438 vi
152 2406 348 2450 corporali,
371 2411 411 2438 ut
433 2402 647 2449 prohibeant
671 2405 836 2437 iniustam
862 2405 1080 2444 violentiam,

98 2464 132 2490 et
147 2457 298 2501 puniant
316 2456 463 2496 delicta,
491 2461 525 2488 et
542 2456 734 2488 defendant
749 2456 926 2500 publicam
945 2468 1079 2500 pacem.

97 2509 296 2542 Prudenter
319 2514 436 2541 autem
459 2506 755 2540 considerandum
780 2513 850 2547 est,
879 2507 975 2552 quod
994 2505 1081 2540 haec

98 2559 256 2593 definitio
286 2559 410 2592 tribuit
437 2558 701 2601 magistratibus
725 2569 799 2589 non
824 2558 937 2591 solum
963 2559 1081 2591 desen-

99 2611 232 2644 siouem
258 2611 372 2655 pacis,
416 2610 476 2643 sed
505 2606 612 2642 etiarn
638 2610 844 2642 mandatum
876 2608 1080 2653 disciplinae

137 2734 183 2762 92)
205 2735 268 2762 tta-³⁷1
291 2735 329 2758 sic
349 2735 414 2760 Edu.
439 2735 512 2760 1⁵38.
532 2739 558 2760 et
580 2737 671 2764 lam:
700 2736 747 2761 Ed.
772 2736 843 2759 1516.
866 2737 918 2759 dat.

716 121 1066 158 PHILOSOPHIAE
1102 123 1313 159 MORALIS
1344 123 1573 160 EPITOME.

2049 130 2119 164 118

1135 211 1416 251 conservandae,
1452 223 1513 245 seu
1541 212 1773 244 conserxandi
1801 210 1967 247 honestos
1992 227 2121 249 '‘iores.

1134 262 1224 295 Nam
1242 262 1319 295 smis
1336 262 1431 306 pacis
1449 274 1520 296 esse
1539 263 1660 302 debet,
1688 270 1725 295 ut
1747 263 1790 296 sit
1816 265 1948 303 otium,
1977 278 2049 298 non
2076 268 2118 298 ad

1135 314 1365 356 perfruendas
1394 314 1613 358 voluptates,
1657 315 1715 346 sed
1741 316 1783 347 ad
1811 316 2055 348 educationem
2088 324 2121 349 et

1136 363 1393 397 institutionem
1410 365 1553 405 sobolis,
1572 367 1613 397 ad
1633 366 1828 398 docendam
1847 367 2118 409 1·eligionem,.'ul

1136 427 1250 448 mores
1269 414 1453 448 hominum
1472 418 1691 450 formandos,
1730 417 1825 449 Sit-ut
1843 419 1973 451 Paulus
1989 432 2066 461 grax
2079 419 2120 452 is-

1134 465 1220 498 sime
1237 467 1337 499 docet
1353 467 1552 511 (1.'l‘im.2,
1564 469 1616 513 2.)
1629 495 1637 508 ,
1650 481 1727 501 cum
1746 468 1841 501 iubet
1860 482 1961 502 orare
1977 482 2042 513 pro
2058 483 2119 514 po-

1135 517 1328 555 testatibus,
1342 524 1381 550 ut
1399 519 1573 561 possimus
1590 520 1818 564 tranquillam
1837 521 1947 553 vitam
1964 533 2065 563 agere
2085 521 2118 553 iu

1134 567 1263 612 pietate
1282 575 1314 601 et
1331 566 1526 609 honestate,
1544 571 1577 603 id
1596 577 1657 609 est,
1675 571 1752 603 smis
1768 572 2118 605 administrationum

1133 631 1207 651 non
1224 625 1361 652 tantum
1380 621 1483 652 debet
1502 633 1572 654 esse
1598 634 1684 665 pax,
1721 624 1779 655 sed
1803 629 1841 655 ut
1866 623 1902 655 in
1927 636 2012 667 pace
2037 636 2119 655 con-

1133 677 1318 703 serventur
1349 671 1554 715 (lisciplina,
1603 670 1741 705 honesti
1770 686 1886 707 mores
1920 681 1953 706 et
1984 675 2120 717 religio.

1134 720 1254 766 Itaque
1270 728 1309 754 ut
1328 722 1481 755 osticium
1503 723 1612 756 civilis
1631 724 1855 767 magistratus
1873 732 1964 757 recte
1992 726 2120 758 intelli-

1134 784 1276 816 gamus,
1303 773 1495 817 cogitemus
1511 774 1736 817 magistratus
1754 787 1826 808 esse
1847 778 2048 809 defensores
2074 778 2119 809 le-

1134 823 1204 868 gis,
1243 824 1332 857 sicut
1357 825 1493 857 confert
1519 825 1641 858 Cicero
1667 826 1911 869 magistratum
1936 834 1966 860 et
1995 828 2118 872 legem,

1135 887 1213 908 cum
1249 875 1314 908 ait:
1353 875 1599 919 Magistratum
1635 889 1707 910 esse
1732 877 1848 910 vivam
1882 879 2005 921 legem.
2075 879 2118 911 Et

1134 926 1356 960 Aristoteles:
1386 926 1513 972 ἄρχων
1528 925 1650 973 φύλαξ
1664 931 1740 962 τῶν
1758 925 1899 972 νόμων.
1950 929 2032 962 'Non
2057 930 2118 973 igi-

1135 984 1192 1011 tur
1215 984 1352 1011 tantum
1376 979 1481 1012 unius
1502 985 1606 1023 atque
1631 979 1774 1012 alterius
1799 980 1976 1024 praecepti
2004 987 2119 1013 custos

1135 1035 1185 1063 est
1207 1029 1453 1073 magistratus,
1481 1031 1541 1062 sed
1566 1030 1672 1063 totius
1697 1030 1799 1074 legis,
1835 1031 1869 1063 id
1894 1038 1963 1070 est,
1992 1031 2119 1065 utrius-

1134 1093 1201 1125 que
1230 1081 1388 1121 tabulae,
1439 1082 1534 1125 quod
1569 1081 1694 1114 attinet
1721 1083 1765 1114 ad
1801 1088 1982 1115 externam
2019 1083 2120 1115 disci-

1133 1132 1280 1176 plinam.

1235 1182 1398 1216 Primum
1422 1189 1539 1217 autem
1564 1182 1621 1217 hic
1645 1184 1962 1217 circumscribenda
1983 1191 2033 1217 est
2058 1198 2119 1228 po-

1134 1240 1240 1267 testas
1263 1234 1555 1277 magistratuum,
1590 1237 1686 1280 quod
1712 1236 1843 1268 scilicet
1866 1248 1940 1269 non
1965 1233 2120 1268 habeant

1134 1285 1361 1318 autoritatem
1376 1285 1617 1329 praecipiendi
1637 1287 1771 1331 aliquid
1791 1294 1913 1319 contra
1940 1287 1993 1320 ius
2017 1294 2119 1320 natu-

1134 1348 1212 1375 rae,
1241 1342 1364 1368 contra
1385 1337 1550 1369 mandata
1567 1336 1651 1375 Dei,
1680 1344 1803 1370 contra
1827 1338 1919 1382 leges
1935 1338 1988 1372 sui
2007 1338 2118 1381 regni.

1134 1387 1254 1431 Quare
1272 1399 1345 1419 non
1362 1394 1412 1420 est
1430 1387 1566 1420 infinita
1584 1394 1739 1431 potestas
1756 1389 2041 1432 magistratuum,
2059 1391 2118 1422 sed

1133 1438 1267 1470 inclusa
1292 1438 1393 1470 certis
1418 1438 1600 1471 limitibus.
1654 1438 1745 1472 Nam
1770 1440 1994 1482 magistratus
2017 1440 2119 1473 susti-

1133 1495 1193 1521 net
1208 1488 1497 1532 procurationem
1515 1490 1557 1521 ab
1576 1489 1645 1521 alio
1658 1516 1666 1529 ,
1695 1490 1823 1522 scilicet
1841 1502 1859 1521 a
1880 1490 1956 1523 Deo
1972 1492 2119 1523 manda-

1270 1540 1353 1574 ΚΘΗ
1371 1539 1478 1583 igitur
1492 1541 1595 1572 debet
1612 1552 1629 1572 a
1649 1541 1826 1573 mandatis
1844 1540 1911 1573 Dei
1927 1541 2118 1575 discedere.

1133 1591 1229 1624 Sicut
1246 1597 1278 1623 et
1295 1590 1450 1634 optimus
1467 1603 1528 1624 rex
1543 1589 1711 1635 losapliat
1728 1591 1960 1625 concionatur
1983 1595 2035 1637 (2.
2054 1593 2119 1625 Pa-

1132 1643 1197 1675 ral.
1216 1642 1274 1683 19,
1292 1642 1325 1675 6.
1346 1641 1413 1687 7.);
1451 1642 1533 1676 Non
1558 1640 1715 1676 hominis
1745 1643 1914 1677 exercetis
1937 1644 2118 1681 iudicium,

1133 1695 1193 1727 sed
1216 1693 1297 1726 Dei:
1333 1692 1518 1739 Quidquid
1542 1693 1759 1733 iudicabitis,
1796 1694 1832 1726 in
1856 1707 1919 1727 vos
1943 1695 2119 1728 redunda-

1131 1745 1202 1785 bit,
1230 1745 1275 1778 sit
1293 1744 1401 1778 timor
1412 1745 1477 1778 Dei
1494 1745 1688 1779 vobiscum.
1740 1744 1833 1778 Infra
1853 1752 1970 1778 autem
1991 1746 2027 1778 in
2043 1746 2119 1779 aliis

1133 1796 1399 1841 quaestiouibus
1423 1797 1528 1830 latius
1554 1796 1728 1835 dicemus,
1773 1798 1954 1841 quomodo
1985 1797 2028 1830 sit
2054 1797 2118 1829 cir-

1133 1847 1345 1891 cumscripta
1374 1854 1528 1892 potestas
1552 1848 1685 1892 legibus
1710 1847 1950 1887 naturalibus,
1991 1848 2119 1880 (livinis

1133 1905 1166 1932 et
1181 1898 1352 1943 positivi&

1235 1950 1416 1989 Secundo,
1452 1962 1530 1982 cum
1555 1950 1780 1994 magistratus
1803 1949 1912 1982 civilis
1936 1948 1980 1982 sit
2004 1955 2119 1982 custos

1133 2001 1239 2034 etiam
1267 2001 1402 2045 primae
1429 2002 1587 2041 tabulae,
1623 2002 1719 2046 quod
1744 2002 1787 2034 ad
1815 2007 1995 2034 externam
2019 2000 2118 2033 disci-

1132 2053 1267 2097 plinam
1293 2053 1436 2091 attinet,
1472 2053 1575 2085 debet
1605 2053 1831 2095 magistratus
1864 2049 2052 2095 prohibere
2087 2058 2119 2083 et

1132 2104 1258 2148 punire
1277 2101 1513 2148 blasphemias
1525 2131 1533 2143 ,
1562 2103 1801 2136 idololatriam
1820 2109 1851 2136 et
1869 2103 1955 2136 salsa
1973 2102 2117 2145 dogma-

1132 2162 1189 2195 ta,
1217 2161 1250 2188 et
1273 2167 1415 2194 curare,
1450 2161 1489 2188 ut
1513 2167 1595 2187 vera
1624 2161 1655 2187 et
1680 2155 1737 2198 pia
1763 2154 1923 2187 doctrina
1947 2165 2118 2197 propage-

1132 2213 1207 2246 tur,
1239 2212 1273 2238 et
1299 2206 1485 2239 defendere
1510 2212 1603 2238 recta
1626 2207 1802 2239 docentes.
1856 2205 1955 2237 Hanc
1979 2210 2117 2237 senten—

1133 2258 1219 2290 tiam
1241 2257 1396 2301 primum
1421 2258 1609 2290 confirmat
1632 2263 1857 2301 praeceptum
1883 2255 2041 2299 decalogi
2067 2267 2117 2288 se-

1133 2309 1298 2342 cundum.
1350 2308 1484 2342 Omnes
1508 2308 1731 2352 magistratus
1755 2308 1883 2339 debent
1907 2313 1940 2339 et
1964 2306 2030 2350 ipsi
2056 2307 2116 2338 Oh-

1133 2367 1332 2403 temperare
1355 2360 1508 2393 secundo
1533 2366 1721 2403 praecepto
1754 2357 1933 2401 decalogi,
1978 2363 2012 2389 et
2043 2357 2115 2389 eius

1134 2411 1293 2444 custodes
1324 2423 1408 2444 esse.
1474 2410 1674 2444 Secundum
1699 2415 1926 2453 praeceptum
1951 2405 2113 2452 prohibet

1133 2469 1167 2495 et
1197 2462 1299 2506 punit
1331 2459 1569 2505 blasphemias
1596 2467 1629 2494 et
1661 2461 1746 2493 salsa
1773 2461 1953 2502 dogmata.
2020 2458 2114 2502 Ergo

1134 2525 1255 2545 omnes
1288 2513 1511 2556 magistratus
1542 2512 1671 2544 debent
1702 2509 1891 2555 prohibere
1923 2517 1954 2543 et
1989 2510 2114 2554 punire

1134 2562 1380 2608 blasphemias.
1434 2564 1591 2596 Secunda
1609 2563 1701 2596 ratio
1720 2568 1858 2606 sumpta
1880 2568 1930 2594 est
1954 2573 1993 2594 ex
2018 2572 2114 2604 prae—

1134 2616 1237 2660 cipuo
1256 2616 1322 2647 fine
1341 2615 1624 2658 magistratuum.
1677 2613 1774 2647 Finis
1799 2611 1973 2646 societatis
1991 2609 2114 2644 huma-

1135 2679 1200 2698 nae
1218 2666 1426 2710 praecipuus
1443 2672 1493 2698 est
1506 2692 1514 2705 ,
1542 2672 1581 2698 ut
1601 2663 1764 2698 homines
1786 2664 1845 2696 alii
1868 2663 1956 2695 alios
1980 2663 2022 2695 de
2040 2662 2116 2694 Deo

1137 2719 1262 2751 docere
1280 2717 1435 2761 possint,
1463 2723 1501 2749 ut
1524 2717 1648 2750 notitia
1672 2715 1737 2748 Dei
1763 2720 1988 2759 propagetur.
2042 2712 2116 2745 Ma-

1436 2766 1494 2802 3.

1134 1547 1217 1573 [ain.
