2347 3000
97 130 146 166 57

96 216 227 256 causis,
268 216 350 262 quia
384 215 514 251 scilit‘et
549 215 678 249 alicubi
705 222 799 249 errat
831 216 976 255 notitia,
1008 220 1076 248 'aut

95 269 191 301 deest
213 267 401 307 iudicium,
430 273 490 300 aut
513 267 676 300 voluntas
700 279 774 300 non
800 268 946 311 perinde
973 272 1024 299 est
1041 266 1076 298 in

96 319 224 352 officio.
276 318 365 351 Sunt
388 318 494 362 igitur
518 315 555 350 111
578 319 707 359 gradus
732 318 924 352 actionum.
976 317 1076 350 Aliae

96 376 178 404 sunt
195 365 302 416 φύσει
322 369 420 409 tales,
440 368 528 402 aliae
547 366 651 415 δόξᾳ,
675 369 763 403 aliae
782 366 969 415 βουλήσει,
988 368 1076 401 aliae

94 419 310 467 προαιρέσει.

197 484 317 526 Φύσις
341 486 513 531 significat
536 486 803 520 inclinationem
828 493 976 519 naturae
1001 485 1076 519 sine

93 538 246 579 iudicio,
280 538 317 570 in
346 536 412 571 hac
443 538 634 578 divisione,
662 544 701 571 ut
730 538 791 570 alii
820 544 948 571 natura
973 535 1076 569 vehe-

93 596 228 623 mentes
245 595 345 629 sunt,
373 588 432 622 alii
449 589 546 624 lenti.
599 588 686 623 Cato
704 595 754 623 est
770 595 897 622 natura
913 588 1076 633 pertinax

95 647 129 674 et
144 641 264 674 durus.

197 697 296 739 Δόξα
325 700 498 744 significat
529 699 812 744 persuasionem,
839 705 879 733 111
909 712 987 732 cum
1011 696 1076 732 ho-

94 751 207 784 mines
232 752 306 784 sine
328 763 412 784 vero
442 750 573 784 10111010
605 750 846 783 assentiuntur
866 750 971 783 alicui
1001 750 1076 793 opi-

93 802 214 842 nioni,
241 808 301 835 aut
325 801 551 845 persuasione
576 801 662 834 falsa
686 808 897 841 moventur,
923 807 962 835 ut
985 800 1075 834 Bru-

94 859 150 886 tus
173 859 248 885 erat
272 853 427 885 imbutus
445 851 570 885 Stoicis
595 852 839 896 opinionibus:
867 859 900 885 et
922 850 1076 885 habebat

94 903 292 947 exemplum
311 903 475 943 Catonis,
503 903 599 936 cuius
622 916 700 936 cum
723 904 827 937 vellet
848 915 920 937 esse
939 903 1074 943 similis,

92 954 255 988 studebat
270 966 342 987 esse
358 954 504 987 liberior
523 961 557 987 et
572 954 707 989 (1111101.

195 1010 377 1058 Βούλησις
393 1013 566 1057 significat
581 1014 856 1053 simulationem,
879 1019 919 1047 ut
933 1010 1072 1046 Thraso

92 1064 235 1098 simulat
252 1065 508 1105 fortitudinem,
535 1064 761 1099 Domitianus
782 1064 1016 1104 clementiam,
1041 1070 1073 1096 et

93 1115 142 1148 sic
164 1116 206 1148 de
232 1115 320 1149 111115.
372 1115 417 1148 Hi
438 1117 567 1159 gradus
592 1116 760 1149 differunt
777 1128 796 1149 a
813 1116 962 1155 virtute,
990 1115 1073 1161 quia

93 1178 167 1199 non
186 1173 403 1200 concurrunt
418 1167 574 1210 integrae
590 1179 713 1200 causae
734 1167 885 1201 virtutis.

195 1225 258 1258 Est
281 1225 387 1269 igitur
410 1232 556 1271 quartus
582 1227 709 1269 gradus
733 1225 959 1272 προαίρεσις,
994 1236 1072 1257 011111

94 1282 190 1309 10010
223 1276 352 1309 10111010
385 1283 418 1309 01
449 1283 574 1320 sponte
607 1276 742 1321 aliquid
773 1276 907 1319 agitur,
942 1281 982 1308 111
1008 1275 1073 1307 Fa-

94 1327 172 1360 bius
187 1326 233 1372 67)
263 1333 313 1359 051
335 1327 455 1367 sortis,
492 1327 586 1360 videt
610 1327 670 1359 ubi
695 1327 740 1360 sit
762 1327 975 1365 cedendum,
1012 1325 1073 1358 ulii

97 1377 141 1410 sit
166 1378 416 1421 pugnandum,
445 1384 477 1410 et
500 1390 577 1410 01011
603 1389 690 1421 opus
713 1383 781 1417 est,
806 1389 880 1409 non
904 1377 1074 1409 detrectat

97 1428 303 1471 periculum.
356 1428 515 1460 Pertinet
538 1434 654 1461 autem
679 1428 723 1460 ad
745 1433 880 1460 rectum
904 1426 1071 1459 iudicium

95 1478 228 1521 agnitio
268 1478 427 1510 mandati
467 1478 578 1510 divini
620 1484 653 1511 et
689 1485 830 1511 nostrae
865 1476 1072 1510 vocationis.

96 1528 280 1561 Caeterum
298 1529 426 1572 duplex
443 1535 494 1562 est
509 1529 631 1567 virtus,
654 1529 850 1561 communis
866 1534 899 1560 et
918 1526 1072 1560 heroica.

93 1578 156 1612 Est
178 1585 295 1612 autem
319 1577 482 1618 heroica,
510 1591 588 1613 00111
611 1580 781 1624 singulari
800 1579 921 1613 divino
938 1579 1073 1623 impetu

94 1630 214 1674 magni
230 1630 298 1662 viri
316 1631 358 1663 ad
379 1637 489 1663 certas
507 1628 673 1664 honestas
690 1631 846 1664 actiones
863 1630 1072 1663 extimulan-

94 1687 171 1721 tur,
198 1682 291 1714 unde
315 1682 351 1714 fit
371 1682 540 1716 excellens
564 1682 693 1721 xirtns,
721 1694 827 1726 supra
847 1693 1071 1714 communem

95 1738 235 1776 captum
269 1730 474 1773 hominum,
518 1739 558 1767 ut
596 1734 632 1766 in
663 1731 816 1771 Achille,
857 1732 1072 1770 Alexandro,

94 1783 132 1816 C.
157 1783 323 1823 Caesare,
357 1784 520 1828 Scipione
551 1785 617 1818 suit
643 1782 782 1817 heroica
808 1784 1002 1824 fortitudo,
1037 1783 1071 1815 id

95 1840 166 1874 est,
194 1835 438 1873 excellentior,
467 1848 572 1881 quam
600 1836 713 1881 qualis
738 1835 884 1869 existere
903 1840 1018 1880 potest
1036 1833 1072 1865 in

93 1883 298 1919 hominibus
327 1886 402 1919 sine
425 1886 596 1930 singulari
625 1887 746 1919 dix-ino
778 1892 889 1919 motu.
949 1885 1071 1930 Itaque

95 1936 157 1969 etsi
185 1935 394 1981 προαίρεσις
420 1938 525 1970 efficit
550 1950 772 1971 communem
798 1937 985 1976 virtutem,
1021 1943 1072 1968 ta—

93 1999 176 2020 men
192 1988 235 2019 ad
252 1987 348 2020 illam
368 1989 590 2021 excellentem
607 1989 771 2022 virtutem
783 2015 792 2028 ,
819 2000 908 2034 quae.
925 1993 1072 2021 vocatur

93 2036 256 2077 heroica,
293 2051 380 2082 opus
415 2046 465 2072 est
493 2040 664 2084 singulari
700 2040 822 2073 divino
856 2045 976 2078 motu,
1011 2038 1072 2083 qui

94 2089 238 2122 adiuvat
261 2087 489 2135 προαίρεσιν,
524 2088 591 2123 1100
619 2097 687 2131 051,
722 2097 756 2124 01
778 2097 933 2123 mentem
956 2089 1072 2122 reddit

94 2140 388 2185 perspicaciorem
409 2141 445 2173 in
469 2141 679 2181 iudicando,
707 2149 740 2175 et
755 2142 974 2174 voluntatem
1000 2141 1070 2173 esli-

94 2193 140 2225 cit
170 2191 432 2231 excitatiorem,
465 2198 504 2224 ut
530 2193 566 2225 in
595 2193 728 2226 artibus
760 2190 922 2226 heroicus
947 2192 1070 2224 artifex

92 2244 195 2287 longe
213 2248 369 2286 praestat
386 2243 622 2277 mediocribus
639 2244 848 2283 artificibus,
877 2250 915 2277 ut
937 2243 974 2275 in
991 2243 1069 2275 Mu-

93 2295 161 2328 sica
177 2293 362 2339 losquinns
375 2292 421 2338 68)
445 2293 549 2338 longe
567 2301 709 2339 superat
725 2295 887 2339 vulgares
904 2294 1069 2328 Musicos.

127 2426 174 2454 67)
203 2427 234 2455 Q.
258 2425 359 2449 Fabius
383 2423 518 2448 Maximus
544 2423 707 2455 Cnnrtator,
737 2424 920 2449 Romanorum
944 2424 970 2448 in
997 2425 1068 2449 bello

161 2460 260 2484 Punico
280 2459 399 2483 secundo
418 2459 470 2482 dux
488 2458 689 2481 celeberrimus.

128 2511 175 2540 68)
194 2511 295 2534 Adi-ian
313 2510 421 2540 losquin
440 2510 473 2533 de
492 2510 562 2533 Prez
582 2510 708 2539 (ledet-ns
727 2510 759 2533 de
777 2510 890 2541 Prat0)‚
910 2511 1008 2539 Belga,
1033 2512 1067 2535 ad

161 2545 288 2569 musicam
307 2546 333 2568 in
352 2545 430 2568 ltalia
449 2551 479 2567 se
498 2544 661 2573 applicavit,
691 2546 746 2567 tuin
766 2550 790 2567 a.
812 2545 884 2568 1475.
910 2545 981 2568 inter
999 2552 1066 2569 ean-

160 2582 235 2603 tores
255 2585 338 2608 papae
356 2580 480 2608 receptus
498 2580 554 2609 est,
575 2580 671 2608 ‘postea
686 2579 839 2602 moderator
854 2581 1000 2602 concentus
1015 2586 1065 2603 an-

158 2614 203 2638 lici
223 2620 316 2643 regum
334 2613 462 2636 Lndovici
480 2613 539 2636 ΧΠ.
565 2615 590 2636 et
613 2613 752 2636 Franz-fisci
771 2613 807 2640 1.,
833 2613 958 2642 deinceps
976 2614 1064 2643 Impe-

158 2647 259 2672 tatoris
276 2647 449 2670 Maximiliani
466 2647 501 2674 Ι...
527 2647 597 2676 apud
622 2654 698 2676 quein
717 2647 852 2670 Bruxellis
869 2650 993 2671 mortuns
1012 2651 1062 2672 est.

158 2683 188 2706 ln
212 2682 402 2712 componendis
427 2682 549 2706 cantibus
574 2682 711 2712 exemplar
734 2682 769 2705 ad
786 2682 942 2706 imitandum
961 2688 1062 2713 propo-

154 2716 235 2741 nitur.

648 129 674 164 1.
717 129 1066 165 PHILOSOPHIAE
1094 127 1307 163 MORALIS
1332 128 1560 164 EPITOME.
2065 131 2111 166 58

1128 213 1244 261 Atque
1266 212 1303 248 111
1328 221 1411 248 sunt
1436 215 1628 255 fortunati,
1657 215 1793 249 etiamsi
1817 216 1993 250 interdum
2013 224 2109 251 extra

1129 266 1287 309 regulam
1323 265 1456 311 aliquid
1492 266 1643 306 faciunt,
1684 266 1773 300 sicut
1808 267 1934 301 Graeci
1969 268 2107 301 dicunt:

1129 315 1316 350 Herculem
1333 317 1538 361 remigando
1558 317 1595 349 in
1611 317 1706 361 Argo
1721 317 1804 350 navi
1820 330 1937 352 remos
1955 319 2109 361 fregisse,

1130 378 1242 411 eoque
1266 369 1430 412 deinceps
1452 380 1526 401 non
1551 365 1749 401 adhibitum
1775 381 1847 403 esse
1872 371 1915 402 ad
1934 370 2110 413 remigan-

1129 417 1234 457 dum,
1270 425 1304 451 et
1329 419 1527 453 dulcissime
1551 419 1668 464 inquit
1693 419 1871 453 Pindarus
1895 421 1937 453 de
1966 418 2108 453 heroica

1129 467 1274 501 vittute:
1304 469 1453 503 Gratum
1480 470 1619 503 initium
1639 477 1672 503 et
1688 471 1798 504 (1111015
1814 470 1893 504 finis
1917 477 1967 505 est
1988 472 2111 515 impel-

1129 519 1222 551 lente
1242 519 1316 552 Deo
1334 519 1393 565 69).
1446 520 1551 555 Τ11105
1578 528 1660 555 sunt
1677 528 1710 555 ct
1729 528 1932 556 sanctorum
1951 523 2111 561 virtutes,

1129 580 1219 614 quae
1246 582 1264 602 a
1282 570 1417 614 Spiritu
1444 578 1565 604 sancto
1590 573 1850 614 exuscitantur,
1878 579 1917 606 ut
1934 571 2111 613 Abrahae,

1128 620 1294 661 Davidis,
1322 621 1445 661 Pauli,
1474 628 1508 654 et
1532 622 1696 657 aliorum.
1748 624 1822 658 Hos
1847 625 1976 668 gradus
2003 624 2111 657 actio-

1127 683 1215 704 num
1233 678 1266 705 et
1282 671 1454 705 virtutum
1473 678 1589 705 tenere
1607 675 1799 708 admodum
1814 676 1900 708 utile
1918 681 1988 715 est,
2007 687 2111 719 saepe

1129 722 1225 755 enim
1248 722 1442 756 similitudo
1466 723 1646 756 actionum
1671 725 1759 758 sallit
1784 726 1963 767 incautos,
1989 732 2029 759 01
2046 726 2111 759 Ca-

1128 779 1248 806 tonem
1272 774 1394 807 fefellit
1419 780 1567 807 naturae
1592 775 1756 815 durities,
1783 783 1823 809 111
1844 783 1931 810 05501
1948 775 2111 810 hortator

1128 825 1173 858 ad
1189 826 1405 858 movendum
1423 825 1555 858 bellum
1573 825 1684 860 civile.
1727 826 1878 861 Brutum
1896 828 2017 861 fefellit
2033 828 2112 861 imi-

1127 875 1215 908 tatio
1239 876 1402 916 Catonis,
1431 875 1621 910 Catilinam
1648 878 1785 921 decepit
1807 878 1958 912 imitatio
1983 880 2111 924 Syllae,

1126 926 1324 960 Antonium
1348 927 1469 960 fefellit
1492 927 1644 961 imitatio
1668 928 1847 969 Caesaris,
1874 936 1908 962 et
1934 942 2037 974 saepe
2062 931 2111 965 fit,

1126 983 1166 1011 ut
1199 977 1341 1022 ingenia
1374 978 1515 1011 infirma
1541 985 1637 1013 extra
1668 991 1769 1012 suam
1797 981 2042 1021 vocationem,
2079 988 2109 1013 et

1126 1040 1232 1073 supra
1263 1029 1374 1069 vires,
1411 1041 1485 1062 non
1516 1036 1610 1063 recte
1639 1037 1810 1075 appetant
1841 1031 2110 1066 similitudinem

1125 1091 1340 1124 magnorum
1358 1092 1532 1115 urorum.

1127 1193 1248 1232 Quare
1273 1190 1370 1226 dicit
1393 1194 1432 1227 in
1451 1192 1711 1228 mediocritate
1732 1196 1959 1238 consistens,
1987 1193 2112 1240 quoad

1537 1251 1630 1287 nos?
1648 1251 1694 1298 ⁷⁰)

1224 1332 1450 1377 Respondeo.
1491 1335 1630 1380 Duplex
1650 1343 1700 1370 est
1716 1337 1953 1372 mediocritas.
1989 1337 2108 1370 Altera

1126 1384 1322 1417 secundum
1346 1383 1618 1419 Arithmeticam
1648 1389 1940 1432 proportionem,
1974 1388 2034 1421 0111
2060 1388 2110 1419 xi-

1126 1433 1251 1466 delicet
1266 1435 1409 1467 termini
1424 1435 1631 1479 simpliciter
1646 1439 1785 1483 aequali
1800 1452 1950 1472 numero
1966 1440 2110 1478 distant,

1125 1490 1165 1517 ut
1185 1485 1216 1518 1.
1233 1487 1268 1519 2.
1287 1485 1321 1518 3.
1368 1485 1433 1518 Hie
1450 1487 1594 1519 termini
1611 1487 1780 1522 differunt
1795 1490 1950 1529 unitate,
1978 1497 2009 1522 et
2027 1489 2110 1523 sim-

1125 1535 1264 1580 pliciter
1294 1541 1433 1569 tantum
1469 1538 1603 1571 excedit
1632 1540 1769 1573 medius
1792 1541 1969 1584 primum,
1998 1552 2109 1586 quan-

1126 1592 1201 1619 tum
1224 1586 1361 1620 medius
1384 1594 1571 1632 superatur
1587 1601 1606 1622 a
1625 1591 1742 1625 tertio.
1794 1591 1889 1624 Haec
1905 1598 1953 1625 est
1970 1603 2107 1625 summa

1126 1643 1160 1670 et
1182 1637 1413 1672 immutabilis
1436 1640 1642 1684 aequalitas.
1695 1641 1791 1675 Haec
1807 1643 1869 1676 etsi
1895 1644 2047 1688 quadrat
2063 1644 2108 1675 ad

1126 1689 1416 1722 commutativam
1442 1689 1631 1731 iustitiam,
1657 1698 1696 1725 ut
1712 1693 1802 1726 infra
1827 1694 2030 1734 audiemus,
2058 1700 2108 1726 ta-

1126 1751 1209 1772 men
1234 1752 1308 1772 non
1333 1742 1486 1785 quadrat
1515 1743 1559 1775 ad
1588 1749 1742 1777 caeteras
1766 1744 1931 1785 virtutes,
1958 1751 1996 1778 01
2020 1751 2107 1777 tein-

1125 1791 1286 1834 perantia
1311 1803 1384 1824 non
1407 1793 1563 1836 postulat
1585 1795 1734 1827 eandem
1759 1808 1961 1829 mensuram
1987 1795 2054 1828 cibi
2070 1796 2106 1828 in

1124 1842 1291 1885 singulis,
1319 1842 1450 1886 largius
1475 1846 1671 1888 pascendus
1701 1852 1752 1879 est
1768 1848 1934 1881 1011051115
1959 1847 2107 1885 iuvenis,

1125 1904 1232 1937 quam
1256 1893 1417 1927 infirmus
1435 1906 1554 1928 senex:
1585 1902 1635 1929 est
1659 1896 1766 1940 igitur
1789 1899 1856 1930 alia
1878 1899 2105 1932 mediocritas

1124 1943 1219 1977 iuxta
1250 1945 1521 1989 proportionem
1543 1946 1827 1989 Geometricam,
1862 1949 1899 1982 in
1929 1962 1997 1995 qua
2031 1962 2105 1982 non

1125 1994 1326 2039 quaeritur,
1345 2008 1390 2028 an
1407 1998 1563 2030 numeris
1582 1999 1787 2043 aequalibus
1804 2000 1933 2034 distent
1949 2000 2104 2039 termini,

1123 2046 1183 2078 sed
1205 2047 1243 2078 fit
1260 2048 1480 2090 comparatio
1495 2049 1651 2093 plurium
1669 2062 1787 2083 rerum
1806 2063 1845 2083 ae
1859 2064 2103 2091 numerorum,

1124 2103 1157 2129 et
1175 2098 1401 2131 constituitur
1422 2100 1697 2144 proportionum
1719 2102 1930 2146 aequalitas,
1957 2109 1996 2136 ut
2015 2102 2100 2135 sient

1123 2160 1157 2180 se
1175 2145 1306 2182 habent
1322 2148 1346 2182 4
1363 2150 1407 2182 ad
1427 2153 1469 2190 2,
1496 2151 1544 2184 510
1561 2164 1596 2184 50
1615 2149 1744 2185 habent
1764 2154 1810 2187 10
1828 2154 1871 2186 ad
1889 2152 1923 2187 5.
1976 2153 2041 2185 Hie
2058 2154 2101 2186 si—

1122 2199 1216 2232 milis
1243 2206 1294 2233 est
1321 2202 1527 2244 proportio,
1555 2203 1695 2235 numeri
1719 2216 1792 2236 non
1816 2211 1897 2237 sunt
1925 2204 2101 2249 aequales.

1121 2249 1167 2282 Et
1190 2247 1275 2283 111100
1298 2252 1570 2295 proportionum
1587 2254 1780 2287 similitudo
1798 2261 1848 2288 est
1865 2254 2102 2295 mediocritas,

1122 2301 1164 2334 de
1193 2314 1261 2346 qua
1288 2299 1343 2334 hic
1368 2303 1527 2348 loquitur
1550 2304 1773 2344 Aristoteles,
1808 2311 1841 2337 et
1866 2318 1973 2351 quam
1998 2314 2098 2339 vocat

1121 2352 1418 2393 mediocritatem,
1453 2356 1571 2399 quoad
1603 2368 1685 2393 nos,
1725 2356 1886 2389 videlicet
1916 2357 2098 2390 collectam

1122 2415 1162 2435 ex
1186 2404 1476 2445 circumstantiis,
1503 2413 1535 2438 et
1553 2418 1673 2439 01111101
1701 2407 1899 2440 collatione..
1951 2408 1993 2440 Et
2013 2406 2098 2441 haec

1121 2454 1272 2499 quadrat
1295 2456 1338 2488 ad
1362 2456 1548 2502 plerasque
1565 2457 1730 2497 virtutes,
1757 2464 1796 2491 01
1815 2458 1850 2491 111
1868 2459 2097 2504 eleemosynis

1151 2598 1198 2625 69)
1217 2597 1291 2620 Pind.
1312 2597 1411 2626 Pyt-hia
1430 2597 1464 2623 X,
1482 2597 1520 2620 15.
1541 2615 1546 2620 .
1564 2615 1587 2620 ..
1608 2595 1692 2628 γλυκύ
1713 2593 1741 2621 (5'
1755 2593 1912 2629 ἀνθρώπων
1931 2600 2003 2628 τέλος
2023 2599 2094 2633 risile}

1184 2638 1210 2655 τε
1231 2629 1361 2662 δαήμονος
1381 2628 1511 2661 ὀρνύντος
1530 2630 1646 2659 (εὔξεται.
2043 2626 2050 2632 ,

1148 2683 1196 2710 70)
1224 2683 1295 2705 Haeo
1321 2683 1441 2712 quaestio
1470 2682 1495 2705 iu
1521 2683 1567 2706 Ed.
1592 2681 1663 2706 1538.
1691 2683 1768 2707 deest
1794 2685 1840 2712 (cf.
1865 2691 1932 2715 quae
1955 2687 1986 2710 ad
2007 2693 2091 2718 qnae-

1182 2717 1298 2740 stionem
1316 2718 1521 2747 praecedentem
1540 2717 1716 2742 notavimus-i.
