2347 3000
254 152 302 186 99
517 154 716 190 SCRIPTA
744 157 818 192 PH.
848 157 959 193 MEL.
987 158 1052 192 AD
1085 157 1293 193 ETHICEN
1321 159 1387 194 ΕΤ
1413 160 1670 198 POLITICEN
1697 162 2004 199 SPECTANTIA.

257 240 371 286 inquit
400 240 544 288 (Mattli.
562 243 628 283 16,
648 244 742 290 17.);
772 245 864 278 Caro
891 253 922 278 et
940 246 1081 289 sangnis
1098 257 1171 278 non
1188 258 1241 278 re-

256 292 385 325 x'elavit
403 293 485 333 tibi,
513 296 571 327 sed
592 302 692 339 pater
712 308 809 329 1110115
834 298 1003 330 coelestis.
1053 296 1117 329 Hic
1134 309 1241 342 quae-

256 356 317 383 ro,
346 356 392 376 an
414 345 521 378 fuerit
547 348 802 390 expectandum
829 349 934 381 Petro
960 347 1129 381 iudicium
1154 360 1242 393 pon-

256 395 410 435 tificum,
438 397 662 441 principum,
691 399 825 442 populi.
878 398 927 430 Ac
952 411 996 431 110
1021 399 1164 444 quidem
1184 413 1241 433 ve-

257 459 315 478 rae
339 446 515 481 Ecclesiae
539 449 744 482 diiudicatio
771 451 985 493 expectanda
1017 457 1085 491 051,
1120 451 1240 495 agnito

257 498 365 530 verbo
384 497 468 539 Dei,
497 499 585 533 sicut
605 500 732 533 l'aulus
751 500 847 543 prius
865 501 957 545 cepit
973 503 1113 543 docere,
1134 516 1241 548 qnam

256 548 369 581 adiret
385 549 586 593 Apostolos.
639 551 685 583 Et
706 551 849 595 quidem
865 553 1014 586 docebat
1031 555 1072 586 110
1093 554 1242 599 abroga-

258 600 353 632 tione
377 601 460 643 legis
482 601 626 635 liberius
645 614 751 647 quani
771 603 951 647 Apostoli,
981 611 1117 638 tantum
1134 606 1242 646 abest,

256 658 294 683 ut
326 651 370 684 sit
402 654 616 695 expectanda
642 653 797 696 cognitio
823 656 1123 691 adversariorum.
1175 658 1242 690 Pa-

258 702 327 734 lam
353 708 403 734 est
426 703 609 746 pontifices
637 711 671 737 et
695 718 819 739 eorum
847 708 1050 742 coniuratos
1076 721 1148 741 non
1170 721 1241 742 esse

255 752 465 793 Ecclesiam,
493 755 553 787 sed
579 753 696 790 hostes
722 757 925 802 Evangelii,
953 760 1074 804 quales
1100 761 1242 793 suerunt

256 801 439 837 Pharisaei
465 812 497 838 et
517 808 660 850 tyranni
680 815 834 849 veteres,
859 809 1075 851 Antiochus,
1103 811 1242 844 Diocle-

257 855 384 894 tianus,
404 862 465 889 aut
481 857 553 891 alii.
604 858 735 892 Extant
752 861 983 904 praeiudicia,
1012 870 1175 895 exercent
1191 863 1242 895 in-

255 906 421 940 usitatam
440 909 685 943 crudelitatem
702 912 763 944 adx
774 924 869 946 ersus
887 926 1022 954 omnes,
1045 915 1104 959 qni
1124 915 1242 948 nobis—

256 970 336 991 cum
358 959 526 994 sentiunt.
581 962 785 997 Collocutus
808 977 884 997 sum
911 978 990 998 cum
1016 966 1153 1006 multis,
1182 965 1243 1011 qni

255 1009 472 1043 simulabant
500 1013 806 1054 moderationem,
842 1017 900 1062 qni
937 1023 1055 1049 tamen
1084 1017 1242 1062 plerique

257 1072 379 1094 omnes
406 1059 472 1094 1100
491 1069 630 1097 tantum
649 1072 776 1109 agunt,
804 1073 841 1099 ut
865 1081 957 1101 nova
978 1066 1166 1112 sophistica
1187 1081 1242 1101 ex-

255 1118 378 1145 cusent
397 1120 531 1148 veteres
551 1116 698 1157 abusus,
726 1130 799 1150 11011
815 1125 854 1151 111
872 1121 1071 1153 0111011110111.
1115 1120 1243 1164 Dispu-

256 1163 408 1197 tationes
431 1163 559 1199 horum
585 1173 787 1212 temporum
815 1178 987 1203 acuerunt
1010 1169 1172 1204 homines
1193 1172 1243 1203 in-

256 1215 419 1256 geniosos
445 1216 482 1249 111
508 1224 659 1264 utraque
684 1227 796 1263 parte.
852 1221 973 1267 ltaque
991 1219 1107 1255 hostes
1126 1222 1244 1254 Evan-

255 1266 354 1307 gelii,
383 1267 411 1300 si
432 1268 590 1313 quisunt
614 1271 809 1311 doctiores,
837 1273 949 1306 multo
968 1273 1149 1306 venustius
1165 1273 1244 1316 pin-

255 1324 343 1358 gunt
367 1331 429 1351 sua
454 1327 589 1360 errata,
619 1334 725 1366 quam
752 1329 867 1356 antea.
920 1323 993 1357 Nec
1014 1336 1096 1356 raro
1118 1336 1183 1356 1105
1208 1323 1244 1355 111

256 1369 385 1402 nostris
421 1370 626 1405 vulneribus
662 1385 796 1416 pennas
830 1381 971 1407 nostras
1007 1375 1244 1418 agnoscimus.

258 1419 381 1453 Postea
407 1423 600 1456 sententias
625 1424 784 1458 scribunt
808 1425 1001 1469 sangiune,
1028 1426 1152 1459 iubent
1180 1438 1245 1459 nos

257 1471 418 1505 interfici,

359 1523 448 1556 Cum
472 1524 626 1558 venisset
651 1526 687 1559 in
701 1526 882 1560 Anstriam
909 1528 1099 1562 cardinalis
1116 1528 1244 1561 Alean-

255 1575 337 1613 der,
364 1575 546 1608 recruduit
573 1576 621 1609 ibi
643 1579 812 1619 saevitia,
841 1585 874 1611 et
891 1580 993 1613 multi
1011 1580 1061 1624 pii
1078 1580 1244 1613 crudelis-

256 1625 344 1658 sime
376 1626 413 1658 in
438 1627 589 1669 gratiam
620 1629 795 1672 pontificii
818 1631 924 1674 legati
949 1631 1125 1664 interfecti
1152 1638 1244 1665 sunt.

256 1677 404 1710 Talibus
427 1678 578 1712 victimis
602 1680 733 1713 scilicet
756 1682 851 1714 litari
868 1682 932 1714 sibi
951 1684 1077 1715 xolunt
1102 1683 1178 1724 isti,
1207 1690 1245 1716 ut

257 1729 301 1761 ad
318 1728 467 1762 Troiam
489 1730 616 1764 Graeci
640 1744 724 1765 nece
742 1733 944 1778 Polyxenae
963 1734 1115 1767 litabant
1132 1734 1245 1767 mani-

257 1782 321 1813 bus
343 1778 488 1814 Achillis
499 1781 564 1827 62);
594 1782 763 1816 Redierat
785 1791 903 1818 autem
921 1791 1004 1818 tnnc
1020 1786 1200 1819 Aleander
1227 1799 1244 1819 0

255 1832 413 1876 synodo,
436 1833 596 1866 adsuerat
612 1835 861 1868 deliberationi
879 1837 1127 1877 cardinalium,
1154 1850 1244 1883 quae

258 1883 444 1916 videbatur
462 1897 559 1929 spem
578 1886 690 1919 facere
712 1888 980 1922 moderationis.
1034 1890 1102 1922 Sed
1121 1902 1177 1922 ars
1195 1896 1245 1922 est

258 1935 425 1975 istorum,
453 1934 570 1970 ἔσθλα
588 1935 781 1985 ἀγορεύειν
798 1937 894 1974 κακὰ
918 1937 957 1974 δὲ
977 1938 1087 1987 φρεσὶ
1102 1939 1244 1986 βυσσο-

256 1982 428 2030 liquefiens
441 2014 450 2028 ,
476 1994 517 2020 ut
533 1988 648 2034 inquit
666 1989 842 2024 Homerus
857 1990 915 2036 G³).

360 2036 442 2070 Non
472 2038 579 2081 igitur
606 2043 820 2084 expectanda
846 2048 896 2075 est
920 2042 1075 2086 cognitio
1103 2043 1244 2087 pontifi-

257 2087 329 2119 ciae
348 2089 527 2130 factionis,
552 2093 612 2124 sed
630 2093 673 2124 ad
691 2093 846 2137 singulos
866 2094 1018 2137 pertinet
1036 2095 1243 2127 mandatnm

260 2139 342 2178 Dei,
370 2146 409 2173 ut
434 2142 601 2183 audiant,
634 2143 789 2184 discant,
823 2146 1082 2189 amplectantur
1107 2152 1141 2178 et
1162 2158 1244 2178 con-

258 2192 423 2225 liteantur
438 2192 683 2238 Evangelium.
718 2195 764 2228 Et
781 2196 908 2240 singuli
925 2197 961 2229 in
977 2209 1037 2230 sna
1056 2197 1244 2229 vocatione

258 2243 386 2276 debent
402 2245 504 2278 edere
524 2246 724 2279 testimonia
744 2260 827 2280 suae
846 2248 1075 2282 consessionis
1085 2248 1144 2293 ⁶⁷⁴).
1178 2248 1245 2281 Pa-

259 2295 463 2329 terfamilias
489 2295 678 2341 probibere
701 2299 941 2332 idololatriam
970 2300 1005 2332 in
1028 2299 1162 2332 familia
1185 2301 1244 2332 de-

256 2345 325 2378 bet.
378 2346 606 2391 Magistratus
632 2362 753 2383 curare
774 2351 898 2390 debet,
925 2357 964 2384 ut
984 2357 1076 2384 recte
1093 2352 1245 2384 docean-

258 2403 315 2428 tur
337 2396 406 2436 1111,
441 2412 529 2443 quos
554 2401 740 2444 gubernat.
802 2402 962 2448 Cumque
990 2415 1064 2435 non
1092 2403 1246 2447 pendeat

259 2448 429 2481 autoritas
453 2452 611 2486 coelestis
633 2454 816 2486 doctrinae
835 2455 877 2487 ab
896 2452 1050 2488 bumana
1072 2454 1244 2487 conditio-

291 2573 339 2600 62)
359 2573 435 2597 cour.
456 2574 594 2604 Euripidis
620 2577 683 2600 1100.
702 2577 735 2601 37
755 2584 831 2608 sqq.,
855 2578 901 2602 521
925 2584 983 2608 sqq.

329 2608 417 2632 tht..
436 2609 483 2631 441
505 2615 561 2639 sqq.

292 2650 338 2681 63)
360 2650 453 2688 Vei-Ira
471 2651 580 2675 Homeri
601 2653 649 2677 Od.
669 2653 763 2681 xvu,
782 2655 824 2679 66.
850 2656 930 2679 sunt:
959 2651 1034 2679 ἔσθλ’
1054 2651 1245 2687 ἀγορεύοντες,

325 2683 394 2708 κακά
414 2682 441 2708 δε
465 2684 551 2717 φρεσὶ
570 2685 786 2719 βυσσοδόμενον.

290 2726 337 2757 654)
356 2728 556 2756 confessionis]
575 2731 613 2753 sic
631 2730 712 2754 Editt.
733 2732 820 2760 pecul.
843 2733 916 2757 1539.
932 2735 958 2757 et
975 2734 1047 2759 1540.
1064 2736 1091 2758 et
1107 2734 1155 2759 Ed.
1174 2734 1244 2765 Epit.

328 2762 418 2791 1540.;
443 2762 491 2786 Ed.
513 2763 587 2787 1546.
608 2765 770 2789 vocationis.

1023 2578 1112 2603 ovidii
1136 2580 1245 2603 Metam.

2210 168 2280 201 100

1293 260 1357 287 ne,
1385 261 1458 290 non
1490 256 1571 282 sunt
1597 252 1810 294 expectanda
1835 249 2022 284 bominum
2049 252 2209 291 decreta,
2242 258 2279 284 nt

1295 306 1363 333 tres
1379 299 1424 346 κ’3)
1462 299 1638 333 Israelitae
1674 302 1709 334 in
1733 303 1917 348 Babylone
1951 316 2024 336 non
2050 304 2281 347 expectabant

1295 351 1414 393 regni,
1447 364 1508 385 seu
1536 353 1769 396 parlamenti,
1796 361 1834 387 ut
1857 367 1950 387 nunc
1973 355 2188 400 loquuntur,
2222 355 2281 386 de-

1295 409 1408 442 creta,
1442 404 1501 436 sed
1537 403 1647 447 impio
1676 405 1768 449 regis
1803 406 1916 438 edicto
1951 407 2090 439 sortiter
2118 406 2281 439 adversa-

1296 454 1436 488 bantur.

1397 506 1583 539 Caeterum
1603 507 1747 550 prodest
1764 507 1830 550 piis
1849 520 2018 553 quaerere
2035 521 2107 541 non
2125 506 2281 541 bostium

1297 556 1443 597 iudicia,
1487 558 1543 590 sed
1577 570 1681 589 xerae
1714 557 1890 592 Ecclesiae
1926 560 2149 599 testimonia,
2193 560 2283 593 sicut

1296 606 1455 642 Christus
1473 609 1547 641 vult
1567 621 1631 642 nos
1648 609 1780 641 erudiri
1799 616 1832 642 et
1851 611 2055 644 confirmari
2073 610 2205 644 mutuis
2221 610 2282 643 ad-

1295 660 1570 699 monitionibus,
1595 673 1674 693 011111
1692 660 1737 692 ait
1759 663 1802 693 ad
1820 662 1966 695 Petrum
1985 662 2086 708 (Luc.
2104 664 2166 702 22,
2187 660 2280 706 32.);

1294 711 1339 744 Et
1373 718 1410 744 tu
1438 724 1628 745 conversus
1654 712 1823 744 confirma
1850 714 1976 747 fratres
2001 720 2090 747 tuos.
2149 713 2282 746 Extant

1295 764 1474 808 symbola,
1503 770 1622 796 extant
1647 763 1846 797 testimonia
1875 765 1908 797 in
1929 765 2087 809 probatis
2101 764 2282 809 scriptori-

1295 815 1378 854 bus,
1407 828 1519 860 quae,
1547 815 1574 848 si
1603 817 1824 849 conferemus
1849 817 1890 849 ad
1914 816 2171 858 Evangelium,
2199 815 2282 849 satis

1296 867 1499 910 adparebit,
1528 879 1618 912 quae
1641 867 1683 900 sit
1710 873 1808 900 wius
1836 873 1867 899 01
1893 881 1979 912 pura
1997 867 2156 900 doctrina
2178 878 2282 899 verae

1296 924 1329 950 et
1346 916 1538 951 catholicae
1556 918 1731 950 Ecclesiae
1751 917 1893 953 (Jliristi.
1948 920 2152 951 Deliberent
2177 918 2282 961 igitur

1298 969 1473 1013 principes
1496 982 1567 1002 non
1591 983 1668 1001 cum
1693 970 1871 1014 tyrannis,
1907 982 1979 1003 non
2006 984 2083 1003 011111
2108 969 2282 1014 pontilici-

1296 1021 1381 1060 bus,
1400 1034 1471 1052 non
1489 1034 1566 1053 011111
1587 1019 1792 1065 11)’1)1)1·1·1115,
1820 1021 2017 1061 monacbis,
2043 1028 2103 1054 aut
2119 1021 2207 1059 aliis,
2223 1021 2283 1054 sed

1297 1085 1375 1104 cum
1401 1072 1473 1116 ipsa
1497 1072 1682 1113 Evangelii
1711 1086 1815 1111 voce,
1845 1085 1924 1105 cum
1952 1073 2109 1117 probatis
2135 1071 2282 1115 scripto-

1298 1123 1404 1156 ribus.

1298 1174 1445 1207 eruditis
1472 1176 1672 1208 traduntur.

1458 1124 1529 1157 hoc
1549 1125 1678 1167 pudeat
1695 1124 1816 1156 audire
1835 1136 1887 1162 ea,
1906 1138 1996 1169 qnae
2013 1136 2107 1156 1111110
2127 1136 2143 1155 a
2164 1123 2230 1168 piis
2249 1129 2283 1155 et

1725 1175 1910 1207 Audienda
1936 1182 1985 1208 051
2011 1176 2105 1208 0111111
2126 1173 2281 1207 Ecclesia

1299 1223 1449 1263 Christi,
1479 1223 1545 1257 1100
1573 1231 1643 1264 051,
1670 1225 1809 1269 piorum
1837 1233 1975 1265 coetus,
2018 1239 2090 1259 non
2124 1223 2282 1259 bostium

1296 1275 1500 1319 Evangelii,
1536 1282 1570 1308 et
1597 1277 1830 1310 conserendae
1861 1278 2054 1311 sententiae
2092 1290 2169 1310 011111
2206 1288 2283 1309 ver-

1296 1327 1342 1360 bo
1369 1326 1449 1360 Dei.

1400 1377 1556 1422 Quidam
1579 1384 1661 1411 sunt
1685 1378 1740 1410 vel
1763 1385 1910 1419 natura,
1939 1378 1993 1410 vel
2011 1390 2120 1422 prava
2139 1391 2283 1411 consue-

1298 1429 1419 1462 tudine
1441 1427 1612 1474 ἐριστικοὶ
1639 1435 1672 1461 01
1697 1436 1856 1463 amantes
1881 1429 2146 1463 cavillationum
2175 1441 2214 1462 ac
2230 1441 2285 1462 so-

1298 1478 1474 1525 phistices.
1527 1479 1573 1512 Hi
1599 1481 1704 1513 etiam
1729 1493 1808 1513 cnm
1828 1481 1911 1514 satis
1932 1481 2105 1524 patefacta
2125 1487 2175 1514 cst
2193 1480 2284 1512 veri-

1299 1539 1370 1572 tas,
1398 1538 1516 1565 tamen
1534 1544 1608 1563 non
1627 1532 1872 1577 acquiescunt,
1899 1532 1957 1565 sed
1977 1537 2148 1576 perpetuo
2168 1531 2284 1564 rixan—

1298 1590 1355 1616 tur
1388 1590 1421 1616 et
1453 1582 1682 1623 cavillantur,
1723 1583 1812 1616 sicut
1844 1582 1983 1622 Iudaei,
2023 1582 2285 1628 quantumlibet

1299 1635 1470 1675 conxicti,
1505 1634 1596 1666 elabi
1622 1641 1741 1666 tamen
1768 1641 1954 1668 conantur.
2013 1634 2068 1666 Ab
2094 1632 2160 1666 1100
2184 1645 2284 1666 more

1298 1686 1471 1720 Diabolus
1494 1698 1624 1718 nomen
1648 1683 1776 1725 babet,
1806 1686 1886 1730 qnia
1904 1685 2004 1718 miris
2021 1685 2205 1718 calumniis
2225 1685 2283 1717 de-

1297 1739 1446 1778 format,
1474 1737 1593 1770 obruit
1611 1743 1644 1769 et
1667 1737 1776 1770 eludit
1792 1737 1859 1769 Dei
1877 1737 1980 1770 dicta.
2022 1737 2138 1769 Porro
2157 1737 2200 1769 ab
2216 1733 2284 1769 hoc

1298 1789 1474 1823 diabolico
1503 1801 1602 1821 more
1631 1786 1823 1821 abhorrere
1848 1801 1970 1821 omnes
1991 1785 2155 1821 homines
2178 1799 2284 1832 opor-

1298 1841 1383 1880 tuit,
1411 1839 1564 1873 maxime
1587 1846 1704 1872 autem
1727 1840 1905 1884 principes
1923 1840 2037 1879 viros,
2064 1839 2192 1884 quibus
2210 1845 2284 1872 tur-

1298 1893 1481 1937 pissimum
1502 1898 1553 1924 est
1567 1904 1686 1923 amare
1705 1889 1946 1936 sophisticam.
1987 1891 2182 1936 Postquam
2201 1902 2284 1922 con-

1297 1944 1387 1977 victa
1418 1950 1469 1976 est
1501 1943 1714 1976 conscientia
1745 1943 1837 1976 veris
1870 1949 1904 1975 et
1926 1942 2036 1975 firmis
2061 1941 2284 1981 testimoniis,

1297 2008 1371 2028 11011
1403 2001 1621 2040 quaerantur
1649 2006 1799 2038 nugaces
1826 1994 1958 2038 glossae
1993 1994 2037 2025 ad
2072 1992 2282 2026 eludendam

1298 2047 1497 2079 veritatem.
1548 2045 1598 2078 Ac
1621 2046 1647 2078 si
1674 2045 1751 2090 quis
1775 2045 1914 2091 quaerit
1935 2045 2118 2077 veritatem
2136 2044 2196 2089 pio
2213 2049 2283 2078 stu-

1298 2099 1377 2138 dio,
1408 2104 1447 2130 nt
1470 2097 1620 2140 gloriam
1647 2097 1713 2129 Dei
1740 2102 1861 2136 ornet,
1889 2103 1928 2129 ut
1958 2108 2041 2130 suae
2072 2102 2106 2129 et
2130 2096 2282 2129 aliorum

1298 2148 1402 2183 saluti
1434 2149 1612 2187 consulat,
1645 2146 1750 2181 11111115
1781 2154 1948 2181 conatum
1975 2148 2120 2181 adiuvat
2144 2153 2175 2180 et
2200 2158 2283 2191 pro-

1298 2198 1395 2233 vehit
1412 2199 1518 2239 Dens,
1546 2200 1634 2234 sicut
1651 2200 1699 2232 ait
1727 2197 1872 2245 (Matth.
1894 2199 1928 2239 7,
1945 2199 2014 2244 8.):
2045 2197 2115 2243 Qui
2133 2198 2283 2243 quaerit,

1298 2251 1434 2285 invenit
1460 2258 1523 2284 etc.
1576 2251 1629 2283 De
1655 2251 1801 2285 caeteris
1823 2250 2024 2283 amantibus
2042 2249 2283 2282 cavillationes

1298 2315 1337 2335 ac
1359 2300 1574 2347 sopliisticen
1597 2302 1728 2335 dictum
1755 2308 1805 2336 est
1831 2299 1975 2348 (Manli.
1997 2301 2060 2341 13,
2082 2299 2176 2346 14.);
2210 2300 2282 2333 An-

1298 2355 1369 2387 dite
1394 2354 1595 2393 audientes,
1625 2361 1657 2387 et
1680 2354 1790 2387 nolite
1815 2353 2027 2397 intelligere,
2056 2365 2146 2398 quac
2167 2364 2281 2397 poena

1298 2413 1349 2439 est
1366 2406 1526 2439 onmium
1546 2406 1785 2439 calamitatum
1804 2417 1953 2439 snnnna.

1399 2458 1575 2502 Quartum
1594 2463 1854 2499 argumentum.
1897 2455 2053 2488 Tantum
2072 2454 2157 2488 iuris
2175 2452 2282 2487 habet

1298 2509 1446 2542 inferior
1469 2509 1505 2541 in
1523 2509 1658 2541 ditione
1683 2508 1821 2553 aliqua,
1849 2513 2021 2553 (plantum
2040 2506 2202 2551 superior
2219 2506 2281 2538 do-

1330 2632 1377 2660 65)
1399 2633 1471 2660 tres]
1491 2632 1531 2656 sie
1550 2634 1624 2656 recte
1643 2632 1726 2655 Editt.
1746 2631 1829 2661 pecul.
1854 2630 1927 2654 1539.
1950 2632 1975 2653 et
1996 2630 2087 2657 1540.;
2107 2630 2133 2653 in
2148 2631 2194 2655 Ed.
2211 2631 2280 2660 Epa.

1370 2666 1442 2691 1510,
1464 2668 1529 2690 haee
1548 2673 1600 2690 vox
1619 2667 1644 2690 in
1664 2673 1710 2690 res
1729 2667 1874 2694 corrupta,
1894 2665 1920 2688 in
1941 2665 1988 2689 1⁴:11.
2011 2665 2084 2689 1546.
2103 2666 2161 2688 tota
2179 2665 2282 2689 omissa

1366 2702 1416 2724 est.
1462 2701 1495 2724 ui
1521 2704 1578 2724 tres
1602 2701 1746 2724 israelitae
1765 2702 1829 2723 sunt
1859 2700 1978 2723 sadi-aet·
1991 2716 1998 2725 ,
2017 2700 2127 2722 Mesavl·
2145 2700 2172 2722 et
2190 2700 2280 2723 Abeu-

1366 2735 1458 2765 Nego.
1485 2742 1597 2765 qnorum
1623 2734 1778 2758 constantia
1803 2734 1830 2758 in
1849 2739 1901 2758 uno
1921 2739 1986 2758 vero
2007 2734 2063 2758 Deo
2081 2733 2194 2758 colendo
2212 2734 2280 2758 Dan.

1365 2769 1398 2799 8,
1420 2770 1544 2795 12—30.
1565 2772 1703 2794 narratur.
