2347 3000
238 126 332 162 1091

342 211 427 255 Cap.
445 206 631 243 XXXVIII.
661 204 690 250 ξ.
708 206 767 240 81.
804 207 914 249 Atque
938 199 1098 248 adhaec]
1127 199 1228 246 quasi

239 265 350 298 dicat:
378 262 466 295 Eece
486 262 541 293 ille
559 260 720 292 tribunus
740 261 790 288 est
807 253 969 287 sai-tionis
988 253 1229 291 Catilinariae,

240 317 298 349 ille
321 327 400 347 eum
430 313 549 357 aliquo
569 310 674 342 modo
695 313 844 340 conatur
869 306 1065 339 sublevare.
1143 305 1230 347 Aye’-

238 364 331 413 iaia]
365 365 418 398 Ex
452 359 713 396 circumstantia
748 357 938 401 temporis,
987 355 1085 400 quasi
1121 354 1230 386 dicat:

241 419 317 451 l‘loc
340 416 377 448 in
409 414 559 459 speciem
584 418 617 443 et
641 409 855 443 nominatim
887 413 1015 452 agunt,
1048 412 1082 439 et
1105 406 1232 438 tollant

240 469 401 503 custodes
425 463 650 508 reipublicae.

344 517 373 561 ᾗ.
391 518 450 552 82.
478 518 565 549 Nam
584 511 642 560 ne]
672 512 706 546 id
724 517 793 551 est,
818 509 903 544 certi
922 515 1016 548 sunt,
1041 520 1114 541 non
1131 518 1233 552 posse.

241 568 422 612 surrogari
458 566 659 604 consulem,
710 563 814 609 quia,
861 562 890 596 si
927 561 1076 593 Murena
1113 559 1235 592 suisset

241 624 449 658 damnatus,
492 617 640 651 fuissent
673 616 715 648 de
748 626 843 647 novo
879 612 1041 646 habenda
1078 610 1235 650 comitia,

241 684 331 718 quae
347 670 499 704 maxime
519 674 620 701 erant
636 666 904 711 impedimento.
981 659 1147 709 Telorum]
1171 661 1236 695 sci-

245 725 325 757 licet
341 722 580 755 tribunorum.

348 772 378 817 ᾗ.
396 773 455 807 83.
483 768 615 816 Otium]
652 766 719 801 hoc
744 774 812 806 est,
848 766 1006 799 divitem.
1058 761 1238 797 Adhorta-

246 832 305 859 tur
318 825 491 858 Catonem
504 849 513 862 ‚
538 828 575 854 ut
593 833 694 854 suum
713 819 898 852 consilium
919 828 1061 863 quoque
1080 817 1239 848 conserat

246 878 291 910 ad
307 875 495 910 utilitatem
512 871 740 916 reipublicae.

351 935 436 979 Cap.
454 932 607 967 XXXIX.
638 930 666 975 ξ.
685 931 744 964 83.
774 925 1000 974 Quamquam]
1020 927 1161 960 Omisso
1175 925 1240 958 Ca-

247 995 351 1027 tone,
384 986 477 1019 redit
501 986 543 1017 ad
571 984 713 1016 iudices.
790 983 832 1014 Si
851 982 893 1014 L.
914 977 1080 1025 Catilina]
1108 978 1240 1011 Absur-

247 1041 344 1073 dum.
424 1033 578 1082 lalemne]
615 1032 823 1072 ἀντίθεσις,
861 1030 1035 1063 Catilinae
1059 1031 1241 1073 prodesset

248 1089 353 1124 dciici
370 1088 558 1120 Murenam
576 1087 618 1117 de
637 1083 833 1116 consulatu.

353 1138 383 1183 ἓ.
401 1137 461 1172 84.
496 1134 609 1182 IlIo‘Jn’]
647 1132 848 1167 Conclusio.
928 1128 1045 1178 Nihil]
1081 1128 1242 1173 Amplifi-

250 1191 341 1226 catio
363 1189 531 1234 periculi,
555 1186 656 1232 quasi
676 1185 786 1218 dicat:
822 1183 904 1217 Non
926 1183 1095 1216 debemus
1119 1181 1242 1213 tollere

252 1248 456 1288 praesentes
478 1239 723 1282 magistratus,
759 1248 849 1280 quos
872 1233 1055 1267 habemus.
1135 1234 1244 1265 Anie-

251 1291 346 1340 nem]
374 1293 407 1325 id
427 1297 495 1330 est,
523 1301 597 1322 non
619 1289 661 1320 ad
681 1299 821 1325 muros,
856 1287 915 1319 sed
939 1286 976 1318 in
996 1285 1084 1318 urbe
1107 1289 1157 1316 est
1180 1280 1244 1315 ho-

251 1346 324 1380 stis.
403 1338 587 1387 Sacrario]
614 1340 649 1372 id
666 1345 734 1378 est,
762 1337 872 1370 curia.

358 1392 388 1438 §-
407 1392 466 1427 85.
494 1392 694 1435 Impedituri
716 1387 805 1436 sint]
834 1388 868 1421 id
887 1393 957 1427 est,
984 1385 1118 1419 tribuni
1137 1384 1246 1418 creati

255 1452 349 1481 sunt.
419 1444 478 1477 llla
505 1442 611 1487 pestis
635 1441 810 1479 Catilina,
844 1439 1031 1483 legendum
1056 1444 1117 1471 est.
1178 1436 1247 1468 De-

253 1496 399 1541 scriptio
433 1501 485 1528 est
516 1493 624 1527 futuri
659 1491 818 1536 periculi.
916 1492 1155 1532 Opprimentur
1172 1485 1247 1534 9‘·')]

256 1550 505 1592 Consequens,
535 1545 563 1578 si
582 1542 791 1577 liabebii'uus
809 1541 981 1575 consules.

359 1607 445 1650 Cap.
464 1604 536 1637 XL.
566 1602 596 1647 ἓ.
615 1603 674 1637 86.
706 1604 797 1642 Quae
813 1613 912 1646 (seuam
930 1603 978 1633 ita
995 1596 1085 1645 sint]
1114 1597 1179 1631 Ista
1199 1604 1250 1631 est

255 1657 458 1704 peroratio,
484 1653 552 1688 hoc
569 1661 638 1694 est,
667 1652 844 1685 conclusio
861 1649 1053 1688 orationis,
1081 1662 1171 1694 quae
1188 1646 1250 1680 lia-

255 1711 315 1743 bet
332 1706 620 1741 adhortationem
645 1710 679 1736 et
701 1702 949 1746 repetitionem
975 1701 1249 1744 praecipuorum

258 1764 557 1804 argumentorum
575 1783 585 1797 ‚
639 1754 721 1800 quia
758 1752 936 1785 conclusio
975 1752 1010 1783 in
1046 1751 1250 1795 syllogismo

257 1810 348 1845 nihil
365 1816 415 1843 est
433 1809 542 1848 aliud,
569 1806 637 1840 nisi
654 1804 820 1849 repetitio
838 1802 1106 1848 propositionis.
1148 1801 1252 1834 l'rin-

261 1862 353 1907 cipio
376 1858 610 1898 adhortatur,
639 1863 673 1890 et
698 1862 839 1895 monet,
866 1861 905 1887 ut
930 1853 1117 1887 absolvant
1134 1853 1253 1885 Mure-

260 1926 357 1953 nam,
374 1919 413 1945 ut
428 1923 509 1944 eum
526 1909 705 1943 retineant
720 1907 913 1940 consulem.
956 1904 1094 1937 Deinde
1111 1905 1253 1947 adsper-

262 1965 307 1999 sit
329 1963 501 2009 quosdam
527 1961 684 1994 affectus.
742 1957 929 1991 Peroratio
942 1956 988 2003 93)
1013 1955 1172 1988 continet
1194 1955 1255 1986 ad-

260 2014 503 2049 hortationem
540 2018 574 2045 et
603 2009 910 2054 deprecationem,
951 2007 987 2039 in
1018 2006 1146 2052 quibus
1180 2006 1253 2049 ipsa

261 2064 468 2112 principalis
485 2061 683 2108 propositio
702 2060 893 2104 repetitur,
920 2058 1100 2096 videlicet,
1136 2063 1174 2089 ut
1202 2068 1255 2088 re-

263 2118 419 2150 tineatur
436 2114 558 2148 consul
576 2113 740 2146 Murena.
793 2110 855 2143 Est
882 2116 998 2142 autem
1025 2109 1164 2151 elegans
1187 2108 1256 2140 ‹lis-

264 2167 412 2202 tributio
444 2167 556 2204 facta,
605 2164 642 2196 in
671 2174 740 2208 qua
770 2161 1005 2205 amplificatur
1040 2158 1256 2192 adhortatio.

263 2217 476 2264 Deprecatio
497 2215 604 2250 habet
624 2215 787 2254 affectus,
823 2225 863 2246 ex
888 2223 1039 2256 persona
1063 2217 1097 2243 et
1118 2209 1257 2242 virtuti-

303 2354 350 2381 92)
370 2350 591 2383 Opprimentur]
611 2354 649 2371 sic
670 2347 717 2370 Ed.
733 2345 806 2369 1568.
826 2346 852 2369 et
874 2345 927 2373 at.;
956 2344 1004 2368 Ed.
1026 2344 1113 2368 oren.
1132 2344 1259 2375 compri-

338 2388 459 2411 utentur.

303 2439 351 2465 93)
370 2435 529 2464 Peroratio]
550 2434 576 2457 in
591 2434 640 2457 Ed.
658 2432 732 2456 1568.
752 2431 811 2455 huic
831 2429 892 2455 voci
911 2435 1008 2454 nomen
1027 2429 1148 2453 auctoris
1169 2430 1258 2461 „PhiL

337 2467 496 2495 Melanch.⁷’
516 2468 698 2500 praemissum
717 2467 769 2490 est.

806 115 929 151 PHIL.
964 114 1077 150 MEL.
1111 112 1314 148 SCRIPTA
1349 112 1686 151 PHILOLOGICA.

2175 114 2272 150 1092

1281 200 1345 233 lius
1362 200 1552 241 Murenae,
1582 214 1621 234 ex
1640 202 1712 246 ipsa
1732 214 1833 236 causa
1846 229 1854 239 ,
1883 214 1923 235 ex
1943 213 2079 246 poenae.
2096 202 2272 245 magnitu-

1283 252 1385 289 dine,
1425 264 1465 284 ex
1489 253 1649 286 molestia
1677 255 1899 293 consulatus,
1935 266 1976 286 ex
1999 259 2116 296 patre,
2149 260 2274 291 matre,

1283 304 1412 341 fratre,
1439 304 1539 347 quasi
1564 304 1674 336 dicat:
1706 304 1885 348 Deprecor
1909 318 1973 348 pro
1991 305 2155 337 Murena.
2210 303 2276 335 Mi-

1284 367 1400 387 serum
1421 366 1515 386 emm
1536 361 1566 386 et
1582 356 1812 398 peraeerlmm
1838 363 1906 395 est,
1942 357 1968 389 si
1994 357 2056 389 iste
2083 361 2229 387 ornatus
2255 365 2274 386 a

1286 405 1493 447 magistratu
1517 405 1749 447 affligeretur,
1786 407 1830 438 ita
1858 413 1974 439 tamen
2003 413 2101 451 peto,
2136 406 2163 438 si
2187 402 2276 437 nihil

1286 456 1452 500 deliquit:
1494 455 1530 488 lu
1558 469 1596 488 ea
1626 469 1662 489 re
1691 458 1852 501 respicite
1877 458 1950 491 eius
1976 465 2112 502 patrem
2146 468 2278 489 senem.

1288 509 1378 548 Quae
1397 505 1515 554 quum]
1544 508 1730 541 Peroratio
1758 515 1791 540 et
1816 507 2032 542 adhortatio.
2136 504 2280 554 Moneo]

1289 559 1436 590 Monere
1462 559 1555 591 enim
1582 559 1785 603 diligentius
1806 566 1868 594 est.
1966 557 2117 606 Deinde]
2146 559 2280 602 Depre-

1289 616 1393 642 catio.

1353 710 1360 716 ·
1393 657 1421 703 ξ.
1440 659 1499 693 87.
1526 658 1658 707 Nolite]
1682 660 1714 692 id
1734 667 1805 701 est,
1833 661 2000 695 miserum
2021 673 2092 695 esse
2109 672 2188 693 eum
2209 658 2279 691 iam

1290 717 1452 743 amittere
1470 718 1615 755 propter
1635 712 1738 745 istum
1760 713 2005 755 magistratum
2032 712 2151 745 omnia
2176 721 2280 742 orna-

1290 768 1407 794 menta
1437 762 1566 806 prioris
1591 762 1703 802 xitae,
1732 764 1931 805 civitatem,
1958 764 2132 809 patriam,
2160 771 2282 794 omnes

1290 814 1463 846 fortunas.
1542 817 1634 848 Haec
1649 826 1723 848 eum
1741 813 1796 862 re]
1824 815 1857 848 id
1878 822 1939 853 est,
1968 816 2002 848 in
2019 813 2083 848 hac
2102 826 2152 854 re,
2181 811 2282 858 quasi

1292 864 1401 897 dicat:
1429 864 1465 897 iu
1490 864 1555 897 ista
1579 866 1897 906 condemnatione,
1934 867 1969 899 in
1995 867 2060 901 isto
2085 864 2216 898 iudicio
2239 864 2282 895 de

1294 916 1490 972 consulatu.
1595 916 1846 965 Honestum-em]
1881 918 2011 951 scilicet
2034 918 2070 950 in
2100 928 2168 962 qua
2195 912 2285 947 nihil

1295 973 1468 1011 peccavit,
1498 973 1633 999 tantum
1659 968 1782 1010 petivit
1807 970 2050 1009 consulatum,
2084 974 2124 1001 ut
2148 964 2284 1011 aliquid

1295 1019 1437 1069 adderet
1456 1019 1498 1049 ad
1519 1024 1728 1050 ornamenta
1746 1019 1876 1062 prioris
1893 1015 2099 1053 vitae'suae.
2175 1020 2285 1062 Atque

1295 1072 1342 1102 ita
1368 1067 1441 1114 ros]
1476 1069 1633 1112 Sumpsit
1660 1077 1867 1111 argumenta
1893 1083 1934 1103 ex
1960 1070 2149 1103 virtutibus
2164 1068 2286 1100 Mure-

1294 1132 1373 1152 nae.
1455 1117 1555 1166 Odio]
1584 1120 1619 1152 id
1639 1126 1707 1159 est,
1734 1121 1868 1153 nemini
1886 1122 1952 1154 suit
1968 1121 2148 1154 molestus.
2214 1120 2288 1151 De-

1296 1167 1428 1216 missis]
1452 1170 1575 1210 idest,
1602 1171 1789 1211 modestis,
1817 1172 2038 1218 tranquillis,
2065 1171 2180 1205 stillen
2196 1169 2288 1201 Leu-

1296 1227 1367 1254 teu.
1472 1220 1769 1269 Misericordiam]
1809 1220 1933 1262 πάθος
1967 1235 2007 1256 ex
2042 1220 2288 1266 magnitudine

1297 1283 1453 1316 poenae,
1481 1273 1583 1317 quasi
1606 1274 1715 1306 dicat:
1752 1274 1833 1307 Non
1857 1275 1975 1307 statim
2000 1274 2214 1306 currendum
2239 1276 2291 1304 cst

1299 1324 1342 1355 ad
1362 1323 1456 1355 illam
1476 1336 1650 1367 poenam,
1678 1326 1715 1357 in
1741 1337 1809 1370 qua
1835 1325 2036 1369 eripiuntur
2061 1325 2110 1357 illi
2135 1336 2207 1357 non
2233 1334 2289 1354 so-

1299 1375 1371 1407 lum
1416 1375 1617 1409 consulatus
1638 1402 1647 1415 ‚
1699 1377 1760 1409 sed
1803 1376 1908 1409 etiam
1952 1377 2020 1409 alia
2065 1379 2290 1409 ornamenta.

1299 1426 1437 1459 Nullam
1461 1424 1585 1473 potest]
1625 1427 1659 1459 id
1683 1434 1752 1467 est,
1795 1429 1998 1461 consulatus
2019 1440 2093 1460 non
2115 1433 2166 1460 est
2189 1425 2291 1458 valde

1302 1477 1527 1520 expetendus.
1581 1479 1676 1523 Quid
1694 1485 1744 1512 cst
1762 1478 1833 1512 lam
1850 1479 2071 1520 consulatus,
2097 1478 2165 1512 nisi
2182 1475 2293 1510 maxi-

1300 1541 1359 1560 ma
1383 1528 1569 1561 molestia?

1407 1580 1435 1621 ᾗ.
1456 1579 1514 1612 88.
1552 1578 1683 1627 Quare]
1712 1581 1812 1625 quasi
1838 1582 1948 1614 dicat:
1993 1581 2075 1615 Non
2101 1586 2152 1614 est
2175 1591 2293 1620 causa,

1304 1641 1366 1662 eur
1390 1629 1592 1663 invideatur
1619 1632 1765 1665 consuli.
1850 1631 1980 1679 Quare]
2009 1631 2140 1665 lronia.

1332 1731 1338 1736 .
1406 1680 1491 1725 Cap.
1512 1681 1599 1716 XLI.
1634 1681 1663 1726 ἓ.
1684 1683 1741 1716 88.
1779 1682 1942 1730 Domum]
1979 1681 2085 1728 πάθη
2110 1695 2150 1714 ex
2173 1694 2294 1726 perso-

1306 1744 1358 1787 nis
1387 1739 1632 1773 cognatorum.
1727 1732 1953 1781 Laureatam]
1988 1734 2120 1767 scilicet
2148 1739 2296 1777 propter

1306 1781 1538 1825 triumphum.
1612 1785 1719 1817 Pater
1749 1785 1842 1816 enim
1880 1783 2114 1829 triiuupliavit
2150 1790 2298 1828 propter

1306 1846 1379 1865 rein
1400 1835 1579 1876 praeclare
1596 1843 1727 1878 gestam
1746 1836 1780 1867 in
1799 1836 1890 1867 bello
1909 1836 2077 1869 Asiatico.

1409 1886 1437 1928 ᾗ.
1457 1885 1516 1918 89.
1544 1889 1613 1920 Sed
1631 1885 1728 1934 quid]
1752 1887 2006 1930 Exaggeratio:
2043 1886 2191 1930 Cogitur
2215 1898 2297 1919 exu-

1306 1935 1401 1975 lare,
1430 1937 1526 1981 quod
1549 1938 1660 1980 magis
1687 1944 1735 1971 est
1758 1939 1939 1972 miserum.
2017 1941 2063 1972 At
2083 1936 2199 1985 habet]
2225 1937 2298 1971 En-

1308 1984 1500 2031 tliymema.
1554 1987 1620 2022 Ista
1638 1996 1916 2029 commemorat,
1944 1996 1983 2023 ut
2000 1990 2173 2023 iudicibus
2196 2002 2297 2022 revo-

1309 2044 1360 2094 cet
1380 2038 1416 2070 in
1436 2040 1647 2072 memoriam
1674 2053 1729 2074 res
1753 2047 1864 2084 gestas
1881 2041 2066 2074 Murenae.
2169 2039 2296 2088 Abdet]

1310 2090 1342 2121 id
1362 2095 1423 2129 est,
1453 2091 1600 2125 occidat.
1672 2094 1833 2137 Repente]
1861 2093 1895 2125 id
1913 2099 1974 2132 est,
2003 2105 2044 2126 eo
2062 2092 2135 2137 ipse
2153 2092 2299 2132 excidet,

1310 2141 1345 2173 id
1363 2147 1434 2193 est,
1462 2143 1613 2182 recidet,
1640 2145 1734 2176 unde
1751 2141 1925 2188 hospites,
1954 2150 2018 2177 etc.

1412 2193 1442 2235 ᾗ.
1468 2192 1527 2227 90.
1564 2196 1653 2235 Quae
1675 2196 1722 2238 si]
1756 2194 1940 2234 Clausula,
1980 2193 2048 2228 hoc
2070 2201 2141 2234 est,
2182 2193 2298 2227 brevis

1311 2243 1489 2277 conclusio
1514 2246 1763 2289 perorationis.
1850 2246 1989 2289 Facere]
2026 2246 2061 2278 id
2086 2251 2156 2284 est,
2191 2244 2300 2278 sacri-

1311 2294 1427 2328 ficare.
1480 2295 1614 2331 Omnes
1633 2298 1791 2331 consules
1804 2298 1966 2331 solebant
1990 2297 2025 2329 in
2043 2296 2179 2329 Latinis
2205 2296 2300 2330 seriis

1311 2357 1409 2379 sacra
1436 2347 1550 2381 facere
1574 2347 1703 2382 Iunoni
1727 2349 1900 2393 Sospitae.
1963 2348 2221 2391 Argumentum
2251 2353 2303 2380 est

1313 2408 1330 2428 ²¹
1349 2396 1426 2454 loco
1440 2424 1448 2437 ‚
1471 2400 1579 2481 lquasi
1596 2401 1813 2445 parcendum
1833 2412 1905 2435 esse
1921 2399 1978 2434 isti
1994 2399 2072 2431 loco
2084 2426 2092 2440 ,
2118 2411 2163 2432 ne
2184 2399 2301 2431 laeda-

1313 2454 1371 2482 tur
1388 2461 1467 2481 mco
1486 2462 1516 2484 a.
