2347 3000
90 135 162 170 473

86 220 196 253 multa
214 219 426 258 recitantur,
453 224 492 252 111
505 218 610 251 Rom.
633 218 691 257 13,
711 217 872 263 (1—7.)
899 224 932 251 et
950 218 986 251 in
1004 218 1074 251 Da-

86 270 250 315 niele⁵⁵)‚
287 277 321 303 et
347 270 383 302 111
404 268 683 314 Proverbiisffi),
708 275 827 303 tamen
853 270 938 303 utile
964 276 1014 303 est
1041 276 1074 302 et

86 323 191 355 verba
209 320 438 355 iustitutionis
454 332 625 365 quaerere
637 346 646 359 ,
674 332 764 365 quae
781 333 854 353 non
874 327 1011 354 tantum
1028 322 1073 353 ad

86 373 256 417 populum
272 371 377 405 Israel
394 378 474 415 post
486 371 611 405 Mosen
628 372 794 415 pertinet,
811 373 870 405 sed
888 374 932 405 ad
950 384 1072 405 omues

85 431 215 468 gentes.

183 473 406 517 Scripserunt
421 479 538 506 autem
555 473 722 519 quidam,
749 475 838 508 sicut
859 475 914 507 lex
939 473 1072 506 rationi

82 524 292 558 naturaliter
308 531 392 558 nota
410 531 481 564 est,
510 525 558 558 ita
576 526 789 559 naturaliter
812 525 892 559 sciri
906 552 914 565 ,
942 524 1071 557 consti-

83 576 231 609 tuendos
254 575 358 609 fuisse
384 576 629 619 magistratus,
659 583 692 610 et
715 584 918 610 executores
940 575 1068 619 legum.

79 625 133 659 Ex
155 624 222 659 hoc
246 628 402 660 naturali
426 627 556 660 iudicio
581 627 701 667 aiunt,
740 628 823 661 satis
847 633 969 660 notam
996 638 1069 659 esse

80 677 300 711 voluntatem
318 678 404 719 Dei,
433 679 514 724 quia
532 679 586 711 lex
603 685 751 711 naturae
776 679 850 712 sine
873 678 945 711 ulla
967 677 1068 711 dubi-

80 728 213 762 tatione
227 730 400 774 sapientia
419 730 538 762 divina
556 735 618 763 est.

179 781 395 826 Quanquam
411 787 529 814 autem
546 778 632 813 hacc
649 780 821 814 naturalis
838 779 965 812 notitia
983 790 1065 812 vera

82 837 144 871 est,
173 838 208 865 et
226 832 444 865 voluntatem
456 831 523 864 Dei
539 837 632 864 recte
651 831 816 871 ostendit,
842 837 962 864 tamen
971 829 1066 863 Deus

78 882 214 915 addidit
244 895 404 927 expressa
436 883 638 916 testimonia
674 889 747 915 tum
783 881 1065 927 approbationis,

78 940 154 967 tum
171 933 422 974 institutionis,
449 934 546 978 ‘sicut
564 933 600 966 in
617 934 763 967 caeteris
782 933 979 978 praeceptis
991 959 1000 973 ,
1027 939 1066 966 ut

76 985 184 1018 simus
202 985 286 1018 certi
304 986 346 1018 de
366 985 547 1018 voluntate
566 985 686 1030 ipsius.
736 984 819 1018 Ideo
844 985 962 1018 statim
984 990 1065 1028 post

76 1036 250 1069 diluvium
274 1037 500 1080 promulgata
528 1042 579 1070 est
599 1037 673 1077 lex,
707 1043 747 1069 ut
770 1034 947 1069 homicida
974 1035 1063 1068 occi—

76 1088 181 1120 datur
204 1099 267 1132 per
291 1093 426 1120 certum
451 1084 653 1127 hominem,
681 1087 743 1132 qui
769 1088 813 1119 ad
840 1100 916 1120 eam
942 1099 1063 1120 execu-

76 1139 210 1172 tionem
226 1138 435 1172 constitutus
452 1138 515 1178 sit,
542 1138 704 1171 videlicet
724 1150 788 1182 per
804 1138 1062 1181 magistratum.

177 1189 268 1222 Sunt
287 1195 403 1222 autem
420 1187 507 1222 haec
525 1190 632 1222 verba
651 1189 810 1229 Genesis,
829 1200 903 1233 cap.
920 1188 954 1228 9,
972 1188 1060 1234 (6.):

76 1241 287 1286 Quicunque
304 1240 434 1273 fuderit
453 1240 661 1284 sanguinem
680 1238 890 1281 humanum,
918 1252 982 1284 per
999 1237 1062 1272 ho-

82 1293 216 1326 minem
233 1292 403 1325 fundatur
420 1292 561 1336 sanguis
576 1292 681 1326 illius.

178 1342 218 1375 In
237 1342 398 1376 versione
415 1343 541 1376 usitata
557 1344 684 1376 omissa
704 1349 752 1376 est
769 1342 958 1386 particula:
994 1341 1063 1374 Per

78 1394 334 1439 hominmnffi),
378 1406 468 1439 quae
497 1401 616 1427 tamen
642 1393 813 1437 singulari
838 1392 985 1426 consilio
1010 1392 1061 1424 111-

74 1452 166 1480 serta
185 1451 253 1484 est,
282 1452 320 1478 ut
338 1445 562 1488 magistratus
572 1445 806 1489 §significetuiu

175 1496 270 1528 Haec
285 1496 435 1529 sciamus
453 1507 524 1529 esse
550 1507 710 1541 expressa
737 1495 845 1529 verba
868 1494 1061 1529 institutio-

75 1548 130 1581 nis
147 1547 283 1592 politici
301 1547 537 1591 magistratus.

175 1598 403 1631 Manifestum
438 1605 489 1632 est
523 1605 641 1633 autem
682 1611 835 1644 poenam
876 1597 1061 1631 homicidii

74 1662 251 1684 summum
283 1662 432 1682 nervum
467 1662 540 1684 esse
575 1650 761 1684 universae
793 1649 1061 1694 gubernationis

73 1700 250 1746 politicae.
302 1701 352 1733 Ac
370 1713 484 1745 poena
509 1714 669 1746 expresse
694 1701 875 1740 instituta,
902 1707 975 1733 tota
1000 1712 1061 1743 gu-

73 1752 235 1786 bernatio
253 1752 396 1796 politica
413 1751 573 1785 instituta
595 1759 663 1792 est,
691 1759 725 1785 et
748 1752 785 1785 iu
809 1758 905 1785 textu
926 1758 977 1785 est
1000 1752 1061 1784 ad-

74 1803 188 1837 ditum
211 1810 477 1846 argumentum:
522 1803 615 1848 Quia
648 1801 758 1836 homo
790 1804 835 1836 ad
868 1802 1059 1847 imaginem

73 1855 141 1887 Dei
164 1854 325 1887 conditus
352 1861 420 1891 est;
452 1866 526 1887 non
551 1861 602 1888 est
623 1855 730 1899 igitur
753 1855 964 1888 occidendus
990 1854 1061 1899 pri-

74 1912 154 1938 vata
172 1905 373 1950 cupiditate.
415 1904 454 1938 ld
471 1913 538 1946 est,
565 1919 645 1939 cum
664 1906 827 1940 conditus
842 1906 887 1940 sit
901 1907 945 1938 ad
964 1905 1060 1949 agni-

75 1957 210 1990 tionem
230 1957 317 1997 Dei,
343 1957 513 1990 iustitiam
539 1963 573 1990 et
597 1957 922 1995 immortalitatem,
961 1964 1000 1990 ut
1023 1957 1060 1989 in

75 2009 145 2041 vita
166 2014 307 2041 aeterna
324 2009 603 2042 communicetur
618 2008 650 2041 ei
667 2009 839 2053 sapientia
863 2015 897 2041 et
919 2009 1060 2041 bonitas

76 2059 194 2093 divina
208 2086 216 2100 ‚
244 2059 398 2104 primum
417 2060 492 2092 vult
506 2059 601 2093 Deus
618 2071 698 2103 erga
725 2072 804 2093 eum
828 2059 983 2092 exerceri
1008 2059 1060 2092 111-

76 2111 229 2151 stitiam,
258 2117 296 2144 ut
316 2110 360 2143 sit
384 2110 579 2144 intellectus
604 2110 757 2144 iustitiae
782 2111 819 2143 in
845 2123 972 2155 genere
995 2108 1059 2144 hu-

75 2174 195 2196 mano.
246 2161 292 2195 Et
308 2159 475 2206 prohibet
497 2174 577 2195 eum
602 2161 770 2202 interfici,
803 2162 886 2208 quia
910 2163 985 2195 vult
1006 2162 1059 2195 in-

76 2214 206 2258 telligi,
245 2214 464 2246 voluntatem
494 2225 594 2246 suam
627 2225 717 2254 esse,
761 2219 800 2246 ut
833 2220 1060 2247 conservetur

76 2263 162 2299 haec
184 2271 332 2304 natura,
374 2264 430 2297 cui
453 2264 778 2298 communicaturus
803 2271 853 2299 est
878 2276 978 2299 suam
1005 2277 1059 2300 sa-

74 2316 243 2360 pientiam
261 2323 295 2349 et
309 2315 518 2351 bonitatem.

110 2462 158 2493 55)
179 2463 245 2486 Dan.
260 2461 286 2492 2,
305 2461 337 2486 ³7
357 2461 383 2485 ct
401 2461 436 2486 at.

110 2515 159 2542 56)
180 2512 259 2538 Conf.
279 2513 398 2544 Prov.8,
420 2513 460 2536 16.

107 2565 156 2593 57)
178 2564 264 2588 Lxx.
292 2563 361 2586 enim
385 2563 450 2587 Gen.
468 2563 501 2589 9.
525 2563 550 2586 6.
576 2562 613 2585 ita
644 2561 861 2585 transtulerunt:
896 2559 926 2585 ‘O
956 2560 1058 2594 ἒκχέων

143 2594 212 2630 αἷμα
232 2595 398 2628 ιῖνθρώπου,
417 2594 479 2620 ἀντὶ
498 2597 546 2621 τοῦ
564 2596 680 2626 (εἵματος
699 2592 784 2618 αὐτοῦ
802 2594 996 2626 ἐκχυθήσεται·
1017 2594 1057 2621 ὅτι

143 2632 174 2658 ἐν
192 2631 277 2656 εἰκόνι
294 2630 360 2654 θεοῦ
379 2630 493 2661 ἐποίησα
512 2630 561 2654 τὸν
579 2630 745 2661 ἄνθρωπον,
771 2631 797 2653 et
817 2630 954 2658 Vulgata:
987 2631 1055 2660 Qui-

143 2673 247 2697 cunque
271 2666 396 2689 effuderi't
420 2666 563 2689 humanum
586 2665 758 2695 sanguinem,
790 2664 916 2687 fundetur
942 2666 1055 2692 sanguis

142 2702 234 2730 itlius;
257 2701 291 2724 ad
310 2699 453 2730 imaginem
472 2701 568 2729 quippe
587 2699 636 2723 Dei
654 2699 741 2722 factus
767 2700 810 2721 est.
836 2699 922 2723 1101110.
966 2700 1054 2724 omit-

137 2745 199 2768 tunt
215 2743 300 2775 igitur
318 2748 411 2766 vocem
434 2740 519 2777 0:¹²3?-
536 2744 598 2773 (per
617 2742 776 2770 hominem).

628 132 670 168 V.
725 130 1060 178 QUAESTIONES
1094 132 1311 179 ALIQUOT
1341 133 1560 170 ETHICAE.

2043 140 2119 174 474

1231 220 1307 254 Hoc
1335 221 1440 265 igitur
1466 229 1676 266 argumento
1701 223 1890 257 discrimen
1919 224 2001 256 facit
2026 225 2117 257 inter

1128 272 1290 314 pecudes,
1319 286 1406 317 quas
1423 274 1572 306 mactari
1589 275 1762 313 concedit,
1786 282 1819 308 et
1834 276 1925 308 iuter
1941 274 2115 310 bomini-s.

1127 322 1291 367 Tecte⁵⁸)
1323 324 1429 357 etiam
1455 326 1663 368 magnitudo
1687 326 1857 359 scelerum
1886 327 2115 369 significatur,

1127 375 1223 417 quod
1253 372 1416 408 horribili
1447 378 1567 409 surore
1590 377 1732 410 Diaboli
1759 384 1791 410 et
1815 376 1978 410 homines
2006 378 2113 410 inter-

1124 424 1250 457 secturi
1284 432 1385 458 erant
1416 427 1545 460 Filium
1569 428 1655 469 Dei,
1699 429 1758 474 qui
1791 435 1841 462 est
1874 429 2114 463 substantialis

1124 474 1243 518 imago
1269 477 1403 509 aeterni
1428 479 1564 519 Patris,
1601 486 1635 512 et
1658 478 1762 513 11111115
1787 480 1870 513 Filii
1895 481 2054 513 membra
2079 487 2111 511 et

1123 526 1249 559 fratres
1284 533 1384 567 sunt,
1438 541 1560 563 omnes
1596 529 1764 565 haeredes
1800 532 1893 565 vitae

1123 577 1303 620 Significat
1333 591 1415 622 ergo
1447 578 1503 613 hic
1534 582 1632 615 locus
1663 583 1944 624 magnitudinem
1971 583 2110 616 sceleris

1122 628 1358 671 grassantium
1376 632 1544 665 adversus
1561 632 1766 668 Ecclesiam.

1221 679 1368 713 Accedit
1390 682 1633 716 testimonium
1666 685 1957 728 approbationis,
1993 697 2108 717 exeni-

1120 729 1218 773 plum
1235 731 1320 775 legis
1339 731 1536 773 Mosaicae,
1564 747 1654 779 quae
1676 736 1814 770 etiamsi
1845 737 1888 769 ad
1913 737 1998 770 alias
2026 749 2108 779 geu-

1121 786 1171 813 tes
1189 793 1262 814 non
1284 783 1456 826 pertinet,
1485 791 1603 818 tamen
1628 798 1787 830 expresse
1808 788 1961 821 ostendit
1984 788 2108 820 voluu-

1120 837 1226 864 tatem
1244 832 1312 866 Dei
1329 847 1401 868 esse
1414 862 1422 875 ,
1451 842 1489 869 ut
1509 836 1579 869 sint
1599 838 1825 881 magistratus
1838 865 1847 878 ,
1879 839 1971 882 leges
1997 836 2107 871 lione-

1118 888 1210 934 stae,
1239 890 1273 916 et
1289 897 1426 929 poenae
1446 888 1722 929 contumacium,
1749 896 1788 923 111
1805 902 1963 934 expresse
1980 889 2107 922 dicitur

1118 933 1223 968 Deut.
1243 935 1302 976 19,
1320 936 1432 982 (19.):
1461 937 1610 973 Auseras
1628 941 1762 973 malum
1783 942 1824 974 de
1842 942 1960 974 medio
1977 941 2039 980 tui,
2067 947 2103 973 ut

1117 986 1247 1019 caeteri
1265 987 1446 1022 audientes
1465 989 1630 1031 timeant,
1658 1004 1721 1024 nec
1738 1005 1862 1036 parcas
1884 993 1927 1027 ei.

1933 538 2110 564 aeternae.

1308 1071 1368 1105 De
1398 1072 1586 1107 vinculo
1617 1075 1918 1110 obedientiae.

1217 1139 1361 1174 Dictum
1388 1147 1439 1175 est
1463 1142 1505 1175 de
1530 1142 1752 1177 institutione
1783 1151 1817 1177 et
1845 1145 2104 1189 approbatione

1116 1190 1257 1230 divina,
1291 1204 1385 1225 nunc
1404 1199 1437 1225 et
1453 1194 1495 1226 (le
1513 1193 1654 1227 vinculo
1675 1196 1897 1229 obedientiae
1915 1197 2102 1229 dicendum

1116 1248 1177 1275 est.
1230 1240 1341 1285 Leges
1362 1244 1456 1276 enim
1480 1244 1555 1277 sine
1580 1246 1796 1289 obligatione
1821 1248 1865 1280 ad
1888 1261 2042 1292 poenas,
2071 1254 2105 1279 et

1116 1293 1190 1326 sine
1210 1294 1433 1334 executione,
1462 1302 1544 1328 sunt
1560 1296 1712 1330 inutiles.

1216 1343 1279 1376 Est
1303 1344 1410 1387 igitur
1439 1346 1569 1390 duplex
1598 1348 1778 1381 vinculum
1809 1349 2031 1383 obedientiae.
2056 1351 2102 1382 le-

1116 1406 1196 1437 gum
1217 1394 1392 1436 civilium,
1420 1408 1459 1429 ac
1476 1404 1667 1444 utrumque
1691 1400 1811 1433 divina
1835 1401 1967 1435 iustitia
1991 1401 2103 1435 sanci-

1115 1452 1190 1479 tum
1209 1452 1271 1479 est.

1216 1497 1378 1531 Alterum
1409 1504 1460 1531 est
1494 1498 1662 1543 obligatio
1689 1502 1733 1533 ad
1758 1514 1911 1546 poenam
1935 1515 2101 1548 corpora-

1114 1548 1182 1581 lem
1194 1575 1203 1588 ,
1238 1561 1306 1594 qua
1324 1549 1550 1593 magistratus
1567 1549 1730 1586 cohercet
1748 1560 1780 1586 et
1798 1555 1900 1598 punit
1918 1562 2100 1588 contuma-

1115 1612 1169 1633 ces
1187 1600 1345 1643 legitimo
1366 1601 1504 1636 ordine.

1216 1650 1317 1683 Hanc
1334 1664 1487 1695 poenam
1506 1665 1578 1687 esse
1595 1655 1829 1688 necessariam
1850 1664 1995 1701 propter
2018 1669 2101 1689 con-

1114 1701 1354 1735 servationem
1384 1701 1562 1738 humanae
1592 1707 1788 1747 societatis,
1830 1708 1934 1741 etiam
1969 1707 2100 1741 ethnici

1113 1753 1327 1797 intelligunt.

1215 1805 1431 1850 Quanquam
1454 1812 1570 1839 autem
1591 1814 1624 1841 et
1641 1809 1802 1844 utilitatis
1822 1823 1924 1844 causa
1943 1808 2005 1844 bas
2024 1823 2099 1843 cor-

1113 1856 1253 1900 porales
1268 1869 1401 1901 poenas
1416 1857 1511 1891 Deus
1528 1858 1696 1893 instituit:
1726 1867 1846 1895 tamen
1867 1863 1976 1895 altera
1995 1874 2099 1895 causa

1114 1907 1212 1952 prior
1229 1914 1298 1942 est:
1328 1908 1420 1953 Quia
1439 1908 1534 1942 Deus
1557 1911 1632 1944 vult
1654 1913 1787 1946 destrui
1807 1914 2000 1957 pugnantia
2021 1926 2100 1946 cum

1113 1971 1174 1993 sua
1199 1959 1351 1998 iustitia,
1390 1966 1429 1992 111
1455 1961 1693 2004 conspiciatur
1719 1965 1833 2008 qualis
1862 1965 1904 1998 sit
1934 1965 2024 2009 ipse,
2067 1971 2100 1997 et

1112 2010 1211 2054 signa
1233 2016 1351 2043 extent
1377 2011 1519 2044 venturi
1540 2012 1673 2048 iudicii.
1726 2014 1807 2048 ldeo
1832 2016 1938 2048 etiam
1964 2029 2099 2050 cessau-

1114 2062 1205 2095 tibus
1230 2062 1514 2105 magistratibus,
1542 2071 1659 2098 sontes
1682 2067 1856 2100 atrocium
1876 2068 2098 2108 delictorum,

1112 2113 1185 2158 ipse
1202 2114 1245 2146 ad
1262 2125 1394 2158 poenas
1412 2116 1614 2158 corporales
1630 2117 1735 2161 rapit.

1212 2163 1373 2198 Alterum
1399 2165 1582 2199 vinculum>
1605 2174 1674 2207 est,
1716 2175 1833 2202 reatus
1865 2170 2099 2203 conscientiae

1112 2227 1232 2248 coram
1241 2215 1331 2256 Deo,
1359 2216 1395 2248 id
1413 2223 1480 2257 est,
1509 2219 1732 2252 contumacia
1750 2227 1800 2253 est
1817 2227 1999 2264 peccatum
2017 2234 2099 2254 con-

1112 2273 1166 2299 tra
1182 2267 1454 2308 conscientiam,
1482 2275 1628 2313 propter
1648 2271 1798 2316 quottff‘fi)
1824 2278 2013 2305 contumax
2037 2274 2100 2305 de-

1111 2317 1195 2351 sinit
1210 2318 1347 2362 placere
1363 2317 1440 2351 Deo
1452 2345 1460 2358 ,
1488 2320 1638 2353 effundit
1653 2321 1822 2364 Spiritum
1839 2329 1997 2355 sanctum
2013 2330 2046 2356 et
2063 2326 2099 2357 fit

1112 2381 1192 2402 reus
1209 2375 1372 2402 aeternae
1395 2381 1542 2413 poenae.
1603 2372 1709 2416 Quod
1735 2374 1860 2405 usitate
1884 2373 1932 2406 ita
1958 2375 2098 2416 dicitur,

1111 2420 1266 2453 admittit
1299 2426 1481 2464 peccatum
1513 2423 1675 2456 mortale.
1735 2423 1779 2456 Et
1808 2423 1875 2457 nisi
1907 2437 2097 2461 conversus

1110 2471 1233 2511 fuerit,
1275 2471 1380 2504 etiam
1404 2478 1551 2516 propter
1579 2473 1675 2506 illam
1702 2473 1813 2518 ipsam
1836 2478 2095 2510 contumaciam

1109 2522 1182 2556 ruit
1198 2522 1235 2554 in
1254 2528 1438 2555 aeternum
1462 2524 1686 2568 supplicium.

1141 2631 1189 2662 58)
1215 2632 1310 2660 Tecte]
1339 2631 1379 2655 sic
1402 2631 1486 2655 Editt.
1508 2630 1602 2661 1552,
1643 2631 1717 2656 1554.
1743 2634 1769 2656 et
1797 2633 1888 2665 1557.;
1925 2636 1996 2660 Edit.
2022 2638 2094 2661 1560.

1175 2666 1268 2689 Recte.

1139 2707 1190 2765 ὅθί)ι
1209 2707 1294 2766 qutod]
1308 2707 1346 2732 sic
1364 2707 1448 2732 Editt.
1467 2706 1540 2732 1552.
1561 2709 1588 2730 et
1609 2707 1700 2739 155⁴.;
1728 2708 1756 2733 iu
1775 2711 1858 2734 Editt.
1880 2712 1953 2736 1557.
1974 2714 1999 2736 et
2021 2714 2094 2738 1560.

1192 2748 1237 2766 ees
1253 2760 1259 2766 .
