2347 3000
72 139 117 174 17
656 134 720 170 ET
747 135 1152 171 DISSERTATIONES
1179 134 1234 170 IIS
1260 135 1499 170 ANNEXAE.
2044 139 2088 171 18

66 222 243 254 Burenium
266 221 422 261 scriptam
452 220 588 260 eiusque
612 220 728 250 librum
758 221 894 261 primum
924 220 1160 251 elementorum
1183 219 1349 252 doctrinae
1372 221 1500 251 ethicae
1522 220 1644 251 additis
1668 220 1797 259 utrique
1821 219 2092 259 explicationibus

66 266 300 305 complectitur.
345 264 461 294 Altera
484 273 559 302 pars
582 265 755 302 inscripta:

199 313 346 347 Ethices:
368 313 436 343 sive
459 312 630 353 Epitomae
650 311 874 353 philosophiae
896 310 1035 343 moralis
1058 312 1205 354 Philippi
1229 313 1436 345 Melanchth.
1480 313 1569 344 Pars
1592 312 1699 343 altera
1723 322 1795 343 cum
1818 311 2094 353 explicationibus

234 356 279 387 ud
301 366 395 386 usum
425 354 612 386 scholarum
642 355 909 386 accommodatis.-
944 354 1094 385 Traditis
1125 356 1161 385 ἰιι
1193 355 1370 387 Brenn-mi
1401 356 1583 397 Gymnasio
1613 366 1632 386 α
1665 355 1787 387 Christ.
1816 355 1951 387 Pezelio
1985 355 2092 386 Theoi.

236 399 333 430 Doct.
372 397 548 429 Scri-estne
574 398 704 430 Eaecud.
727 397 812 429 Bon.
836 397 952 428 faber.
994 397 1092 428 Anno
1115 399 1181 429 cla).
1197 400 1231 430 L)
1245 409 1310 430 xic.
1340 401 1370 430 8.
1401 400 1495 439 ἓόψα
1520 400 1626 440 plagg.

65 453 136 483 sine
160 451 362 491 praefatione
386 451 546 489 incipiens
571 451 686 480 librum
709 449 891 479 secundum
914 449 1039 479 illorum
1066 449 1299 479 elementorum
1323 460 1397 480 curn
1422 450 1694 490 explicationibus
1717 451 1873 479 continet.

147 503 294 541 Denique
319 503 417 531 etiam
441 501 739 531 commemorandae
763 506 841 530 sunt
870 498 1066 530 Richter-2·
1097 499 1208 531 Crises
1231 499 1572 533 DIclmiclzthoniumce
1600 512 1657 532 seu
1681 500 1806 532 iudicia
1825 500 1980 541 florentis
2002 500 2093 531 scleo-

65 543 117 575 lae
140 543 223 575 Mel.
247 544 286 575 cle
310 543 445 574 lectione
468 543 624 574 bonorum
648 544 843 574 Aue-torum.
893 540 995 572 Viteb.
1022 543 1114 573 1592.
1146 544 1193 582 S.‚
1223 544 1256 573 in
1280 544 1398 583 quibus
1423 555 1451 583 p.
1475 544 1674 575 720—733.
1706 545 1798 574 varia
1828 545 1934 583 elogia
1964 544 2094 574 Melan-

64 588 152 618 thoni
175 589 214 618 ob
238 588 298 618 hos
322 588 449 617 ethicos
474 588 572 617 libros
596 598 615 616 a
638 587 743 616 doctis
767 586 848 614 viris
872 586 993 614 tributa
1016 585 1214 625 afferuntur,
1238 596 1266 615 e.
1290 596 1319 616 c.
1343 586 1418 616 illud
1443 587 1614 617 Albi-echti
1637 588 1818 628 Lemigcri:
1851 587 1953 625 „Etsi
1976 589 2093 616 Socra-

64 636 134 669 tes,
158 631 268 667 Plato,
297 631 497 660 Aristoteles
522 630 561 659 de
586 629 697 659 morali
721 628 930 666 Philosophia
954 628 1089 658 multum
1114 630 1246 667 copiose
1270 634 1304 659 et
1327 629 1454 658 erudite
1479 630 1665 668 disserunt,
1696 635 1802 659 tamen
1828 631 1923 669 longe
1948 630 2094 667 praefero

64 675 223 713 scriptum
254 673 335 703 Reu.
361 672 605 711 Praeceptoris,
636 673 691 711 qui
721 671 870 701 doctrina
893 671 1065 700 Ecclesiae
1090 671 1222 701 adiutus
1247 670 1286 701 de
1317 671 1380 701 tine
1405 672 1561 710 hominis,
1592 673 1771 701 virtutibus
1794 678 1827 702 et
1851 672 2025 702 affectibus
2049 673 2095 701 ita

64 718 252 755 perspicue,
283 717 450 755 eleganter
481 720 514 744 ct
546 713 673 743 erudite
697 713 861 752 disputat,
892 719 927 743 ut
957 724 1050 743 nemo
1074 715 1174 744 sitin
1204 715 1264 744 hoc
1287 724 1426 754 genere,
1455 715 1508 753 qui
1541 724 1615 743 eum
1647 724 1804 753 aequare,
1834 720 1959 745 tantum
1990 715 2095 753 abest,

63 765 98 789 ut
122 768 278 798 superare
302 768 396 797 posse
422 756 582 786 videatur.
626 758 833 787 Attexuntur
857 757 955 786 etiam
979 758 1190 795 quaestiones
1214 757 1310 786 utiles
1335 767 1376 786 ex
1397 758 1465 786 iure
1490 757 1577 786 civili
1597 757 1783 794 desumtae,
1806 766 1887 795 quae
1905 761 1995 786 tanta
2014 765 2093 795 per-

63 802 237 840 spicuitate
269 805 426 830 tractatae
456 805 489 828 et
513 800 696 829 illustratae
720 804 814 838 sunt,
845 804 881 829 ut
904 804 936 828 ct
961 799 1054 829 facile
1079 801 1253 829 memoriae
1277 800 1386 839 astigi,
1421 810 1482 828 nce
1507 800 1601 829 facile
1626 809 1753 828 rursum
1778 799 1931 829 excidere
1956 801 2093 838 possint.

62 845 167 874 Huius
192 843 357 873 doctrinae
381 843 523 881 cognitio
547 842 752 872 discentibus
777 851 838 870 non
863 847 989 872 tantum
1019 841 1161 872 iucunda
1192 844 1272 880 crit,
1303 842 1362 871 sed
1387 842 1483 871 vaide
1508 843 1597 871 utilis
1624 843 1653 871 iu
1685 842 1899 880 explicatione
1923 843 2094 871 multarum

63 887 357 916 controversiarum
381 885 636 925 theologicarum
668 890 700 914 ct
726 885 939 915 forensium.”
968 902 1007 906 —
1053 890 1085 914 et
1109 884 1137 914 l.
1165 884 1198 915 C.
1223 883 1434 915 [roez-hera·
1458 884 1617 914 indicium.
1640 883 1724 926 qnod
1746 883 1785 913 dc
1807 883 1998 915 Aristotelis
2019 883 2094 925 plei-

62 927 207 968 lvsopteiu
232 926 351 958 morali
374 926 449 958 tulit
473 927 510 957 ’ἱιι
533 926 693 968 Apoloyia
716 927 936 968 Auyusranae
961 925 1188 967 Conse-§sionis
1211 926 1461 958 Illelunelztleon.
1508 925 1650 958 Osnubr.
1677 926 1769 957 1735.
1798 928 1827 957 4.

1050 1013 1062 1042 1
1067 1013 1107 1042 V.

148 1073 183 1102 Iu
207 1072 420 1102 Aristotelica
451 1072 661 1112 philosophia
687 1071 819 1112 politice
843 1082 916 1102 cum
940 1072 1042 1103 ethice
1065 1075 1176 1104 intime
1199 1073 1363 1104 cohaeret.
1419 1074 1478 1103 Illa
1501 1074 1585 1103 enim
1610 1083 1711 1103 sensu
1736 1073 1840 1103 latiori
1865 1082 1978 1103 omnes
2003 1083 2094 1103 com-

68 1116 222 1155 plectitur
260 1115 519 1155 disquisitiones,
561 1125 645 1155 qnae
681 1116 721 1145 ad
752 1116 836 1145 bona
865 1116 1062 1155 singulorum
1094 1117 1274 1156 hominum,
1311 1118 1357 1146 rei
1387 1116 1587 1146 domesticae
1617 1122 1649 1146 et
1679 1117 1824 1146 civitatis
1858 1122 2025 1155 spectant,
2062 1122 2095 1146 ct

63 1164 237 1198 propterea
274 1159 304 1188 iu
337 1164 404 1188 tres
434 1163 545 1197 partes
575 1159 615 1188 ab
645 1159 824 1188 Aristotele
857 1158 1030 1197 (lividum,
1068 1160 1098 1189 in
1130 1161 1276 1197 ethicen,
1314 1161 1539 1189 oecononiicen
1576 1165 1609 1189 et
1638 1160 1789 1198 politicen
1822 1168 1923 1189 sensu
1954 1161 2093 1189 arctiori.

64 1202 199 1237 Ethice,
224 1211 306 1241 quae
330 1201 369 1231 ad
394 1202 476 1230 bona
500 1203 632 1231 moralia
656 1202 859 1241 singulorum
884 1202 1046 1232 hominum
1070 1208 1217 1241 spectat,
1244 1208 1427 1232 ceterorum
1452 1203 1601 1242 politices
1624 1207 1872 1241 praeceptorum
1898 1202 2094 1231 fundamen-

63 1250 131 1274 tum
163 1250 230 1281 est‚
268 1244 340 1283 quia
364 1245 395 1273 in
422 1245 557 1273 civitate
586 1245 662 1273 nihil
687 1245 757 1273 sine
782 1245 873 1273 bonis
898 1246 1038 1274 moribus
1063 1252 1152 1275 recte
1177 1245 1302 1284 agitur3
1338 1246 1421 1274 hanc
1445 1246 1593 1284 sequitur
1617 1246 1841 1282 oeconomice,
1872 1254 1953 1283 quae
1978 1246 2093 1274 bonam

62 1288 108 1316 rei
140 1287 340 1316 domesticae
372 1287 610 1316 institutionem
640 1291 778 1323 tractat3
810 1287 884 1314 huie
916 1287 1045 1316 tandein
1071 1288 1309 1326 superstruitur
1334 1289 1462 1326 politice
1487 1297 1587 1317 sensu
1613 1289 1758 1326 arctiori,
1793 1287 1877 1325 quod
1901 1297 1954 1316 res
1980 1288 2094 1317 dome-

63 1331 147 1360 stica
176 1335 229 1359 est
259 1330 403 1359 civitatis
434 1329 688 1358 suinlamentuni.
707 1328 738 1364 ¹)
791 1327 998 1366 Quapropter
1028 1330 1236 1363 Melanffion,
1266 1336 1437 1369 postquam
1468 1340 1495 1359 a.
1522 1331 1613 1359 15:29.
1646 1330 1728 1359 duos
1758 1331 1881 1368 priores
1905 1330 2093 1359 Euneon-um

66 1372 257 1402 Aristotelis
281 1372 379 1400 libros
405 1372 637 1408 interpretatus
662 1374 748 1405 crat,
772 1371 923 1407 sequenti
946 1380 1031 1400 anno
1056 1371 1153 1400 etiam
1177 1371 1369 1409 praecipuos
1394 1371 1484 1400 locos
1507 1373 1538 1400 in
1562 1371 1713 1402 I’oliticis
1736 1374 1807 1402 eius
1826 1373 1914 1402 libris
1930 1373 2093 1403 illustrare

63 1415 180 1454 coepit.
226 1414 318 1443 Haec
342 1413 439 1442 editio
462 1413 613 1450 princeps
637 1412 793 1449 inscripta
817 1417 885 1440 est:

191 1462 427 1495 Commentarii
450 1461 486 1492 in
509 1461 633 1503 aliquot
653 1460 803 1500 politicos
826 1460 929 1491 libros
952 1460 1155 1492 Aristotelis.
1185 1461 1310 1501 Philip.
1335 1460 1505 1492 flleltmcli.
1547 1461 1752 1503 n'steberyae
1778 1464 1868 1494 1530.
1892 1465 1925 1495 8.
1948 1466 1968 1494 4
1983 1466 2092 1505 plagg,

63 1517 99 1546 In
123 1514 326 1545 dedicatione
349 1513 389 1543 ad
405 1514 549 1543 Uli-icum
565 1513 754 1553 Sillingum‚
779 1518 979 1552 compatrem
1003 1523 1097 1543 suum
1122 1512 1240 1551 (Coi-p.
1257 1512 1330 1542 Res.
1355 1512 1427 1542 vot.
1447 1514 1485 1542 11.
1510 1523 1538 1552 p.
1552 1514 1615 1542 452
1632 1514 1739 1552 sqq),
1763 1513 1854 1552 dicit,
1878 1524 1915 1544 se
1938 1516 2092 1554 principio

62 1560 181 1589 iustam
207 1558 507 1595 interpretationem
532 1557 632 1585 totius
657 1561 771 1586 textus
796 1556 999 1586 Aristotelici
1021 1557 1221 1595 instituisse3
1256 1561 1289 1584 at
1313 1565 1385 1585 cum
1410 1555 1565 1585 deessent
1589 1556 1792 1585 auditoribus
1817 1558 1925 1596 graeci
1950 1558 2093 1597 codices,

63 1607 97 1631 et
121 1602 152 1631 in
177 1606 265 1630 tanta
290 1599 414 1629 desidia
438 1600 618 1628 iuventutis
644 1609 735 1628 nemo
761 1600 929 1633 scriberet„
953 1599 1069 1629 deinde
1093 1608 1166 1628 cum
1190 1604 1222 1628 et
1246 1598 1334 1628 latini
1358 1598 1426 1627 libri
1452 1599 1529 1628 nulli
1546 1600 1606 1628 nisi
1629 1598 1868 1629 mendosissimi
1884 1600 2093 1640 haberentur,

62 1644 248 1675 mutandam
273 1643 334 1672 sibi
359 1642 462 1672 fuisse
486 1643 669 1672 institutam
692 1642 929 1680 interpretandi
953 1643 1121 1680 rationem,
1146 1651 1247 1680 seque
1271 1641 1435 1670 iudicasse
1459 1644 1597 1671 maxime
1616 1642 1830 1680 profuturum,
1855 1643 1882 1672 si
1898 1644 2092 1682 praecipuos

63 1689 152 1718 locos
175 1691 368 1724 excerperet
398 1690 431 1714 et
454 1685 651 1723 illustraret,
686 1690 720 1714 ut
749 1694 908 1714 summam
932 1685 1189 1724 disputationum
1212 1684 1404 1714 Aristotelis
1427 1685 1571 1723 populari
1596 1695 1718 1724 genere
1742 1686 1896 1715 orationis
1920 1691 2092 1716 tractatam

65 1736 98 1760 et
129 1729 169 1759 ad
193 1738 395 1759 communem
418 1729 509 1757 vitae
539 1728 808 1757 consuetudinem
832 1738 869 1758 ac
893 1734 1023 1758 nostros
1048 1737 1154 1757 mores
1178 1727 1454 1756 accommodatam
1478 1729 1666 1758 scholastici
1691 1733 1849 1758 tenerent.
1877 1745 1921 1751 ·—-
1961 1730 1997 1758 ln
2022 1731 2092 1768 ipso

65 1774 143 1803 libro
165 1773 325 1811 explicat,
356 1771 431 1811 quid
451 1771 584 1810 politica
609 1780 662 1800 ars
694 1770 807 1801 doceat
834 1777 867 1800 et
891 1770 1049 1810 quomodo
1075 1769 1202 1801 differat
1226 1771 1266 1799 ab
1290 1771 1483 1810 Evangelio.

147 1823 209 1852 llic
231 1822 311 1851 liber
335 1830 474 1851 recusus
498 1826 550 1850 est
564 1821 743 1861 Hagenoae
770 1820 861 1851 1531.
885 1822 915 1852 8.
941 1827 974 1851 et
995 1831 1067 1851 cum
1091 1821 1271 1851 ethicorum
1294 1821 1536 1850 commentariis
1558 1823 1754 1852 coniunctus
1771 1822 1976 1862 Argentinae
1998 1821 2091 1852 1535.

63 1867 93 1897 8.
115 1865 167 1906 (v.
193 1865 319 1904 supra).
342 1881 385 1887 —-
417 1865 514 1894 etiam
537 1865 568 1894 in
593 1865 746 1904 operibus
769 1865 992 1894 Melanthonis
1014 1864 1264 1895 Basileensibus
1294 1865 1382 1894 Toni.
1411 1864 1468 1894 IV.
1493 1874 1522 1904 p.
1548 1865 1611 1894 266
1636 1873 1706 1904 sqq.

1051 1949 1091 1980 V.

150 2009 285 2048 Restat,
314 2015 350 2039 ut
380 2009 420 2039 de
448 2009 553 2039 tribus
577 2008 810 2049 appendicibus
833 2018 932 2049 supra
955 2010 1213 2039 commemoratis
1243 2014 1278 2039 et
1309 2014 1450 2039 tractatu
1482 2008 1613 2039 editioni
1647 2010 1762 2040 tertiae
1787 2010 1954 2049 Epitomes
1978 2009 2090 2049 philos.

65 2061 140 2083 mor.
166 2060 287 2083 inserto
311 2062 413 2091 pauca
436 2062 714 2091 praemoneamus.

109 2106 135 2136 1.
161 2103 372 2142 Quaestiones
400 2103 542 2141 ethicae,
578 2113 662 2143 quae
691 2103 766 2133 inde
796 2102 836 2133 ab
869 2113 952 2132 anno
984 2103 1076 2134 1560.
1106 2103 1255 2133 omnibns
1285 2103 1519 2133 elementorum
1552 2103 1679 2133 ethicae
1704 2103 1870 2133 doctrinae
1894 2102 2090 2132 editionibus

150 2156 299 2178 annexae
326 2152 420 2185 sunt,
445 2152 542 2176 antea
565 2147 615 2177 bis
639 2148 777 2176 seorsim
800 2147 1004 2185 prodierunt:

190 2207 219 2228 a.
245 2195 458 2234 Qucccste'ones
479 2195 602 2237 aliquot
619 2195 774 2231 Etleictce,
797 2195 835 2225 de
858 2195 1072 2235 iuramentis,
1096 2195 1434 2227 excommunicatione
1457 2199 1488 2226 et
1510 2195 1588 2237 aliis
1611 2195 1740 2226 casibus
1754 2194 1919 2229 obscuris,
1941 2193 2090 2234 explica-

235 2241 288 2269 tae
305 2237 340 2268 in
355 2236 491 2268 lectione
507 2237 624 2268 Etlte'ca
645 2249 665 2268 a
679 2236 832 2278 Philippo
847 2237 892 2269 M
895 2237 1075 2269 elamhone.
1114 2239 1154 2270 W
1153 2238 1334 2280 itcberyae,
1357 2238 1540 2270 ‹aa-cudebat
1563 2238 1726 2269 lohannes
1750 2238 1858 2270 Grato,
1882 2236 1934 2268 M.
1950 2236 1995 2266 D.
2012 2236 2088 2267 LII.

235 2281 265 2311 8.
289 2281 362 2319 4¹st
386 2282 492 2321 plagg.
518 2280 557 2318 (3
581 2282 636 2311 ult.
660 2291 758 2321 pagg.
782 2281 886 2320 vae).

192 2324 224 2354 b.
248 2322 463 2361 chestiones
485 2321 607 2364 aliquot
630 2322 784 2361 Ethioae,
814 2323 853 2353 de
877 2323 1094 2361 iuramentis,
1123 2322 1460 2355 excomnmnicutione
1483 2325 1513 2353 ct
1537 2321 1614 2354 aliis
1637 2322 1767 2354 casibus
1789 2321 1957 2358 obscuris,
1980 2320 2089 2360 empli—

234 2368 327 2397 eatae
356 2365 392 2396 in
421 2364 557 2396 lectione
587 2364 705 2395 Etlzica
733 2376 754 2395 a
783 2365 936 2406 Philippo
959 2365 1187 2396 fllelanthonc.
1224 2367 1304 2406 (sub
1336 2376 1398 2405 quo
1430 2367 1557 2395 nomine
1585 2367 1768 2406 symbolum
1798 2365 1967 2401 Cratonis,
2005 2364 2089 2403 quod

234 2417 335 2447 supra
358 2408 440 2447 p.13
455 2418 503 2447 sq.
528 2407 777 2448 descripsimus,
801 2409 915 2439 iisdem
939 2411 1050 2439 verbis
1074 2410 1385 2449 circumscriptum.)
1436 2407 1642 2448 Witeberyue
1664 2418 1750 2438 anno
1774 2407 1826 2438 M.
1845 2407 1890 2438 D.
1909 2406 2024 2437 LIIII.
2050 2423 2089 2429 —

237 2452 294 2490 (Iu
317 2452 382 2481 fine
392 2452 417 2490 2)
456 2449 661 2490 nf'iteberyue
683 2450 864 2482 excudebat
887 2450 1051 2482 Iohannes
1077 2451 1187 2483 Grato.
1217 2453 1246 2482 8.
1276 2453 1346 2491 41],
1371 2451 1480 2491 plagg.
1505 2451 1543 2489 (3
1568 2452 1624 2480 ult.
1649 2460 1744 2490 pagg.
1768 2452 1871 2489 vae).

110 2501 140 2532 2.
163 2502 379 2532 Dissertatio:
416 2501 470 2532 De
491 2500 611 2532 arbore
640 2502 939 2543 consanyuinitatis
969 2504 999 2532 et
1022 2500 1221 2542 affinitatis,
1251 2512 1334 2542 quae
1361 2502 1435 2532 inde
1468 2502 1507 2530 ab
1532 2511 1559 2530 a.
1587 2502 1680 2531 1545.
1710 2502 1827 2531 ethicis
1851 2501 1940 2530 libris
1963 2509 2090 2529 annexa

163 2546 338 2584 reperitur,
369 2547 506 2575 seorsim
530 2544 646 2584 prodiit
668 2544 759 2574 hisce
783 2545 995 2575 editionibus:

194 2597 223 2617 a.
253 2586 305 2617 De
345 2586 465 2617 arbore
501 2585 802 2627 consemqninitatis
837 2590 868 2617 et
903 2584 1104 2626 affinitate‘S,
1132 2587 1204 2617 siue
1234 2586 1273 2616 de
1300 2585 1472 2627 yradilms.
1519 2584 1667 2625 Philippi
1698 2583 1938 2615 Melanllzonis.
1983 2583 2088 2613 Anno.

238 2627 290 2660 M.
316 2629 362 2660 D.
388 2629 556 2661 XXXX.
587 2647 629 2652 ——
679 2629 733 2668 (ln
760 2629 858 2670 finezj
903 2628 1096 2669 Vitcbcryae
1129 2639 1174 2659 ea·
1203 2627 1338 2669 officina
1370 2627 1497 2668 losephi
1530 2627 1620 2668 Cluy.
1661 2627 1769 2658 Anno.
1800 2626 1853 2658 M.
1883 2627 1928 2658 Ι).
1950 2625 2030 2657 AL.
2059 2627 2089 2655 4.

108 2737 136 2768 1)
157 2739 235 2763 conf.
255 2739 355 2763 Heinr.
374 2739 488 2770 Emer,
509 2739 670 2764 Geschiclite
690 2739 738 2763 der
758 2739 932 2770 philosophie
951 2739 980 2762 P.
1000 2738 1042 2762 111.
1064 2745 1087 2768 p.
1106 2738 1163 2762 294.

73 2781 256 2812 Mamm.
281 2782 386 2813 OPEn.
410 2782 494 2812 Vei„
518 2783 607 2813 xvi.
1458 2774 1480 2807 ἓ
