2347 3000
198 149 268 184 199

197 235 366 268 tuendum
385 240 447 273 est,
472 241 591 278 postea
609 245 687 264 euni
705 232 791 263 wile
810 231 1005 271 gubernare
1026 227 1180 272 pericula

197 294 230 319 et
254 286 466 324 certamina,
492 291 525 317 et
545 282 747 316 inchoatum
774 281 979 313 beneficium
1005 280 1182 323 perlicere.

196 337 463 371 Meminerimus
484 336 589 378 igitur
610 334 773 366 traditam
800 331 900 364 nobis
928 342 1000 363 esse
1023 331 1180 364 dulcissi-

199 402 290 421 mam
317 378 615 424 consolationem,
645 396 734 429 quae
762 381 851 415 nibil
875 383 920 414 ad
944 381 1097 415 Stoicam
1122 395 1182 414 ne-

197 440 391 473 cessitatem
413 438 576 482 pertinet,
603 438 661 469 scd
680 434 784 466 simul
803 433 963 478 requirit,
989 440 1027 466 ut
1044 433 1180 466 ardenti

199 491 421 523 invocatione
440 496 598 533 petamus
616 485 797 518 auxilium.
850 485 977 518 Addita
998 492 1049 519 cst
1065 491 1181 518 autem

197 555 299 575 causa
318 541 449 577 linaiis,
477 551 584 584 quare
604 537 698 569 Deus
716 548 780 568 nos
803 543 922 575 went,
953 549 1063 582 quare
1087 537 1183 569 colli-

197 600 255 635 gat
271 592 483 629 Ecclesiam,
509 589 596 633 (³1³⁸)
617 588 707 620 inter
724 587 879 630 ingentia
902 589 1093 621 certamina
1113 600 1183 621 ser—

199 651 266 676 xet.
329 643 394 681 Ut,
425 640 556 685 inquit,
583 639 701 684 aliqua
721 640 807 671 liant
829 646 928 681 grata
951 640 1030 683 ipsi.
1084 640 1183 672 Hanc

197 706 335 727 causam
369 692 509 724 finalem
545 703 669 733 graeca
705 690 809 722 verba
827 690 873 736 ⁸⁹)
905 692 998 735 apud
1031 691 1181 724 Paulum

197 745 411 787 significant,
441 755 530 788 quae
558 742 658 774 multi
685 741 808 774 alienis
831 741 1183 785 interpretationibus

197 801 445 840 corruperunt,
471 806 549 826 cum
567 791 634 826 boc
651 799 788 825 tantuin
806 793 1051 833 dicatl'aulus,
1073 793 1183 826 Deum

196 848 366 879 immensa
399 845 639 878 misericordia
672 844 834 886 colligere
861 851 894 877 et
919 845 1039 877 iuxarc
1066 844 1185 877 Eccle-

197 899 303 937 siam,
340 910 383 930 ne
415 903 528 929 totum
562 908 671 939 genus
697 893 892 928 lmmanum
917 897 1023 928 faciat
1047 896 1183 938 ingrata

197 950 293 989 Deo,
320 950 379 982 sed
395 955 434 981 ut
449 948 564 992 aliqua
585 959 664 991 pars
682 946 818 989 generis
839 945 983 979 lnnnani
1007 947 1078 979 l)eo
1104 948 1185 979 obe-

198 1001 290 1039 diat,
321 1007 353 1033 et
371 1012 442 1032 non
461 999 505 1032 sit
524 998 666 1031 condita
684 999 729 1030 ad
745 1005 928 1031 aeternum
951 999 1108 1032 exitium.

610 1081 779 1115 Aliud.

247 1153 419 1187 Proverb.
437 1151 494 1191 16,
513 1149 601 1195 (9.);
638 1149 755 1182 Homo
777 1157 965 1195 praeparat
983 1163 1062 1190 cor,
1090 1151 1185 1184 Deus

299 1211 414 1236 autem
436 1203 609 1246 gubernat
629 1201 827 1234 consilium.

246 1256 339 1297 Ergo
360 1255 456 1287 nulla
475 1260 526 1287 est
542 1253 684 1285 libertas
706 1252 910 1285 voluntatis.

299 1306 523 1350 llespondeo,
577 1304 779 1336 Prudenter
803 1303 1103 1336 considerandum
1124 1308 1186 1342 est,

197 1370 287 1403 quae
304 1357 395 1389 dicta
414 1356 607 1400 loquantur
624 1355 666 1387 de
684 1354 854 1386 electione
872 1354 1076 1394 voluntatis,
1095 1366 1185 1399 quae

198 1421 281 1441 vero
307 1410 348 1441 de
368 1413 506 1441 eventu.
557 1405 683 1449 Ingens
705 1405 800 1438 enim
826 1405 1015 1438 discrimen
1041 1411 1092 1438 est
1118 1406 1185 1438 ele-

197 1460 322 1493 ctionis
346 1466 380 1492 et
402 1464 557 1491 eventus.
610 1456 788 1490 Antonius
813 1457 887 1490 vult
912 1457 1125 1501 imperium,
1153 1463 1187 1489 et

198 1511 301 1545 buius
317 1509 497 1543 electionis
514 1521 615 1542 causa
634 1514 685 1542 est
700 1508 773 1541 sola
794 1508 958 1542 voluntas
971 1535 979 1548 ,
1004 1510 1064 1542 sed
1083 1521 1186 1541 even-

197 1570 251 1597 tus
270 1563 399 1607 pendet
413 1561 456 1594 ab
474 1560 551 1593 aliis
570 1560 687 1593 multis
706 1559 830 1593 causis.
873 1560 957 1593 Saul
974 1561 1049 1593 vult
1063 1572 1185 1593 necem

198 1614 366 1653 Davidis,
394 1613 454 1646 sed
475 1617 619 1645 eventus
638 1611 842 1655 impeditur.

301 1666 389 1698 Cum
407 1664 513 1707 igitur
532 1663 654 1706 ingens
673 1662 862 1695 discrimen
887 1661 931 1694 sit
949 1660 1129 1693 electionis
1153 1667 1187 1693 et

199 1723 361 1756 eventus,
396 1716 487 1748 dicta
507 1715 549 1747 (le
567 1713 749 1746 eventibus
765 1726 838 1746 non
861 1713 1120 1745 transferantur
1142 1713 1187 1744 ad

199 1769 391 1801 tollendam
408 1766 615 1799 electionem
633 1765 838 1798 voluntatis.
880 1763 1108 1796 Manifestum
1124 1769 1187 1802 est,

198 1820 338 1854 Saulem
356 1817 510 1862 potuisse
527 1817 615 1849 xelle
630 1829 751 1848 necem
772 1815 917 1848 Davidis
930 1842 939 1855 ,
965 1816 1022 1848 sed
1042 1821 1187 1848 eventus

200 1872 342 1904 aliunde
361 1869 632 1914 impediebatur.
684 1867 730 1900 Et
747 1865 832 1900 baec
849 1867 940 1900 dicta
958 1873 1040 1899 sunt
1057 1866 1187 1899 doctri-

200 1935 264 1955 nae
290 1929 322 1955 et
345 1920 622 1959 consolationes,
657 1917 849 1963 prohibent
872 1919 1035 1951 fiduciam
1062 1918 1188 1957 nostri,

200 1980 347 2007 monent
380 1979 419 2005 ut
450 1972 538 2005 iusta
565 1978 597 2003 et
627 1970 875 2003 convenientia
899 1970 1079 2002 vocationi
1104 1969 1188 2002 veli-

200 2038 297 2064 mus,
334 2031 367 2057 et
389 2030 550 2068 petamus
575 2022 746 2055 auxilium
773 2022 858 2062 Dei,
897 2027 1046 2055 monent
1068 2021 1188 2061 etiam,

201 2090 243 2110 ne
258 2076 360 2109 fracti
380 2075 574 2108 terroribus
586 2102 593 2114 ,
621 2073 823 2107 desinamus
840 2080 933 2106 recte
950 2074 1078 2113 facere,
1104 2072 1186 2118 quia

201 2135 346 2161 eventus
372 2139 444 2159 non
470 2139 488 2158 a
513 2126 596 2159 solis
620 2125 863 2158 voluntatibus
891 2123 1078 2158 hominum
1103 2136 1188 2168 pen-

201 2182 295 2213 dent.
347 2179 429 2212 Non
445 2175 763 2216 conlidatl’liarao,
791 2190 826 2210 se
845 2188 1097 2221 oppressurum
1116 2187 1188 2208 esse

202 2230 394 2269 lsrae'litas,
419 2228 557 2262 etiamsi
582 2228 655 2261 xult
683 2234 716 2260 et
739 2228 904 2261 decrevit.
962 2227 1045 2261 Non
1069 2228 1190 2271 despe-

203 2289 280 2314 rent
303 2282 436 2320 exules,
471 2280 506 2312 in
524 2280 707 2324 Babylone
727 2279 842 2311 Deum
868 2285 1091 2313 servaturum
1116 2290 1189 2312 esse

204 2333 414 2372 Ecclesiam,
442 2331 580 2364 etiamsi
597 2331 764 2375 dissipata
784 2337 871 2364 erat.

622 2415 770 2449 Aliud.

258 2485 422 2518 let-entiae
445 2485 502 2523 10,
519 2485 631 2530 (23.):
661 2485 741 2517 Scio
758 2483 913 2516 Domine
926 2509 934 2522 ,
962 2495 1035 2515 non
1059 2489 1110 2516 est
1128 2480 1190 2516 ho-

308 2536 412 2568 minis
439 2536 494 2567 xia
520 2535 614 2575 eius,
643 2548 706 2568 nec
730 2535 798 2568 viri
820 2542 887 2575 est,
922 2534 1073 2579 dirigere
1098 2547 1191 2579 gres·

308 2600 365 2621 sus
383 2599 475 2619 suos.

256 2639 350 2682 Ergo
368 2638 463 2670 nulla
483 2643 533 2669 est
550 2636 692 2671 libertas
709 2638 913 2671 voluntatis.

240 2728 288 2754 85)
308 2727 349 2753 et]
372 2724 411 2747 sie
430 2723 495 2746 ΕΜ.
518 2722 608 2747 1550..
630 2724 704 2747 1554.
724 2726 750 2747 et
773 2723 864 2753 1557.;
893 2723 919 2747 in
940 2723 989 2747 Ed.
1011 2722 1084 2746 1560.
1105 2722 1189 2746 deest.

241 2762 288 2789 ²59)
311 2760 413 2784 Verba:
439 2754 508 2787 ὑπὲρ
526 2756 570 2786 τῆς
589 2754 721 2785 εὐδοκίας,

465 146 664 182 SCRIPTA
691 145 766 179 PH.
794 143 906 178 MJ-jL.
930 143 994 176 AD
1020 140 1230 176 ETHICEN
1257 139 1321 174 ET
1349 138 1605 175 POLITICEN
1632 138 1943 175 SPECTANTLt.

2148 141 2222 175 200

1335 226 1433 269 Nego
1450 226 1760 272 consequentiam,
1788 232 1821 258 et
1840 224 1931 257 ratio
1951 230 2020 264 est,
2049 224 2131 271 quia
2149 237 2222 258 non

1237 277 1329 309 valet
1359 278 1611 323 consequentia
1646 290 1665 310 a
1696 276 1904 321 particulari
1934 277 1976 308 ad
2009 277 2223 310 universale.

1235 329 1315 362 lNon
1348 329 1467 362 omnia
1500 329 1734 373 prospicinms
1765 328 1800 361 in
1834 329 2040 367 mentione,
2084 334 2118 361 et
2152 340 2226 361 non

1236 380 1355 413 omnia
1382 393 1568 424 possunms
1589 382 1767 424 perticere.
1820 378 1916 422 Ergo
1943 377 2030 412 nibil
2058 379 2228 423 prospici-

1236 444 1334 471 mus,
1371 438 1404 464 et
1431 429 1520 463 niliil
1546 432 1693 473 agimus.
1754 430 1844 464 ham
1874 429 1958 463 haec
1982 430 2156 464 sententia
2185 432 2228 463 de

1237 483 1422 515 vocatione
1448 482 1625 527 loquitur,
1654 494 1760 526 quam
1786 482 1949 514 nominat
1974 482 2088 520 viani,
2117 488 2149 513 ct
2173 494 2229 514 ex-

1236 534 1365 567 clusive
1386 534 1612 575 intelligenda
1633 539 1697 566 est:
1727 532 1807 566 'bon
1825 540 1873 566 est
1892 531 2048 566 bominis
2066 533 2121 565 via
2141 533 2228 572 eius,

1238 586 1271 618 id
1295 592 1363 625 est,
1390 586 1530 617 xocatio
1551 597 1622 617 non
1641 583 1813 617 foeliciter
1836 585 1970 627 regitur
1993 585 2077 618 solis
2102 582 2227 617 buina-

1238 637 1290 670 nis
1310 637 1465 670 consiliis
1489 643 1522 669 et
1547 636 1699 674 viribus,
1725 636 1783 668 sed
1800 635 1950 669 sciamus
1968 649 2056 680 opus
2072 647 2144 668 csse
2161 635 2228 668 Dei

1238 688 1390 726 auxilio,
1417 689 1506 721 sicut
1529 688 1639 721 multa
1665 687 1756 719 dicta
1783 686 1910 719 similia
1934 688 2060 719 docent
2080 687 2228 732 (Psalm-

1239 740 1323 779 127,
1343 740 1409 784 1.):
1439 740 1513 774 hisi
1537 739 1709 771 Dominus
1729 738 1936 771 custodierit
1955 738 2133 771 civitatem
2161 745 2226 771 etc.

1240 790 1322 823 ltein
1348 790 1488 836 (loann.
1508 789 1574 831 15,
1598 790 1668 836 5.):
1709 790 1790 822 Sine
1816 802 1870 822 me
1895 788 1985 823 nihil
2009 789 2154 834 potestis
2180 790 2228 822 sa-

1238 854 1328 875 cere.

1342 892 1567 925 Concurrant
1610 892 1717 935 igitur
1755 893 1788 925 in
1829 893 1932 925 nobis
1973 891 2155 935 diligentia
2197 898 2231 923 et

1239 945 1333 977 tides.
1400 944 1458 977 list
1487 943 1614 989 aliquis
1640 950 1786 976 conatus
1815 944 2007 977 xoluntatis
2031 943 2065 975 in
2091 942 2228 975 Daxide

1240 1002 1382 1034 renato,
1411 997 1452 1027 ad
1473 996 1669 1027 faciendum
1693 995 1866 1034 osticium,
1894 996 1951 1028 sed
1972 995 2113 1026 accedat
2131 996 2229 1033 fides,

1241 1053 1360 1090 petens
1381 1046 1549 1079 auxilium
1563 1046 1626 1077 Dei
1640 1072 1648 1085 ,
1673 1052 1705 1077 et
1724 1053 1819 1078 certo
1839 1052 1989 1085 statuat,
2020 1045 2131 1077 Deum
2148 1057 2230 1077 vere

1241 1099 1326 1129 velle
1350 1098 1538 1141 opitulari,
1567 1103 1599 1128 et
1625 1098 1803 1140 postulare
1827 1095 1920 1129 bunc
1945 1097 2097 1136 cultum,
2125 1103 2161 1129 ut
2186 1097 2229 1128 ab

1240 1149 1314 1192 ipso
1342 1155 1563 1191 expectemus
1590 1148 1779 1188 auxilium,
1817 1161 1881 1180 nec
1908 1161 1973 1181 nos
1995 1147 2070 1181 sine
2096 1147 2227 1180 auxilio

1240 1200 1305 1231 Dei
1322 1199 1488 1231 salutaria
1510 1201 1622 1231 facere
1640 1211 1754 1242 posse.
1808 1200 1864 1232 Sic
1880 1206 1913 1232 et
1931 1213 1943 1231 x
1955 1212 1999 1232 ox
2015 1199 2149 1232 I'salmi
2166 1200 2228 1231 ‹lo-

1240 1256 1293 1282 cet
1311 1250 1458 1295 (Psalin.
1475 1250 1536 1290 37,
1556 1248 1626 1294 5.);
1657 1250 1874 1283 Conunenda
1898 1251 1974 1283 Deo
2001 1251 2094 1283 xiam
2119 1257 2228 1289 tuam,

1240 1307 1273 1334 et
1292 1301 1365 1345 ipsc
1382 1301 1497 1335 saciet.
1552 1301 1646 1333 Haec
1669 1301 1828 1333 doctrina
1846 1304 1888 1335 de
1907 1302 2134 1346 copulatione
2153 1302 2229 1334 dili-

1240 1352 1379 1396 gentiae
1410 1358 1444 1385 et
1473 1352 1573 1392 fidei,
1614 1351 1706 1384 inter
1739 1354 1947 1397 praecipuas
1971 1354 2231 1397 witae-regulas

1240 1405 1391 1436 tenenda
1420 1409 1490 1443 est,
1516 1410 1556 1436 ut
1584 1403 1740 1436 xiteutur
1757 1404 1864 1437 Stoici
1890 1411 1923 1437 et
1944 1404 2111 1449 Epicurei
2134 1406 2230 1437 suro-

1240 1467 1294 1488 res
1311 1461 1395 1495 etc.,
1417 1466 1481 1487 nec
1504 1455 1666 1488 vivamus
1684 1455 1759 1487 sine
1779 1455 1874 1495 Deo,
1904 1456 1985 1488 elati
2004 1456 2130 1489 fiducia
2148 1468 2229 1500 pro-

1241 1507 1337 1551 priae
1358 1506 1572 1550 sapientiae,
1599 1507 1653 1538 wel
1680 1507 1928 1550 desperatione
1951 1509 2151 1541 deserentes
2170 1520 2230 1540 νο-

1240 1564 1430 1590 cationem.

1656 1642 1809 1676 gxlitltls

1289 1706 1419 1753 Ephes.
1454 1710 1486 1749 1,
1512 1710 1628 1755 (11.):
1669 1710 1764 1743 Deus
1799 1711 1870 1753 agit
1893 1711 2012 1743 onmia
2036 1713 2229 1746 secundum

1343 1760 1533 1794 consilium
1554 1762 1747 1794 xoluntatis
1765 1774 1859 1795 suae.

1343 1811 1574 1855 l'tespondeo:
1603 1813 1679 1845 Hoc
1701 1813 1900 1847 unixersale
1925 1814 2057 1847 (lictum
2086 1826 2158 1847 non
2180 1814 2230 1847 lo—

1241 1862 1362 1908 quitur
1385 1864 1428 1896 de
1452 1870 1605 1909 utroque
1631 1877 1757 1908 genere
1782 1865 1984 1905 actionum,
2013 1867 2055 1897 de
2076 1866 2180 1899 bonis
2197 1872 2231 1898 et

1240 1914 1343 1947 malis
1367 1914 1564 1949 actionibus
1591 1916 1750 1949 omnium
1777 1914 1986 1957 hominum,
2014 1919 2074 1950 sed
2092 1923 2230 1950 tantum

1240 1967 1283 1999 de
1302 1966 1479 2000 beneficiis
1500 1967 1629 2001 divinis
1656 1968 1692 2000 in
1710 1967 1884 2008 Ecclesia,
1913 1969 2077 2001 xidelicet
2101 1970 2144 2002 de
2169 1981 2230 2000 vo-

1241 2017 1400 2057 catione,
1428 2019 1611 2059 clectione,
1639 2019 1897 2062 gubernatione
1916 2027 1949 2052 et
1965 2020 2128 2064 gloriosis
2144 2020 2229 2053 libe-

1240 2069 1440 2103 rationibus
1457 2070 1632 2104 Ecclesiae
1650 2077 1734 2110 etc.,
1760 2078 1799 2104 ut
1820 2073 2005 2104 confirmet
2021 2084 2105 2113 nos,
2132 2083 2176 2104 ne
2194 2072 2231 2104 in

1243 2127 1338 2153 tanta
1364 2121 1604 2155 imbecillitate
1625 2129 1766 2162 nostra,
1794 2129 1828 2155 et
1852 2123 1887 2155 in
1910 2130 1982 2156 tan]
2006 2124 2113 2158 variis
2138 2124 2229 2168 peri-

1242 2172 1328 2205 culis
1360 2179 1393 2205 et
1422 2173 1729 2213 distractionibus,
1774 2175 2013 2208 existimemus
2036 2175 2228 2209 Ecclesiam

1243 2230 1380 2256 tantuin
1397 2222 1563 2258 lnnnanis
1581 2225 1715 2259 viribus
1740 2233 1773 2258 ct
1791 2227 1946 2260 consiliis
1964 2226 2055 2270 regi,
2084 2239 2123 2259 ac
2149 2239 2229 2271 pro—

1242 2281 1361 2319 pterea
1382 2277 1480 2309 fracti
1498 2277 1764 2321 desperatione,
1792 2278 1999 2311 abiicianms
2017 2278 2229 2317 doctrinam,

1243 2327 1315 2358 imo
1342 2327 1457 2373 inquit
1479 2328 1630 2362 Paulus:
1673 2329 1804 2363 Scitote
1828 2331 1946 2364 adesse
1972 2329 2086 2363 Deum
2110 2329 2229 2363 Eccle-

1243 2378 1314 2411 siae
1333 2391 1434 2419 suae,
1463 2386 1497 2412 et
1514 2381 1613 2414 vobis
1638 2394 1741 2425 opem
1766 2383 1869 2415 serre.
1921 2380 1995 2425 lpse
2013 2394 2074 2415 sua
2093 2381 2230 2415 miseri-

1243 2430 1362 2462 cordia
1382 2432 1513 2475 recepit
1533 2433 1646 2465 Adam
1671 2439 1705 2465 et
1719 2431 1832 2466 Eram
1845 2460 1853 2472 ,
1882 2434 2038 2466 desertos
2054 2434 2097 2466 ab
2116 2433 2229 2466 omni-

1243 2482 1306 2515 bus
1332 2483 1522 2523 creaturis,
1563 2491 1597 2517 et
1621 2484 1712 2518 filius
1734 2496 1872 2529 semper
1895 2484 1980 2523 suit,
2022 2491 2073 2518 est
2099 2491 2133 2517 et
2164 2485 2230 2517 erit

1244 2539 1359 2567 custos
1377 2534 1565 2570 Ecclesiae.
1616 2535 1681 2568 Hic
1705 2542 1820 2569 custos
1844 2536 1932 2568 rexit
1956 2548 2072 2569 arcam
2092 2534 2228 2576 Nohac,

1244 2586 1397 2618 servaxit
1419 2587 1592 2630 populum
1618 2589 1781 2620 eductum
1808 2600 1848 2619 ex
1874 2587 1963 2632 Aeg)
1974 2594 2047 2631 pto.
2100 2588 2151 2620 De
2175 2586 2228 2621 his

1244 2636 1420 2670 continuis
1451 2638 1629 2671 beneficiis
1668 2638 1704 2671 in
1734 2638 1888 2672 Ecclesia
1934 2639 2048 2684 inquit
2079 2639 2226 2672 Paulus:

1243 2688 1357 2721 Deum
1378 2690 1497 2722 ‹runnia
1517 2702 1620 2733 agere
1636 2691 1829 2722 secundum
1854 2690 2040 2723 consilium
2067 2691 2226 2724 volunta-

1242 2739 1285 2773 tis
1303 2752 1407 2781 suae,
1435 2741 1469 2774 id
1490 2747 1559 2781 est,
1586 2747 1765 2785 praestare
1784 2741 1904 2774 omnia
1926 2742 2093 2775 beneficia
2109 2741 2225 2775 Eccle-
