2347 3000
186 124 260 160 963

293 207 324 253 ξ.
353 209 411 243 10.
455 209 556 242 Cuius
587 201 747 249 mentem]
780 196 1018 243 Amplisicatio
1044 209 1062 230 a
1090 194 1181 241 peri-

193 258 325 306 phrasi.
404 255 576 303 Parietes]
594 253 716 292 πάθος
732 264 795 297 pcr
810 249 1042 295 hyperbolen.
1107 249 1183 280 Au-

191 308 330 358 toritas]
358 310 489 344 scilicet
506 318 594 352 quae
614 304 698 342 suit;
726 302 826 349 quasi
844 301 991 334 diceret:
1019 299 1116 344 quod
1135 297 1183 330 ibi

195 363 325 396 iterum
341 361 479 394 futurus
496 359 540 391 sit
555 361 696 389 senatus
707 380 716 393 ‚
744 353 859 399 qualis
875 358 979 384 antea
996 349 1115 384 suerit.

300 412 386 456 Cap.
406 410 463 443 lv,
501 407 530 452 ἓ.
558 408 615 441 10.
657 402 838 451 Equidem]
874 403 981 436 Aliud
1011 398 1134 439 πάθος
1165 410 1183 431 a

196 463 410 499 maioribus,
437 460 533 505 quod
550 457 705 491 familiae
721 463 755 490 et
770 455 903 500 posteri
922 457 1185 487 conserventur.

200 510 404 558 Effoclit⁶⁶)]
440 512 476 543 id
499 515 569 549 est,
603 507 701 541 venit
719 505 805 540 mihi
823 506 857 538 in
875 511 1050 544 mentem,
1087 500 1187 547 quasi

200 567 349 597 diceret:
379 574 501 595 omnes
519 559 673 593 familiae
691 565 800 603 agunt
815 557 878 591 tibi
897 556 1040 601 gratias.
1105 555 1188 588 Vin-

200 612 340 661 dicastt‘]
371 613 404 645 id
432 619 499 651 est,
528 609 699 655 eripuisti.

306 664 336 708 ἓ.
356 665 412 698 11.
440 661 557 709 Hunc]
586 657 819 706 ἐπιφώνημα.

203 717 330 754 idest,
367 712 567 758 triumphis.
639 711 796 755 Respicit
829 711 870 742 ad
904 709 1056 753 primam
1082 704 1191 738 ratio-

204 779 284 800 nem
310 767 519 800 institutam.
603 764 694 804 Quae
715 759 864 808 qnhlem]
902 758 1065 793 Tertium
1090 768 1193 799 argu-

205 824 365 851 mentum
391 830 409 849 a
434 816 514 849 sacti
540 814 793 859 perpetuitate,
828 811 927 857 quasi
949 810 1098 843 diceret:
1135 807 1192 839 illa

206 870 282 903 laus
299 875 350 902 est
367 867 535 901 durabilis
554 872 587 898 et
606 870 789 909 perpetua.
866 859 983 908 Mleil]
1012 855 1157 908 γνώμη.

310 918 340 963 ᾗ.
360 920 417 954 12.
446 914 604 963 Iustitia]
623 914 689 949 hoc
709 921 770 954 est,
799 914 874 947 laus
892 912 1044 946 iustitiae
1061 916 1093 943 et
1110 907 1196 943 leni-

208 970 300 1004 tatis.
375 966 558 1014 Florescet]
588 968 702 1006 idest,
730 966 934 1004 eissorescet,
961 967 1104 1000 crescet,
1131 960 1198 993 erit

210 1021 386 1060 vivacior,
427 1020 482 1052 vel
504 1019 736 1051 confirmatur
759 1015 991 1048 diuturnitate
1018 1010 1197 1056 opinionis

210 1079 314 1118 atque
335 1070 515 1114 temporis.
569 1068 698 1101 Caesar
717 1078 790 1098 non
809 1072 859 1098 est
875 1069 1061 1107 corruptus
1084 1061 1199 1093 indul-

211 1123 328 1167 gentia
346 1122 510 1155 fortunae
522 1145 531 1159 ‚
558 1131 632 1151 non
649 1123 700 1151 est
717 1118 849 1150 fractus
865 1121 926 1148 aut
942 1113 1101 1147 mollitus
1124 1122 1199 1145 suc-

213 1186 322 1208 cessu.

314 1221 519 1266 Propositio
546 1220 630 1259 suit,
667 1219 762 1252 illam
790 1216 1014 1251 clementiam
1040 1214 1118 1258 plus
1138 1209 1202 1244 ha-

213 1277 295 1309 bere
319 1285 422 1306 verae
445 1272 578 1310 laudis,
618 1282 725 1315 quam
750 1269 922 1302 maximas
947 1278 1002 1300 res
1028 1271 1141 1309 gestas
1165 1263 1202 1295 in

214 1327 278 1361 ista
296 1325 464 1358 varietate
481 1323 669 1361 bellorum,
697 1332 850 1367 quorum
862 1319 991 1353 Caesar
1007 1315 1111 1361 gessit
1127 1314 1203 1359 plu-

215 1377 318 1411 rima.
380 1375 519 1408 Deinde
545 1374 693 1406 virtutes
717 1377 855 1415 togatas
879 1369 991 1413 magis
1018 1367 1203 1405 delectare,

217 1440 323 1474 quam
341 1433 545 1460 castrenses.
598 1424 735 1456 Romae
759 1424 903 1455 suerunt
927 1419 1047 1463 magni
1075 1423 1204 1455 motus,

217 1478 319 1513 sicuti
336 1489 474 1510 necesse
495 1482 544 1508 est
562 1475 636 1507 fieri
657 1475 693 1506 in
710 1473 847 1517 magnis
865 1471 1093 1516 corporibus,
1123 1467 1203 1513 quia

218 1530 283 1563 suit
301 1540 427 1571 magua
447 1527 589 1559 libertas
606 1525 806 1569 principum
825 1530 859 1557 et
874 1522 1007 1567 populi.
1060 1520 1205 1554 Nullum

221 1581 314 1613 enim
334 1590 509 1612 vencnum
532 1577 751 1620 praesentius
771 1581 820 1607 est
840 1573 994 1612 civitati,
1023 1584 1128 1617 qnam
1154 1569 1207 1602 ni-

220 1631 290 1664 mia
314 1630 469 1663 libertas.
522 1627 630 1660 Marii
655 1634 689 1660 et
711 1626 826 1671 Syllae
846 1625 978 1657 bellum
1004 1623 1069 1655 suit
1091 1621 1208 1653 adole-

222 1688 338 1716 scente
355 1681 522 1713 existente
541 1678 721 1712 Cicerone.
775 1675 929 1714 Marius,
955 1672 1124 1719 quicquid
1144 1670 1209 1703 suit

221 1732 526 1767 nobilissimorum
552 1729 701 1768 civium,
743 1727 880 1760 curavit
906 1723 1076 1758 trucidari
1101 1721 1210 1760 dolui,

223 1782 313 1817 nihil
344 1783 462 1815 minus
493 1785 736 1824 expectantes,
780 1789 886 1822 quam
921 1776 1027 1809 talem
1061 1774 1211 1810 exitium

225 1835 319 1880 Sylla
346 1834 444 1867 7000
469 1831 617 1870 occidit,
653 1836 686 1863 et
709 1835 828 1862 tamen
851 1827 967 1860 Mario
993 1824 1212 1859 moderatior

224 1886 302 1920 suit.
369 1884 472 1918 Nunc
502 1883 609 1927 igitur
636 1881 757 1914 laudat
780 1879 988 1918 Caesarem,
1031 1876 1093 1922 qui
1122 1880 1213 1908 certe

228 1936 426 1970 laudandus
443 1940 494 1967 est
512 1946 573 1973 eo,
609 1933 706 1978 quod
732 1931 883 1964 clemens
904 1929 972 1963 fuit
994 1928 1031 1961 in
1054 1927 1214 1960 civilibus

227 1986 515 2021 dissensionibus.
564 1982 714 2027 Imperia
732 1982 940 2026 perturbare
956 1979 1056 2013 facile
1074 1984 1136 2019 est,
1162 1977 1215 2010 in-

229 2038 306 2084 quit
330 2038 525 2075 Pindarus,
566 2036 628 2068 sed
655 2033 838 2067 restituere
864 2033 900 2065 in
924 2032 1121 2075 integrum,
1157 2033 1217 2061 aut

230 2096 369 2123 mutare
394 2088 430 2120 in
455 2086 601 2125 melius,
634 2085 742 2118 solius
763 2084 830 2116 Dei
856 2089 924 2122 est,
961 2089 994 2115 et
1019 2081 1123 2124 vulgo
1148 2078 1217 2112 dici

232 2140 338 2174 solet:
374 2139 537 2172 Honores
562 2142 701 2170 mutant
725 2147 862 2175 mores,
895 2134 955 2168 sed
978 2145 1061 2165 raro
1086 2132 1123 2164 in
1146 2142 1218 2163 me-

231 2191 350 2225 liores.

337 2244 380 2276 Et
401 2237 567 2286 caeteros]
601 2236 840 2282 Amplificatio
868 2248 931 2280 per
962 2234 1218 2267 incrementum

237 2300 270 2326 et
287 2290 569 2337 prosopopoeia,
597 2296 631 2322 et
646 2289 733 2322 dixit
750 2289 914 2331 figurate:
943 2286 1000 2319 Tu
1024 2284 1119 2319 suisti
1145 2296 1220 2315 rno-

237 2344 393 2377 deratior
409 2341 566 2387 reliquis.
618 2340 732 2375 Nemo
753 2339 847 2372 enim
872 2338 907 2370 in
935 2338 1038 2370 rebus
1060 2334 1221 2369 secundis

239 2393 345 2428 habet
377 2393 430 2428 sui
459 2393 617 2426 modum.
684 2390 841 2423 Victoria
870 2389 987 2422 reddit
1019 2387 1221 2421 insolentes.

239 2445 441 2489 Propositio
459 2450 526 2477 est:
553 2442 747 2475 Victoriam
763 2440 943 2484 mitigasti.
994 2439 1089 2472 Dicit
1105 2444 1220 2471 autem

241 2494 307 2528 hoc
331 2509 409 2528 cum
440 2496 592 2540 quadam
621 2491 830 2538 hyperbole:
875 2491 999 2524 Vicisti
1025 2489 1223 2528 victoriam,

242 2545 309 2580 hoc
326 2553 395 2586 est,
420 2546 564 2578 affectus
581 2545 657 2578 illos
676 2550 709 2576 et
727 2544 828 2577 istam
846 2542 1088 2581 insolentiam,
1116 2551 1222 2585 quan]

244 2609 361 2632 secum
381 2596 483 2629 affert
501 2595 659 2629 victoria.
732 2592 872 2641 Vereor]
889 2594 918 2626 Λ
938 2604 1087 2637 persona
1100 2592 1223 2625 Caesa-

883 652 1190 698 Gratulate‘onibus]

281 2715 328 2747 66)
350 2714 474 2746 Effudit]
495 2712 536 2737 sic
555 2712 601 2736 Ed.
620 2711 693 2736 1568.
712 2712 737 2734 ct
757 2710 809 2741 al.3
836 2709 885 2736 Ed.
905 2710 989 2734 Orell.
1009 2708 1123 2740 offudit.

761 114 882 151 PHIL.
916 111 1028 148 MEL.
1069 106 1271 145 SCRIPTA
1304 106 1641 145 PHILOLOGICA.

2150 106 2224 142 964

1234 194 1282 229 ris
1306 195 1433 228 collata
1458 207 1537 228 cum
1562 193 1639 228 aliis
1656 193 1848 227 victoribus
1865 193 2019 226 civilium
2037 193 2224 227 bellorum.

1236 244 1372 292 Sentio]
1400 245 1689 289 PraecastigatiO.
1767 243 1876 292 Num]
1907 244 2025 278 Ratio.
2106 243 2225 291 Recte]

1236 297 1475 341 Ampliticatio
1494 309 1534 329 ex
1551 295 1814 337 (listrIbutione,
1837 296 1917 342 quia
1938 295 2134 340 respublica
2152 307 2227 327 ma-

1238 354 1297 381 net
1317 348 1351 380 in
1370 349 1493 381 eodem
1516 353 1621 381 statu.

1342 399 1428 443 Cap.
1445 398 1488 432 V.
1518 396 1548 442 §-
1569 398 1627 432 13.
1663 399 1771 442 Atque
1791 395 1869 444 hoc]
1899 395 2123 435 Translatio,
2158 407 2227 441 qua

1240 463 1280 482 ex
1305 450 1443 494 privata
1467 462 1569 483 causa
1596 448 1773 493 publicam
1801 448 1883 480 facit
1912 450 2040 481 docens
2065 446 2228 480 restituto

1241 501 1290 535 M.
1316 501 1484 534 Marcello
1507 500 1687 533 declarare
1711 498 1917 540 Caesarem,
1958 512 2063 544 quam
2088 510 2161 530 non
2186 497 2231 530 sit

1242 551 1361 586 hostili
1384 552 1419 584 in
1445 550 1699 595 rempublicam
1725 549 1857 583 animo.
1963 551 2118 583 Caesaris
2141 551 2231 582 iudi-

1242 601 1348 649 cium]
1383 603 1515 637 scilicet
1547 602 1583 634 in
1613 601 1711 634 victis
1746 600 2008 634 conservandis.
2112 601 2233 634 Omnes

1242 653 1352 701 enim]
1386 653 1450 687 Est
1475 653 1549 686 vice
1577 649 1809 697 parenthesis.
1870 651 1946 684 Hoc
1970 651 2063 684 enim
2087 662 2161 683 non
2187 650 2231 682 ad

1246 705 1446 738 institutum
1463 710 1710 748 argumentum
1727 702 1890 747 pertinet.
1969 699 2068 749 Fato]
2097 700 2160 734 Est
2177 713 2234 733 oc-

1246 756 1387 801 cupatio
1406 757 1599 802 quaedam,
1626 754 1663 787 in
1681 765 1750 799 qua
1766 760 1906 787 excusat
1926 765 2067 792 omnes,
2101 751 2162 798 qui
2182 764 2233 785 se-

1247 808 1317 841 cuti
1343 814 1444 840 erant
1467 807 1595 840 bellum
1622 805 1736 839 civile.
1823 802 1998 851 Liberata]
2034 804 2115 837 Non
2140 802 2234 835 enim

1249 859 1475 897 restituisset,
1503 858 1530 891 si
1549 857 1735 891 sceleratos
1755 856 1951 889 iudicasset.
2029 851 2139 901 Nam]
2167 852 2234 887 Ista

1249 917 1330 944 sunt
1346 911 1437 943 clara
1459 915 1491 941 et
1515 908 1637 952 plana;
1674 907 1827 940 ostendit
1852 920 1887 940 se
1912 905 1999 939 velle
2022 918 2087 939 nos
2109 905 2237 944 salvos,

1251 968 1283 993 et
1299 960 1554 1004 rempublicam
1574 964 1830 991 conservatam.
1884 957 2020 990 Alludit
2043 957 2086 989 ad
2113 967 2237 988 omnes

1252 1011 1416 1045 historias
1431 1010 1591 1054 priorum
1609 1009 1784 1040 bellorum
1811 1007 1986 1046 civilium,
2016 1013 2074 1047 ut,
2103 1006 2238 1040 Marius

1252 1063 1347 1094 dedit
1364 1060 1579 1105 patrimonia
1596 1058 1758 1092 barbaris
1785 1064 1818 1091 et
1841 1058 1911 1091 suis
1929 1058 2099 1092 militibus
2115 1057 2239 1091 deletis

1255 1110 1564 1157 praestantissimis
1583 1109 1727 1142 civibus.
1787 1108 1869 1143 Nou
1894 1109 2007 1142 multo
2034 1109 2135 1141 aliter
2159 1108 2240 1141 fecit

1253 1164 1360 1209 Sylla.
1470 1158 1616 1207 Videtis]
1651 1159 1781 1194 scilicet
1814 1166 2035 1204 praesentem
2066 1165 2241 1193 senatum.

1254 1217 1294 1248 In
1321 1211 1470 1260 curiam]
1505 1212 1635 1245 scilicet
1659 1218 1699 1245 ut
1722 1211 1869 1245 Marius.
1950 1208 2088 1257 Hostes]
2116 1209 2241 1243 Ratio-

1256 1265 1404 1299 cinatio:
1443 1263 1479 1298 Si
1497 1262 1626 1296 Caesar
1650 1269 1731 1307 post
1752 1261 1938 1295 victoriam
1963 1274 2004 1294 eo
2030 1268 2081 1295 est
2108 1261 2242 1300 animo,

1256 1324 1295 1351 ut
1309 1317 1443 1351 salvam
1471 1314 1554 1347 velit
1575 1313 1850 1358 rempublicam,
1883 1319 2158 1346 consentaneum
2181 1317 2244 1355 est,

1257 1368 1348 1402 idem
1367 1366 1517 1400 voluisse
1535 1371 1615 1398 ante
1631 1371 1830 1409 susceptum
1848 1364 1992 1398 bellum.
2070 1365 2139 1398 Sed
2155 1365 2246 1400 iudi-

1257 1417 1362 1466 cavit]
1404 1417 1459 1450 Ad
1485 1416 1671 1450 Caesarem
1702 1414 1769 1449 hoc
1795 1427 1937 1461 quoque
1964 1415 2136 1460 pertinet,
2172 1416 2244 1461 pri-

1260 1483 1356 1503 mum
1380 1467 1447 1502 hoc
1470 1467 1637 1508 nomine,
1676 1468 1771 1513 quod
1794 1479 1917 1500 omnes
1942 1467 2141 1501 existiment
2163 1479 2244 1500 eum

1260 1534 1333 1554 non
1350 1518 1576 1553 abhorruisse
1594 1531 1611 1551 a
1631 1518 1894 1552 conditionibus
1911 1518 2026 1563 pacis,
2063 1518 2144 1564 quia
2163 1531 2246 1552 con-

1260 1571 1414 1607 servavit
1446 1577 1587 1604 autores
1622 1570 1728 1613 pacis.
1845 1567 2081 1617 lquoratione]
2114 1570 2246 1604 scilicet

1261 1623 1343 1657 belli
1362 1634 1464 1655 causa
1482 1633 1555 1654 non
1571 1621 1654 1654 satis
1671 1620 1859 1654 intellecta.

1365 1671 1395 1716 ξ.
1414 1672 1472 1706 14.
1502 1674 1571 1713 Quo
1586 1669 1736 1718 quidem]
1771 1670 1946 1704 Excursus
1971 1670 2013 1704 de
2038 1670 2109 1706 suis
2133 1671 2247 1706 consi-

1263 1724 1338 1763 liis,
1366 1730 1400 1756 et
1415 1723 1527 1756 causis
1543 1722 1627 1755 belli
1643 1722 1771 1756 civilis:
1806 1721 1865 1755 Tu
1888 1721 1984 1755 suisti
2010 1722 2106 1766 pacis
2132 1729 2249 1759 autor.

1264 1774 1434 1809 Probatio
1467 1771 1756 1818 enthymematis:
1804 1772 1862 1805 Tu
1890 1785 2077 1807 conservas
2108 1779 2251 1809 autores

1265 1826 1379 1872 pacis;
1427 1837 1491 1868 ego
1521 1824 1570 1857 sui
1603 1830 1706 1857 autor
1737 1824 1833 1868 pacis
1862 1829 1896 1856 et
1927 1836 1984 1857 me
2016 1824 2249 1859 conservasti:

1267 1889 1349 1921 ergo
1366 1875 1522 1909 maluisti
1540 1887 1683 1919 pacem,
1712 1887 1818 1920 quam
1839 1875 1982 1909 bellum.
2047 1876 2250 1922 Repudiari]

1268 1929 1451 1974 Quantum
1470 1939 1511 1960 ex
1527 1925 1691 1971 Pompeii
1709 1926 1821 1959 multo
1846 1932 1880 1959 et
1906 1932 2069 1960 accurato
2088 1938 2252 1961 sermone

1271 1978 1449 2024 perspexi,
1489 1990 1533 2011 ne
1557 1978 1721 2011 voluntas
1743 1977 1886 2023 quidem
1912 1984 1963 2011 est
1986 1977 2252 2022 pacificationis.

1268 2031 1313 2064 Et
1334 2031 1395 2064 lib.
1412 2030 1445 2064 8.
1470 2030 1514 2062 ad
1530 2029 1685 2062 Atticum
1695 2028 1760 2074 6”Ῑ);
1794 2028 1866 2063 Nec
1887 2029 1966 2063 illos
1991 2041 2253 2073 congressuros,

1271 2094 1350 2122 nec,
1374 2081 1401 2115 si
1418 2080 1593 2124 congressi
1612 2087 1743 2120 essent,
1759 2080 1971 2125 Pompeium
1987 2081 2031 2113 ad
2046 2081 2154 2114 ullam
2170 2092 2253 2114 con·

1271 2133 1442 2166 ditionem
1463 2143 1684 2166 accessurum
1703 2132 1884 2176 putabam.
1964 2129 2091 2179 Toyae]
2117 2132 2178 2166 lib.
2196 2132 2255 2166 10.

1272 2185 1317 2217 ad
1340 2184 1495 2217 Atticum
1506 2182 1569 2230 68);
1604 2182 1686 2216 Mea
1712 2194 1814 2217 causa
1839 2189 1956 2216 autern
1981 2183 2049 2216 alia
2073 2188 2141 2223 est,
2181 2194 2253 2228 quo

1271 2235 1442 2269 beneficio
1458 2234 1595 2268 vinctus
1611 2234 1770 2278 ingratus
1788 2246 1859 2268 esse
1877 2246 1950 2267 non
1966 2246 2120 2279 possum.
2162 2234 2256 2267 Pan-

1273 2288 1307 2321 lo
1325 2294 1442 2320 tamen
1461 2286 1562 2319 aliter
1576 2285 1636 2319 lib.
1654 2286 1686 2319 8.
1704 2285 1803 2330 epist.
1813 2284 2048 2331 Maximisoe):
2077 2283 2166 2319 Cum
2183 2297 2256 2319 me·

1273 2338 1341 2372 rita
1360 2337 1522 2382 Pompeii
1542 2349 1678 2370 summa
1707 2348 1787 2381 erga
1811 2337 1957 2370 salutem
1985 2348 2121 2377 meam,
2155 2335 2258 2370 fami-

1274 2388 1579 2434 liaritasqueffla),
1607 2399 1697 2433 quae
1720 2386 1808 2421 mihi
1830 2400 1907 2421 cum
1933 2399 1974 2420 eo
1991 2394 2060 2428 est,
2088 2394 2161 2422 tum
2180 2387 2255 2432 ipsa

1275 2440 1488 2485 reipublicae
1506 2451 1609 2473 causa
1626 2451 1682 2472 me
1697 2439 1856 2479 adducit,
1890 2444 1928 2472 ut
1953 2436 2041 2472 mihi
2065 2439 2121 2473 vel
2144 2439 2257 2473 consi-

1310 2550 1358 2578 67)
1378 2549 1433 2574 Cic.
1453 2548 1535 2579 epist.
1553 2547 1587 2571 ad
1604 2547 1685 2571 Λαὶς.
1703 2546 1721 2570 I.
1736 2546 1810 2576 VIII,
1830 2552 1871 2576 ep.
1889 2546 1930 2575 15,
1948 2545 1974 2570 3.

1310 2601 1357 2628 68)
1378 2599 1442 2623 lhid.
1461 2599 1479 2622 1.
1494 2598 1531 2628 x,
1550 2604 1590 2627 ep.
1608 2598 1630 2627 ι,
1652 2597 1676 2620 1.

1311 2652 1357 2679 69)
1376 2651 1441 2675 Ibid.
1460 2651 1478 2675 1.
1493 2648 1562 2674 VIII.
1583 2655 1622 2678 ep.
1638 2649 1679 2679 3.,
1699 2653 1767 2678 quae
1786 2654 1802 2672 a
1821 2654 1888 2672 voce
1906 2646 2029 2671 Maximis
2049 2645 2155 2678 incipit,
2176 2645 2201 2680 §.
2216 2648 2239 2672 2,

1312 2704 1379 2732 ⁶9³)
1399 2700 1639 2730 familiaritasque]
1658 2700 1703 2724 Ed.
1722 2700 1793 2724 1568.
1813 2701 1898 2725 male:
1924 2698 2185 2730 familiaritatisque.
