2347 3000
64 124 133 158 361
414 119 472 154 111.

61 209 283 252 Respondet:
322 204 631 249 intemperantiam
658 204 769 247 magis
795 216 866 237 esse
886 204 1047 237 volunta-

62 260 172 299 riam,
202 259 283 304 quia
302 257 413 299 magis
429 255 628 288 voluntaria
645 261 737 294 sunt,
766 268 854 300 quae
871 255 1047 298 eliguntur

62 312 137 345 sine
157 310 336 342 coactione
355 307 491 352 aliqua,
519 307 717 350 voluptates
737 318 809 339 non
828 306 875 339 sic.
893 307 1048 339 oll'erunt

62 376 98 396 se
124 361 240 400 nobis,
282 366 320 392 ut
345 364 473 401 cogant
496 370 581 397 nos,
622 357 711 390 sicut
742 363 857 390 terror
888 359 1046 390 nolentes

63 413 191 446 obruit.
243 410 304 443 Est
322 410 427 453 igitur
450 408 723 452 intemperanti-¹1
750 409 860 453 magis
884 409 1047 441 volunta-

62 464 134 503 ria,
163 464 312 506 ideoque
338 459 449 503 magis
474 458 779 503 repreliendenda.
840 460 930 493 Nam
957 471 1046 504 quae

63 514 172 555 magis
191 513 225 544 in
244 517 414 556 potestate
431 518 551 544 nostra
568 518 668 550 sunt,
705 511 813 555 magis
830 511 969 543 laudent
987 515 1047 542 aut

61 564 358 608 vituperationem
384 568 584 601 merentur,
617 562 698 607 quia
716 562 810 594 Deus
832 562 906 593 xult
928 560 1045 604 puniri

58 613 224 648 humanis
244 614 378 647 iudiciis
396 613 544 657 turpiter
562 614 649 645 sacta
662 639 670 651 ,
700 613 774 645 vult.
792 610 966 644 honorem
986 611 1046 643 tri-

59 666 120 699 bui
139 673 232 699 recte
252 666 360 698 factis.
402 664 483 697 ldco
499 670 614 697 autem
629 669 749 695 movet
766 661 856 695 hane
871 661 1046 707 quaestio-

58 730 161 757 nem,
205 723 243 750 ut
266 718 456 749 admoneat
481 715 591 758 magis
619 714 850 746 necessariam
878 713 1044 746 x'irtutem

61 782 152 808 esse,
186 774 219 801 et
243 774 407 811 oportere
425 766 535 809 magis
554 777 777 798 commulnem
795 764 954 797 omnium
975 776 1046 797 esse

60 819 351 863 temperantiam,
376 830 481 862 quam
501 816 758 849 fortitudinem.
812 815 893 849 Non
911 821 961 848 est
976 816 1046 847 sor-

60 872 104 904 tis
126 870 293 908 Ovidius,
334 869 394 902 sed
429 874 547 900 tamen
578 867 622 900 sit
652 873 853 911 temperans
887 867 923 898 in
954 866 1046 904 cibo,

60 928 165 966 potu,
194 927 227 953 et
242 920 318 953 aliis
337 919 586 962 voluptatibus.
649 918 805 962 Turpius
829 924 880 951 est
895 917 1047 950 Alexan-

59 974 124 1005 dro
153 972 247 1017 quod
281 972 457 1003 deformat
479 982 513 1003 se
539 969 706 1002 ebrietate
735 976 768 1003 et
795 969 1046 1008 obscoenitate,

59 1036 165 1069 quam
181 1022 210 1055 si
227 1022 369 1065 fugisset
387 1034 427 1054 ex
445 1021 530 1054 acie.

162 1082 258 1114 Haec
277 1081 312 1113 in
333 1092 459 1124 genere
477 1092 624 1113 monere
648 1079 765 1119 volui,
793 1086 826 1112 et
842 1092 965 1113 verum
985 1085 1046 1117 est,

59 1140 225 1177 oportere
257 1132 367 1175 magis
403 1144 629 1164 communem
656 1144 727 1164 esse
754 1129 844 1163 lianc
867 1131 1046 1164 virtutem.

58 1185 165 1229 Quod
184 1196 268 1216 x‘ero
287 1183 321 1215 in
339 1182 488 1227 textu‘ffi)
514 1182 660 1221 (licitur,
696 1182 921 1214 timiditatem
947 1182 1047 1214 aliter

60 1248 132 1269 esse
150 1234 387 1268 voluntariam
400 1261 408 1274 ,
435 1246 540 1278 quam
557 1233 714 1277 singulae
733 1233 1047 1273 consternationes,

59 1287 107 1321 sic
134 1287 362 1329 intelligatur.
422 1283 521 1328 Ipsae
545 1284 866 1323 eonstcrnationes,
903 1291 941 1317 ut
965 1297 1047 1316 con-

59 1344 148 1377 stat,
175 1339 291 1369 minus
315 1342 395 1369 sunt
421 1335 660 1373 voluntariae,
692 1335 772 1379 quia
794 1342 909 1367 terror
928 1335 1047 1367 obruit

60 1390 232 1422 nolentes.
285 1386 361 1430 Ipse
380 1399 463 1418 xero
484 1384 625 1418 habitus
644 1391 694 1418 est
712 1385 831 1429 aliquo
850 1387 956 1417 modo
986 1399 1046 1417 vo-

59 1439 254 1477 luntarius,
282 1444 319 1470 ut
338 1444 472 1469 caetera
491 1437 588 1476 vitia,
617 1436 699 1481 quia
718 1435 796 1468 ideo
816 1438 1046 1468 confirmatur

59 1489 248 1527 timiditas,
277 1487 357 1532 quia
375 1488 469 1521 ultr-o
493 1487 668 1520 omittitur
694 1487 908 1519 adsue-factio
933 1488 974 1519 ad
1000 1488 1047 1519 se-

58 1542 188 1575 rendos
210 1540 366 1577 dolores,
400 1550 439 1571 ac
465 1539 599 1582 singula
623 1539 712 1570 sacta
738 1538 1046 1582 intemperantiae,

58 1599 139 1627 sunt
161 1603 305 1635 prorsus
327 1590 548 1629 wluntaria,
592 1589 667 1632 ipsa
692 1601 775 1621 vero
807 1589 1046 1633 intemperan—

58 1645 107 1677 tia
135 1642 272 1681 minus,
314 1640 397 1686 quia
423 1642 630 1674 confirmata
657 1641 910 1673 consuetudine
936 1641 1046 1684 magis

60 1696 171 1728 ardet.

161 1744 296 1789 Quarta
315 1741 474 1788 quaestio
493 1748 543 1775 est
566 1743 608 1774 de
631 1741 775 1774 nomine
801 1739 1046 1787 c}207.0c0la⁸¹).

59 1797 178 1842 Quare
214 1792 395 1829 ἀκολασία
425 1805 612 1826 commune
642 1806 773 1825 nomen
800 1799 850 1825 est
882 1792 1046 1826 lasciviae

58 1847 187 1893 puerili
222 1852 255 1878 et
284 1844 599 1888 intemperantiae,
644 1844 724 1888 quia
751 1845 925 1888 quaedam
956 1844 1046 1876 inter

58 1899 144 1934 haec
164 1896 356 1931 similitudo
374 1902 441 1936 est,
470 1895 676 1940 uthpueriles
695 1895 804 1927 animi
822 1895 858 1927 in
874 1895 966 1928 ludis
987 1908 1046 1927 va-

92 2032 141 2057 80)
161 2029 319 2053 Aristotelis
344 2029 427 2052 verba
451 2029 512 2051 Eth.
536 2028 553 2051 t.
575 2028 599 2051 3.
624 2034 645 2052 c.
672 2028 710 2051 12.
736 2027 762 2056 S.
785 2027 809 2050 3.
835 2028 914 2050 sunt:
953 2025 1050 2055 Δόξειέ

129 2062 149 2088 τ’
170 2061 204 2087 ἂν
224 2060 275 2094 οὐχ
294 2060 394 2094 ὁμοίως
412 2060 540 2087 ἑκούσιον
554 2060 567 2092 ἦ
583 2060 667 2086 δειλία
683 2057 753 2086 εἶναι
769 2062 825 2089 τοῖς
838 2057 906 2085 καθ’
921 2058 1045 2089 ἕκαστον,

92 2115 139 2147 81)
160 2115 273 2139 Aristot.
293 2115 312 2138 1.
329 2115 346 2138 1.
365 2114 384 2140 l.
398 2114 422 2138 3.
442 2121 463 2140 c.
479 2114 520 2139 12.
541 2113 566 2144 S.
583 2114 609 2138 5.

524 117 804 153 ΕΝΑΓιΡιΛΤΙΟ
840 116 967 150 LIBRI
994 116 1050 153 111.
1083 117 1370 152 ETHICORUM
1404 117 1729 154 ARISTOTELIS.

2009 122 2082 157 362

1101 211 1248 248 gantur,
1276 205 1323 238 sic
1340 212 1490 248 vagatur
1508 205 1678 248 appetitio
1699 206 2008 249 intemperantiae,
2038 214 2081 245 et,

1100 262 1139 288 ut
1158 256 1257 299 pueri
1279 254 1486 289 cohercendi
1515 263 1548 288 ct
1572 257 1718 297 cogendi
1744 264 1843 295 sunt,
1877 257 1924 289 sic
1950 258 2082 300 appeti-

1102 307 1214 340 tiones
1238 314 1415 347 errantes,
1446 314 1538 340 recta
1564 308 1702 340 ratione
1726 308 1945 345 domandae,
1980 314 2011 339 et
2031 321 2083 339 re-

1101 357 1305 401 primendae
1340 366 1433 392 sunt.
1487 359 1581 391 Ilaec
1613 360 1654 391 de
1689 371 1813 401 graeco
1840 358 1983 391 nomine
2016 359 2084 391 dis—

1100 414 1289 452 putantur,
1334 411 1393 442 sed
1425 412 1518 454 apud
1552 410 1698 443 Latinos
1725 410 1887 443 distincta
1912 411 2082 442 xocabula

1099 465 1181 492 sunt
1197 460 1360 492 lascixiae
1377 468 1408 493 et
1435 461 1750 505 intempcrantiae,
1787 467 1820 494 et
1846 463 1975 505 gradus
2002 474 2083 493 con-

1099 510 1253 542 siderare
1270 511 1355 542 utile
1374 518 1434 545 est.

1199 560 1361 593 Lascixia
1381 569 1431 595 cst
1449 563 1606 605 pronitas
1632 565 1673 595 ad
1700 563 1818 596 varios
1842 564 1943 596 ludos
1968 569 2000 595 et
2024 575 2083 593 xa-

1099 611 1403 655 1·iasx·oluptatcs‚
1431 613 1504 646 sine
1532 615 1766 653 contumelia,
1802 628 1861 647 seu
1888 614 1962 647 sine
1989 613 2083 657 cupi-

1099 662 1208 694 ditate
1231 663 1400 703 nocendi,
1444 664 1518 696 sine
1542 664 1701 706 flagitiis,
1741 672 1777 697 ut
1803 665 1951 701 dicimus
1976 677 2084 709 equos

1099 713 1269 748 lascivire.
1321 714 1420 748 Alius
1447 715 1576 758 gradus
1601 722 1651 748 cst
1676 717 1888 758 petulantia,
1926 715 2084 760 pronitas

1100 766 1143 797 ad
1171 766 1402 799 contumelias
1435 766 1632 805 faciendas,
1674 779 1734 799 scu
1761 767 1818 798 ubi
1844 779 1909 810 pro
1936 767 2085 799 delecta-

1100 822 1219 848 mento
1245 814 1395 849 habetur
1420 816 1507 850 alios
1531 817 1745 849 contumelia
1773 819 1929 856 allicere,
1972 824 2010 850 ut
2043 818 2085 849 de

1099 867 1245 901 Neratio
1263 868 1384 900 scribit
1402 867 1590 913 Gelliusffl)
1603 895 1611 907 ‚
1638 880 1715 901 cum
1735 880 1847 911 poena
1872 868 2021 900 iniuriae
2039 869 2085 899 le-

1100 918 1208 951 xioris
1232 925 1320 952 esset
1335 917 1383 954 25
1399 931 1510 959 asses,
1544 919 1686 952 solitum
1704 919 1891 952 Neratium
1919 917 2086 962 colaphos

1100 971 1183 1003 dare
1202 970 1521 1014 praetereuntibus,
1550 977 1583 1002 et
1600 968 1729 1003 habere
1748 983 1888 1003 serxuln
1908 970 2086 1009 comitem,

1100 1021 1161 1066 qui
1184 1034 1267 1054 mox
1291 1022 1502 1054 numerabat
1525 1022 1714 1061 mulctam,
1750 1022 1810 1054 sed
1833 1019 1899 1054 hoc
1926 1022 2085 1064 exemplo

1101 1072 1186 1105 moti
1207 1079 1406 1116 praetores⁷
1433 1085 1584 1116 poenam
1603 1073 1801 1115 gratiorem
1818 1072 2088 1111 constituerunt,

1099 1136 1183 1156 nam
1226 1124 1422 1167 petulantia
1462 1136 1535 1156 non
1571 1125 1686 1157 solum
1719 1137 1798 1156 cum
1829 1124 1999 1156 modestia
2034 1123 2087 1154 xcl

1099 1175 1370 1208 mansuetudine
1394 1181 1547 1218 pugnat,
1579 1176 1638 1208 sed
1666 1188 1743 1208 eum
1769 1175 1918 1215 iustitia,
1944 1174 2088 1207 Graecis

1102 1232 1152 1259 est:
1169 1224 1349 1273 ἀσέλγεια.
1403 1225 1500 1258 Idem
1524 1232 1574 1259 est
1599 1226 1831 1270 protervitas,
1866 1226 2026 1270 pronitas
2043 1226 2088 1257 ad

1100 1288 1229 1321 pravas
1254 1277 1473 1320 voluptates,
1514 1283 1547 1309 et
1573 1278 1617 1309 ad
1644 1277 1875 1310 contumelias
1898 1277 2087 1310 faciendas.

1100 1327 1266 1372 Nequitia
1285 1327 1456 1370 significat
1474 1328 1674 1360 allectat-‘un
1694 1329 1886 1367 lexitatem,
1915 1329 1986 1361 sive
2008 1340 2087 1360 eum

1101 1378 1327 1417 contumelia,
1350 1379 1421 1411 sive
1440 1391 1517 1410 cum
1539 1379 1743 1412 libidinibus
1762 1379 1999 1418 coniunctam,
2016 1378 2087 1411 sive

1100 1429 1207 1472 gratis
1223 1429 1416 1462 ludentem.
1470 1428 1636 1473 Nequitia
1652 1430 1715 1462 suit
1728 1429 1920 1462 Alcibiadis
1939 1430 2088 1463 etAxio-

1100 1478 1168 1520 chi,
1197 1479 1255 1524 qui
1275 1479 1564 1512 consuetudinem
1583 1478 1783 1513 habuerunt
1801 1482 1904 1513 ambo
1923 1493 2000 1514 cum
2017 1492 2088 1514 uua

1101 1531 1253 1577 quadam
1272 1531 1439 1570 muliere,
1467 1544 1617 1576 cumque
1637 1531 1797 1564 alterutri
1823 1538 1905 1564 nata
1932 1538 2010 1565 esset
2047 1544 2087 1564 ex

1101 1596 1139 1614 ea
1158 1582 1247 1622 fitia,
1281 1588 1402 1625 postea
1427 1587 1575 1626 uterque
1600 1595 1678 1615 cum
1702 1583 1771 1615 filia
1797 1583 2088 1616 consuetudinem

1100 1632 1245 1672 habuit,
1275 1639 1307 1665 et
1325 1633 1456 1665 cubans
1481 1634 1575 1676 apud
1599 1634 1769 1673 alterum,
1799 1634 1981 1667 dicebatur
2003 1634 2088 1666 alte-

1100 1685 1172 1717 rius
1198 1684 1280 1716 silia.
1329 1683 1425 1716 Haec
1449 1682 1572 1728 Lysias
1597 1684 1634 1716 in
1660 1685 1820 1717 oratione
1851 1687 2004 1730 quadani
2028 1686 2089 1717 ob-

1100 1736 1181 1768 iecit
1202 1733 1400 1774 Alcibiadi,
1442 1741 1481 1767 ut
1512 1735 1637 1767 recitat
1667 1734 1937 1781 Athenaeus-⁸³).
2005 1735 2087 1769 Ideo

1101 1793 1217 1820 autem
1234 1784 1300 1818 liae
1317 1783 1487 1819 historiae
1510 1786 1790 1819 considerandae
1816 1794 1895 1820 sunt
1911 1814 1919 1825 ‚
1952 1793 1991 1820 ut
2009 1799 2087 1820 cau-

1099 1850 1156 1872 sae
1174 1849 1385 1881 magnarum
1403 1837 1664 1878 calamitatum,
1701 1850 1789 1884 quae
1809 1845 1929 1882 postea
1949 1845 2087 1872 secutae

1100 1896 1201 1928 sunt,
1226 1888 1426 1922 videantur.

1132 1998 1179 2025 82]
1200 1996 1305 2020 Gellius
1315 1996 1391 2019 Noct.
1403 1997 1459 2019 Att.
1474 1996 1648 2026 xx‚1.11unc
1665 1997 1797 2021 hominem
1815 1998 1961 2027 improbum
1977 1998 2086 2022 Lucium

1167 2031 1311 2054 Yeratiuni
1329 2032 1419 2054 vocat.

1132 2073 1179 2104 83)
1200 2073 1298 2095 Athen.
1319 2071 1501 2100 Deipnosoph.
1516 2072 1575 2097 ΧΠ.
1595 2079 1616 2098 c.
1631 2072 1656 2096 9.
1678 2072 1703 2102 S.
1718 2073 1760 2097 46.
1781 2073 1928 2102 (T0u1.lv.
1947 2081 1971 2104 p.
1983 2074 2033 2097 456
2044 2080 2083 2104 sq.

1167 2107 1208 2131 ed.
1229 2106 1498 2136 Schweighaeuser).
