2347 3000
76 126 169 162 1201
406 122 495 159 XVI.

70 211 140 244 Sed
164 210 356 256 Pompeius
382 216 416 244 et
440 209 500 242 alii
517 209 695 255 principes
711 217 898 244 moverant
913 210 1058 251 bellum,

70 274 131 295 seu
157 274 296 302 errore,
324 274 385 295 seu
410 268 524 300 metu;
559 263 733 306 putabant
763 262 829 296 sibi
862 276 950 307 opus
982 275 1056 296 esse

70 313 289 347 defensione.
341 312 534 357 Pompeius
565 313 766 354 metuebat,
806 326 851 347 ne
884 313 1056 359 dignitate

67 364 302 408 spoliaretur,
335 363 509 397 timebant
541 371 575 398 et
609 365 670 397 alii
699 365 830 399 iratum
855 365 1054 399 Caesarem.

66 414 175 448 Multi
206 426 327 448 errore
349 415 561 460 Pompeium
589 416 829 462 sequebantur
852 417 1054 451 existiman-

68 473 120 499 tes
143 478 220 499 eam
246 478 318 500 esse
335 473 473 510 partem
491 465 730 500 honestiorem
745 494 754 507 ‚
782 467 866 513 quia
883 468 932 501 ibi
949 466 1052 500 initio

68 523 171 550 etant
196 518 374 558 consules,
401 524 584 562 praetores
608 525 641 552 ct
662 519 859 563 principes,
895 525 935 553 ut
958 530 1053 552 nune

65 567 171 601 multi
194 575 390 614 sequuntur
411 569 594 613 pontifices
621 576 767 614 propter
792 569 946 604 titulum.
1006 569 1052 602 Et

67 618 224 663 speciosa
249 620 426 653 excusatio
453 627 504 655 est
525 621 636 654 videri
658 621 865 654 coniunctos
883 633 955 655 esse
972 633 1050 653 cum

69 669 251 703 ordinaria
286 677 470 715 potestate.
530 671 625 715 Ergo
658 684 735 705 cum
771 672 889 717 aliqua
920 671 965 706 sit
995 683 1050 704 ex—

68 721 203 754 cusatio
224 721 466 766 Pompeianae
503 723 635 767 partis,
671 735 735 756 nec
766 735 903 756 summa
938 722 1051 766 turpi-

67 772 177 812 tudo,
210 784 275 805 nec
305 773 414 807 scelus
442 773 509 807 suit
532 774 734 807 coniunctio
759 786 836 806 cum
862 773 1050 817 Pompeio.

66 822 163 856 Haec
201 823 315 857 oratio
356 825 511 858 maxime
547 825 693 857 decebat
729 824 958 864 Ciceronem,
1005 836 1050 856 ne

65 885 256 917 agnoscere
288 874 468 908 videretur
499 875 637 919 culpam
666 887 747 907 vera
773 873 1049 919 reprehensione

66 925 224 969 dignam.
325 928 377 960 Ae
399 927 483 960 mihi
515 928 664 972 quidem,
698 928 728 960 si
755 927 945 971 proprium]
973 926 1050 959 Usi-

67 983 180 1010 tatum
206 982 258 1009 est
280 975 317 1008 in
349 977 532 1010 eventibus
556 977 697 1021 tragicis
720 977 906 1010 decurrere
933 977 977 1010 ad
999 978 1050 1009 sa—

65 1027 153 1061 tales
178 1038 310 1060 causas.
362 1027 458 1061 Idem
482 1026 539 1060 hic
565 1028 687 1061 Cicero
712 1028 809 1061 saeit:
852 1035 885 1061 et
912 1027 1049 1061 omissis

67 1078 180 1112 causis
205 1078 355 1119 odiosis,
384 1079 615 1113 translatione
641 1079 763 1113 utitur.
817 1079 911 1112 Dicit
938 1080 1049 1112 fatum

66 1129 172 1163 fuisse
196 1141 338 1162 causam
362 1131 444 1163 belli
468 1131 590 1165 civilis.

169 1179 200 1223 ἓ.
229 1181 287 1214 18.
317 1183 455 1221 Quando
483 1183 541 1215 Ιιοο
572 1184 746 1228 quisquam
778 1194 823 1215 ex
854 1183 901 1226 ie]
936 1182 1049 1224 Argu-

66 1237 247 1264 mentatur
271 1243 288 1262 a
314 1232 517 1265 testimonio
542 1232 717 1266 Caesaris:
753 1233 804 1266 Ne
838 1239 874 1266 tu
907 1233 1048 1278 quidem

66 1282 230 1315 nominas
253 1282 383 1322 scelus,
420 1285 479 1317 sed
503 1296 607 1317 vocas
633 1284 873 1317 defensionem
899 1284 1050 1327 dignita-

66 1334 110 1367 tis
136 1340 238 1373 tuae,
273 1345 352 1367 cum
385 1335 445 1367 alii
476 1335 540 1368 tibi
564 1335 618 1368 vel
644 1341 740 1368 metu
765 1335 818 1367 vel
845 1347 965 1368 errore
991 1335 1050 1367 ad-

65 1390 304 1418 versarentur.
411 1384 523 1427 Quid?
551 1392 606 1426 tu,
641 1399 740 1432 qiceem
763 1398 877 1429 Jmcem-
899 1398 969 1419 esse
992 1398 1050 1419 cu-

64 1436 194 1480 piebas]
227 1435 364 1469 Rursus
398 1448 416 1469 a
448 1437 651 1473 testimonio
685 1437 862 1471 Caesaris:
897 1436 1050 1469 Volebas

68 1499 140 1520 esse
166 1499 287 1530 pacem
315 1499 393 1520 cum
410 1487 658 1533 Pompeianis:
695 1500 779 1529 ergo
803 1500 875 1520 non
898 1488 1049 1520 ducebas

66 1539 254 1571 sceleratos
281 1550 374 1578 esse,
403 1539 486 1584 quia
510 1552 583 1572 non
609 1539 751 1572 volebas
773 1551 851 1572 cum
872 1539 1049 1572 sceleratis

66 1589 322 1633 rempublicam
346 1591 555 1632 gubernare.

165 1638 196 1683 ἓ.
225 1640 282 1674 19.
310 1642 404 1674 Miles
426 1654 520 1681 rero,
550 1642 689 1686 Caesar]
727 1640 781 1674 Ab
816 1642 974 1686 ipsorum
998 1640 1050 1673 di-

66 1691 219 1735 gnitate,
247 1690 308 1736 qui
333 1692 463 1725 servati
483 1699 576 1727 sunt.
637 1691 776 1726 Nollem
801 1704 858 1724 me
883 1698 923 1725 ut
945 1691 1050 1725 scele-

64 1749 182 1776 ratum
220 1748 399 1775 servatum
439 1755 524 1777 esse.
626 1745 855 1778 Secessionem
888 1748 923 1776 iu
956 1744 1048 1776 illum

64 1793 287 1837 eoec'siimasti]
321 1792 435 1826 Vocat
458 1794 709 1834 secessionem,
745 1800 882 1827 motum
917 1793 1047 1826 civium

65 1844 201 1890 aliquid
221 1843 397 1888 probabili
424 1856 526 1878 causa
552 1846 768 1889 petentium,
801 1857 866 1877 nec
897 1843 1048 1876 inferen-

65 1897 154 1929 tium
176 1895 327 1936 bellum,
360 1896 450 1929 sieut
475 1895 559 1929 olim
586 1896 712 1929 accidit
733 1896 769 1928 in
794 1895 987 1928 secessione
1013 1895 1046 1927 in

65 1959 203 1981 sacrum
227 1952 398 1980 montem.
451 1947 588 1980 Deinde
611 1947 786 1986 declarat,
815 1958 876 1978 cur
900 1957 1047 1978 vocave-

65 1999 112 2031 rit
134 2009 312 2031 errorem:
349 1998 443 2042 Quia
478 1998 581 2031 initio
615 1997 747 2043 aliquid
770 2003 920 2042 utraque
946 2009 1047 2030 eausa

66 2049 251 2094 probabile
272 2046 437 2082 habebat.
540 2051 642 2082 Nunc
656 2050 774 2083 melior
789 2049 893 2092 certe]
922 2048 1049 2081 Melius

66 2108 136 2141 est,
171 2107 204 2133 te
236 2112 309 2133 esse
342 2100 533 2139 victorem,
571 2099 653 2144 quia
677 2106 736 2132 tua
758 2099 905 2132 victoria
931 2099 1049 2133 minus

67 2158 119 2186 est.
137 2162 264 2191 saeva,
292 2163 399 2196 quam
422 2152 537 2184 suerat
561 2151 724 2195 Pompeii
749 2150 895 2183 victoria
919 2151 1049 2185 futura.

171 2202 257 2247 Cap.
273 2200 346 2236 Vll.
376 2201 406 2246 ἓ.
424 2203 484 2237 20.
512 2204 591 2242 Sed,
620 2207 655 2235 ut
678 2203 827 2235 omittam
849 2214 1049 2235 communem

68 2254 217 2298 causam]
246 2254 351 2287 Redit
369 2254 410 2286 ad
431 2252 670 2286 defensionem
687 2252 833 2295 Ligarii,
853 2259 885 2285 et
900 2253 1048 2296 repetita

68 2305 294 2345 narratione,
330 2311 363 2338 et
392 2304 531 2349 agitatis
563 2303 853 2342 circumstantiis,
897 2303 1050 2336 ostendit

68 2356 250 2400 Ligarium
274 2368 338 2389 nec
363 2356 562 2400 profectum
587 2367 680 2395 esse,
708 2366 771 2387 nec
794 2353 962 2388 mansisse
987 2352 1050 2388 ho—

67 2408 139 2442 stili
164 2407 296 2441 animo.
347 2407 460 2441 Simul
484 2413 601 2440 autem
625 2405 724 2439 addit
749 2405 987 2446 collationem,
1014 2405 1051 2438 in

68 2470 139 2505 qua
154 2458 308 2492 ostendit
325 2458 553 2492 Tuberonem
570 2464 604 2491 et
621 2456 806 2502 appetiisse
828 2457 1050 2501 provinciam

70 2509 192 2544 hostili
223 2509 343 2543 animo
380 2516 502 2543 contra
535 2509 742 2548 Caesarem,
787 2514 820 2540 et
857 2514 978 2552 postea
1015 2508 1052 2540 in

73 2573 176 2595 causa
204 2561 425 2604 Pompeiana
457 2558 757 2594 vehementiorem
792 2558 907 2593 fuisse.
960 2559 1052 2593 Nam

71 2613 216 2645 Tubero
241 2612 418 2656 profectus
439 2618 502 2651 est,
530 2624 608 2644 cum
633 2623 705 2643 non
731 2610 908 2654 oportuit;
931 2616 964 2643 et
980 2622 1054 2643 non

72 2669 232 2708 receptus
258 2664 294 2695 in
319 2663 497 2701 Africam,
533 2662 625 2695 venit
653 2663 687 2694 in
716 2667 848 2700 castra,
884 2661 919 2693 in
943 2659 1054 2695 Thes-

73 2715 208 2748 saliam.

119 2772 299 2802 Mrmxrn.
324 2770 430 2801 Oeen.
455 2771 539 2801 Vox..
564 2772 653 2802 XVt.

547 122 829 158 ENARRATIO
863 122 1122 161 ORATIONIS
1157 126 1404 164 CICERONIS
1439 130 1537 165 Pho
1573 132 1780 173 LlGAnlO.

2006 146 2103 182 1202

1214 212 1244 254 ξ.
1275 215 1334 251 23.
1369 218 1438 251 Sed
1468 231 1592 265 quoquo
1619 223 1712 255 modo
1743 224 1827 259 illud
1849 239 1889 260 se
1921 229 2017 264 habet
2034 230 2097 277 ⁴²²)]

1109 264 1261 299 Collatio
1297 273 1348 300 est
1380 269 1617 306 voluntatum.
1697 272 1841 309 Tubero
1873 280 2094 321 provinciam

1108 316 1251 351 Caesari
1283 319 1479 354 traditurus
1512 334 1585 355 non
1618 323 1752 366 suerat,
1795 333 1829 360 et
1859 331 2018 373 repulsus
2048 334 2093 366 ad

1106 368 1319 412 Pompeium
1352 369 1388 403 in
1424 378 1536 406 castra
1569 386 1605 407 se
1638 377 1798 411 contulit.
1861 379 1981 424 Quare
2011 395 2089 417 cum

1106 419 1260 463 repulsio
1278 419 1367 454 nibil
1385 423 1426 455 ad
1441 422 1626 457 Caesarem
1645 428 1867 470 pertinuerit,
1886 443 1959 465 non
1976 440 2092 476 potest

1104 469 1268 513 Ligarius
1309 469 1374 504 hac
1413 474 1455 506 de
1495 487 1532 507 re
1571 489 1689 510 coram
1735 480 1883 514 Caesare
1921 485 2090 520 accusari.

1104 521 1194 555 Nam
1212 521 1341 555 Cacsar
1354 535 1425 556 non
1440 532 1491 558 est
1507 526 1610 560 iudex
1626 528 1846 572 privatarum
1863 532 2089 576 iniuriarum,

1105 572 1232 617 quibus
1259 573 1469 618 Pompeiani
1495 590 1576 612 suos
1610 581 1832 622 adiecerunt,
1867 586 1926 617 scd
1962 586 2089 631 quibus

1105 623 1177 668 ipse
1205 625 1361 658 adfectus
1388 633 1449 660 est.

1207 674 1293 719 Cap.
1318 675 1407 710 Vlll.
1446 676 1474 720 ξ.
1499 678 1560 713 23.
1608 682 1706 722 Vide,
1744 686 1824 729 quid
1839 685 1884 732 ²3)
1917 688 2087 733 licentiae]

1104 724 1226 760 Multis
1243 726 1358 760 verbis
1374 728 1565 772 amplificat
1582 734 1802 774 antecedens,
1819 736 1854 769 in
1870 751 1941 782 quo
1953 732 2086 773 dictum

1104 782 1154 810 est
1179 777 1221 810 de
1248 776 1451 813 Tuberonis
1478 780 1672 817 voluntate.
1725 785 1863 821 Gradus
1899 789 1992 822 enim
2025 792 2086 824 de-

1103 827 1301 861 clarantur:
1336 829 1416 862 Non
1450 831 1651 865 tradidisset
1680 836 1898 877 provinciam
1931 840 2086 881 Caesari,

1103 877 1241 912 etiamsi
1266 877 1429 923 Ligarius
1455 888 1515 915 aut
1533 882 1648 917 Varus
1671 886 1837 922 cessisset.
1897 890 2086 925 Praeterea

1103 930 1261 963 exclusus
1288 943 1359 963 non
1385 933 1494 965 iratus
1519 941 1569 967 est
1591 934 1839 980 Pompeianis,
1873 943 1932 974 sed
1957 943 2087 976 mansit

1102 980 1139 1012 in
1156 981 1336 1025 partibus,
1365 996 1581 1029 quamqualn
1607 984 1736 1020 iniuria
1761 990 1927 1026 adfectus.
1979 992 2087 1026 Deui-

1103 1044 1171 1077 que
1197 1034 1374 1075 profectus
1398 1041 1448 1068 est
1472 1035 1506 1067 in
1536 1042 1648 1069 castra
1673 1037 1849 1084 Pompeii.

1205 1084 1290 1127 Cap.
1310 1083 1366 1118 IX.
1396 1083 1501 1128 §.26
1529 1089 1598 1120 Sed
1612 1090 1696 1129 vide,
1725 1104 1862 1136 quaeso,
1893 1095 2084 1139 Cuesarffl),

1102 1136 1340 1179 constantium]
1374 1135 1572 1181 Exaggerat
1603 1140 1835 1183 pertinaciam
1871 1143 2085 1185 Tuberonis,

1104 1187 1198 1230 quod
1229 1199 1446 1232 quamquam
1479 1188 1610 1222 iniuria
1641 1192 1817 1233 adfectus,

1103 1236 1294 1270 discesserit
1327 1251 1343 1270 a
1373 1239 1614 1283 Pompeianis.

1207 1287 1236 1331 ξ.
1259 1288 1319 1322 27.
1353 1291 1394 1322 Ιη
1426 1292 1679 1336 fllacedonitcm]
1714 1293 1840 1328 Postea
1875 1296 1974 1330 addit
2004 1310 2085 1341 pro-

1103 1339 1231 1371 fectum
1258 1352 1330 1372 esse
1354 1340 1389 1373 in
1423 1348 1534 1374 castra
1578 1344 1622 1375 ad
1646 1343 1879 1389 Pompeium,
1911 1354 1944 1381 et
1978 1348 2085 1382 inter-

1103 1390 1207 1423 suisse
1232 1390 1368 1434 proelio
1394 1389 1600 1426 Pharsalico
1617 1394 1675 1441 2⁵).

1204 1442 1289 1485 Cap.
1311 1442 1351 1475 X.
1382 1441 1411 1485 ἓ,
1436 1443 1496 1478 29.
1525 1447 1624 1478 Nunc
1649 1449 1787 1490 quaero]
1815 1446 1985 1492 Epilogus
2002 1462 2083 1483 cou-

1104 1491 1191 1525 tinet
1228 1493 1517 1533 translationem,
1560 1502 1597 1528 ut
1636 1495 1796 1531 rhetores
1837 1507 1984 1539 vocant,
2024 1514 2087 1534 seu

1103 1543 1421 1590 exceptionemffl),
1451 1552 1487 1578 ut
1504 1546 1744 1580 iurisconsulti
1758 1548 1966 1594 loquuntur.
2001 1552 2086 1585 Cae-

1103 1607 1159 1627 sar
1181 1607 1253 1627 non
1280 1602 1328 1628 est
1357 1595 1461 1628 iudex
1486 1598 1527 1629 de
1558 1598 1705 1640 privatis
1736 1599 1875 1634 iniuriis
1899 1601 2085 1646 Pompeia-

1103 1657 1231 1678 norum
1260 1645 1352 1678 inter
1373 1659 1465 1683 sesc;
1495 1654 1531 1680 tu
1557 1654 1694 1681 tantum
1721 1650 1763 1682 de
1791 1650 1928 1694 privata
1954 1653 2084 1687 iniuria

1103 1697 1280 1741 quereris,
1320 1699 1415 1741 quod
1444 1699 1601 1732 exclusus
1633 1700 1679 1734 sis
1709 1713 1726 1732 a
1758 1702 1961 1744 provincia:
2001 1716 2084 1748 ergo

1102 1745 1192 1779 nibil
1219 1746 1305 1780 baec.
1328 1761 1382 1781 res
1407 1750 1448 1781 ad
1480 1749 1663 1783 Caesarem
1691 1752 1855 1795 pertinet.
1916 1754 1982 1787 Hic
2005 1756 2084 1790 finis

1103 1805 1152 1831 est
1182 1799 1407 1833 defensionis.
1481 1800 1570 1833 Nam
1605 1799 1690 1834 haee
1720 1803 1905 1836 translatio
1936 1818 1997 1839 seu
2028 1819 2083 1839 ex-

1103 1851 1217 1893 ceptio
1247 1850 1399 1883 maxime
1431 1858 1642 1895 praegravat
1667 1852 1907 1888 Tuberonem.
2010 1859 2083 1890 Ita-

1101 1913 1161 1946 que
1189 1914 1266 1934 num
1286 1902 1348 1935 {ibi
1369 1905 1496 1943 cicleor,
1534 1905 1676 1943 Caesar,
1714 1906 1749 1937 in
1775 1918 1875 1939 causa
1899 1905 2085 1953 Liyarit'?]

1102 1952 1326 1995 Deprecatio.
1380 1953 1540 1986 Primum
1564 1954 1725 1987 transitio
1745 1962 1813 1996 est,
1842 1963 1875 1989 et
1894 1958 2084 1991 correctio:

1101 2003 1193 2036 Nolo
1217 2004 1258 2035 de
1286 2003 1359 2036 iure
1388 2005 1587 2048 disputare,
1612 2006 1673 2038 sed
1690 2006 1799 2040 fretus
1818 2013 1875 2040 tua
1902 2009 2085 2042 excellenti

1102 2054 1271 2092 bonitate,
1291 2055 1429 2087 veniam
1447 2062 1563 2099 petere
1581 2057 1689 2090 malo.
1728 2056 1771 2089 Et
1787 2056 1877 2091 banc
1896 2061 2084 2093 correctio-

1103 2118 1183 2138 nem
1220 2106 1410 2150 amplificat
1443 2107 1631 2140 collatione
1665 2108 1789 2142 iudicis
1820 2116 1853 2143 et
1881 2110 2012 2155 patris,
2048 2111 2085 2144 in

1865 1201 1984 1229 tamen
2011 1210 2084 1231 non

1136 2214 1185 2242 22]
1205 2214 1280 2238 illud
1299 2221 1328 2240 se
1347 2215 1445 2244 habet]
1470 2217 1510 2241 sic
1534 2218 1616 2241 Editt.
1646 2218 1734 2245 1553..
1762 2218 1836 2241 1554.
1865 2217 1905 2247 (In
1934 2219 1984 2244 Ed.
2011 2220 2084 2244 1568.

1171 2250 1236 2272 haec
1261 2249 1375 2277 desunt,
1402 2251 1470 2273 solis
1495 2252 1588 2275 verbis
1613 2253 1668 2277 Sed
1685 2258 1797 2283 quoquo
1815 2254 1896 2278 modo
1920 2254 1979 2278 huic
2004 2256 2086 2279 notae

1173 2283 1334 2312 praefixi=)2
1354 2284 1402 2307 Ed.
1422 2285 1508 2309 Orell.
1528 2292 1588 2310 sese
1607 2287 1681 2311 illud
1699 2287 1789 2311 habet.

1137 2334 1185 2362 23)
1203 2335 1285 2392 wilia]
1305 2333 1343 2357 sic
1363 2335 1446 2359 Editt.
1468 2336 1559 2367 15:23„
1586 2337 1658 2361 1554.
1687 2338 1713 2360 et
1741 2337 1788 2361 Ed.
1810 2336 1912 2368 Orell.;
1940 2337 1989 2361 Ed.
2010 2338 2084 2364 1568.

1171 2375 1226 2398 quo
1250 2385 1256 2391 .

1138 2419 1186 2446 24)
1206 2417 1331 2446 Caesar]
1351 2418 1391 2441 sie
1413 2419 1495 2443 Editt.
1519 2419 1610 2449 1553.,
1638 2420 1711 2444 1554.
1738 2419 1778 2451 (in
1799 2421 1847 2444 Ed.
1869 2421 1942 2445 1568.
1967 2421 2016 2446 hoc
2034 2428 2085 2447 no-

1172 2459 1233 2476 men
1252 2459 1310 2476 cum
1330 2458 1395 2476 voce
1415 2460 1471 2483 seq,
1493 2453 1602 2484 deest)z
1621 2455 1669 2478 Ed.
1690 2455 1774 2478 Orell.
1795 2455 1824 2479 C.
1845 2455 1963 2480 Caesar.

1137 2504 1185 2530 25]
1206 2504 1342 2527 Proelium
1361 2504 1546 2528 Pharsalicum
1566 2510 1592 2528 a.
1612 2511 1636 2529 u.
1657 2512 1679 2529 c.
1698 2505 1774 2530 706..
1799 2507 1839 2529 48.
1859 2512 1883 2530 a.
1897 2507 1959 2531 Chr.
1979 2508 2084 2533 descri-

1175 2540 1247 2567 ptum
1268 2541 1309 2561 est
1330 2544 1345 2561 a
1365 2539 1486 2562 (⁴aesare
1506 2540 1538 2562 de
1559 2540 1629 2563 bello
1649 2540 1722 2562 civili
1740 2540 1792 2569 111,
1811 2541 1844 2563 90
1859 2553 1881 2558 -
1894 2543 1936 2566 99.

1139 2591 1187 2617 26)
1207 2589 1245 2612 De
1265 2589 1422 2619 exceptione
1442 2589 1697 2614 iurisconsultorum
1717 2591 1787 2615 cons.
1808 2592 1990 2615 Melanthonis
2004 2594 2078 2618 Elem

1176 2624 1286 2647 Rhetor.
1307 2624 1322 2647 Ι,
1344 2624 1379 2647 l..
1401 2624 1481 2652 corp.
1502 2625 1622 2649 Reform.
1645 2625 1704 2647 Vol.
1725 2626 1798 2649 xm.
1820 2633 1843 2655 p.
1864 2627 1938 2650 445..
1959 2626 2020 2649 s'lir.
2040 2628 2085 2652 Fr.

1175 2658 1291 2681 Etvers:
1322 2658 1536 2687 Pronwtuariuui
1557 2658 1690 2688 (iujanmn
1711 2667 1734 2688 p.
1755 2659 1813 2682 22⁴3.
1840 2663 1864 2682 et
1886 2661 1916 2684 Η.
1937 2661 1982 2683 Ed.
2004 2662 2087 2684 Diri<-

1176 2698 1240 2715 aen:
1262 2693 1384 2715 simmam
1407 2693 1551 2715 latinitatis·
1572 2694 1684 2715 sevitiam
1708 2694 1775 2716 iaris·
1795 2694 1882 2716 virilis
1904 2695 2084 2719 naiman-um

1181 2735 1202 2755 p,
1224 2726 1282 2749 335⁴.

1455 2762 1500 2793 71}
