2347 3000
182 132 253 168 551

186 220 214 254 si
232 220 308 265 quis
327 218 434 250 vitani
454 227 472 248 a
492 214 568 247 Deo
585 215 704 246 datam
728 211 826 244 alteri
848 209 962 252 eripit.
1016 207 1070 239 Sic
1097 218 1169 238 ma-

187 271 351 315 gistratus
372 281 443 301 non
461 268 520 299 dat
539 265 598 297 tibi
617 265 668 296 ius
685 260 910 295 baereditatis
928 265 1095 303 paternae
1124 263 1171 288 te-

189 323 348 359 nendae,
384 320 440 352 sed
466 316 532 350 hoc
556 317 608 347 ius
634 312 835 345 immediate
861 324 878 343 a
906 311 978 342 Deo
1005 316 1074 347 est,
1109 307 1173 340 mi-

189 373 299 405 nister
318 377 434 403 autem
453 374 501 400 est
523 365 655 399 ordinis
673 363 783 396 dixini
810 362 1034 403 magistratus
1063 359 1097 391 in
1124 359 1175 391 iu-

191 423 308 462 diciis,
335 428 366 454 et
388 422 420 452 in
441 430 574 462 poena,
608 415 635 447 si
661 415 739 459 quis
764 413 847 446 velit
873 413 933 444 tibi
957 412 1092 456 eripere
1117 422 1176 453 pa-

191 481 327 507 ternam
349 469 613 503 haereditatem.

295 520 513 563 Longissime
545 517 711 549 differunt
745 513 850 552 llaec,
890 512 1018 546 liabere
1045 511 1096 543 ius
1120 522 1178 542 seu

194 573 414 610 dominium,
454 576 487 602 et
518 566 647 601 hahere
675 567 894 598 defensorem
922 563 1179 605 magistratum.

196 627 251 658 Sic
283 625 317 656 in
349 621 513 655 omnibus
543 617 781 651 contractibus
808 616 859 648 ius
885 628 902 647 a
929 616 1004 647 Deo
1033 612 1182 645 traditur

198 678 291 709 iuxta
317 678 560 718 praeceptum:
596 670 677 703 Non
702 670 834 701 furtum
860 666 982 704 facies,
1008 664 1090 696 item
1110 674 1182 694 non

195 727 300 760 facias
318 722 606 768 inaequalitatem
625 720 659 751 in
677 719 839 757 emendo,
867 716 1070 753 xendendo,
1098 726 1184 757 pon-

471 774 538 805 Sed
563 771 787 813 magistratus
812 775 862 802 est
883 768 1043 801 minister
1060 764 1125 797 Dei
1143 765 1186 796 ad

200 827 441 861 executionem
463 824 562 857 istius
581 822 677 855 iuris.

197 778 338 810 dei-ibus
354 781 416 808 etc.

410 910 629 955 Quartum
660 919 677 938 ἕὶ
689 918 705 938 Γ
716 919 734 949 g
746 918 765 937 tl
779 918 810 937 tn
823 917 839 936 C
851 916 871 936 11
885 910 978 937 [ltili.

251 979 457 1013 Amicorum
476 976 594 1009 omnia
613 980 693 1007 sunt
711 972 926 1005 communia.

254 1032 388 1064 Omnes
410 1028 495 1060 boni
511 1033 592 1060 sunt
609 1025 711 1058 amici
729 1025 821 1056 inter
835 1036 882 1056 se.

254 1082 349 1123 Ergo
366 1081 543 1112 bonorum
562 1078 652 1109 inter
668 1090 702 1109 sc
719 1075 838 1107 omnia
858 1079 935 1106 sunt
957 1069 1172 1103 communia.

308 1131 521 1175 Respondeo
547 1130 588 1160 ad
613 1127 803 1159 maiorem:
836 1124 1043 1156 Amicorum
1072 1119 1192 1152 omnia

205 1190 286 1217 sunt
304 1181 526 1219 communia,
553 1179 682 1212 scilicet
703 1177 850 1213 virtute,
879 1186 950 1206 non
977 1171 1192 1214 obligatione

205 1247 265 1268 seu
292 1234 366 1266 iure.
391 1232 496 1264 cixili.
551 1230 638 1262 Cum
665 1234 782 1260 autem
808 1225 936 1258 dicitur
960 1224 1108 1261 virtute,
1142 1220 1194 1252 in-

208 1285 375 1327 telligitur
408 1281 608 1314 voluntaria
641 1276 915 1311 communicatio
949 1287 1068 1307 rerum
1100 1284 1194 1304 com-

206 1333 496 1373 municabilium,
546 1344 624 1364 cum
662 1329 766 1363 liabet
795 1326 1016 1372 probabilem
1054 1335 1194 1356 causam

207 1400 267 1420 seu
285 1386 388 1419 officii
407 1384 603 1421 rationem,
631 1382 706 1415 sine
724 1378 918 1413 mutatione
942 1376 1078 1421 politici
1102 1373 1196 1406 ordi-

207 1438 274 1477 nis,
297 1444 332 1470 ut
356 1435 480 1479 hospes
492 1433 637 1467 Davidis
654 1433 689 1464 in
706 1427 1067 1471 exilioGaladitesffl‘),
1097 1438 1196 1469 prae—

208 1487 453 1521 bebatDavidi
468 1492 501 1518 et
519 1485 592 1518 cius
611 1483 732 1516 amicis
749 1480 915 1524 hospitia,
937 1485 970 1511 et
986 1478 1053 1511 alia
1073 1477 1197 1514 multa,

212 1552 285 1573 non
308 1538 425 1571 debita
451 1536 544 1569 civili
579 1534 793 1578 obligatione
826 1538 859 1564 et
892 1531 966 1564 sine
1000 1527 1196 1562 mutatione

213 1590 348 1635 politici
373 1588 521 1621 ordinis.
592 1586 663 1619 Nec
688 1584 804 1617 David
828 1581 1025 1615 excutiebat
1051 1591 1129 1612 eum
1158 1590 1198 1609 ex

213 1641 393 1679 dominio,
428 1646 461 1671 et
485 1637 612 1681 hospes
637 1634 835 1668 x‘oluntaria
864 1630 1198 1667 communicatione,

213 1693 249 1725 id
268 1699 338 1731 est,
365 1691 493 1722 virtute
510 1689 628 1727 dabat,
656 1687 745 1720 sicut
761 1697 828 1717 vox
846 1683 964 1716 divina
985 1683 1087 1714 docet
1103 1685 1198 1711 certo

214 1751 373 1787 tempore
402 1739 567 1784 opitulari
590 1739 664 1771 sine
686 1735 882 1770 mutatione
902 1733 1035 1766 ordinis
1054 1730 1200 1775 politici,

214 1802 253 1828 ut
278 1794 406 1827 dicitnr
429 1792 552 1837 (Prov.
568 1788 602 1828 5,
632 1789 724 1833 16.):
765 1786 895 1818 Fontes
920 1784 971 1817 tui
996 1783 1200 1816 deriventur

216 1848 330 1883 foras,
359 1850 391 1876 et
416 1849 453 1876 tu
479 1841 645 1875 (lominus
670 1850 791 1872 eorum
812 1841 968 1869 maneto.
1019 1834 1081 1867 Est
1107 1831 1199 1864 enim

218 1897 329 1929 virtus
365 1894 441 1927 voci
476 1892 617 1926 divinae
652 1897 744 1923 recte
782 1887 977 1920 intellectae
1022 1884 1200 1917 volentem

218 1947 372 1981 obedire.

421 2029 634 2074 Quintum
673 2030 996 2070 argumentum.

269 2100 309 2134 In
324 2098 419 2132 Actis
434 2096 687 2140 Apostolorum
715 2093 766 2139 (4,
783 2093 842 2127 32.
858 2091 917 2124 34.
935 2088 1011 2134 35.)
1034 2088 1203 2131 scriptum

324 2157 392 2189 est,
420 2146 640 2182 Christianos
658 2144 844 2178 contulisse
860 2142 1040 2175 facultates
1058 2140 1093 2171 in
1111 2150 1205 2170 com-

323 2213 443 2234 Inlllle.

272 2253 366 2295 Ergo
401 2249 635 2293 Evangelium
670 2246 761 2279 tollit
792 2243 1053 2279 distinctionem
1093 2239 1206 2272 domi-

323 2304 478 2335 niorum.

323 2353 534 2398 Respondeo
561 2352 602 2383 ad
632 2349 857 2382 antecedens:
899 2344 1128 2379 hnlicanxlum
1157 2348 1206 2375 est

222 2405 373 2448 legibus,
400 2416 473 2436 non
491 2402 668 2446 exemplis.

225 2457 375 2489 ctionem
411 2454 675 2491 dominiorum,

721 2399 793 2432 Lex
810 2398 928 2431 divina
954 2395 1069 2429 sanxit
1085 2393 1206 2427 (listin-

724 2451 805 2485 Non
841 2450 974 2482 furtum
1002 2445 1106 2479 facies
1142 2450 1206 2477 etc.

225 2509 296 2542 Nec
322 2506 436 2538 abolet
463 2504 694 2548 Evangelium
728 2501 871 2546 politica
903 2506 936 2532 et
968 2494 1206 2531 oeconomica.

224 2557 432 2601 Exemplum
452 2568 534 2588 vero
551 2554 804 2600 Apostolorum
823 2563 895 2584 non
914 2556 964 2584 est
987 2549 1041 2582 lex
1065 2546 1206 2581 univer-

260 2694 309 2719 30)
328 2689 470 2715 Barsiltai.
490 2687 640 2711 Gileadttes
660 2693 691 2708 ex
711 2687 776 2709 urbe
795 2683 934 2714 Rogelini,
966 2681 1018 2704 vid.
1038 2681 1062 2706 2.
1077 2680 1146 2704 Sani.
1165 2679 1204 2705 17,

291 2725 414 2752 27—-29.
445 2724 484 2750 10,
503 2722 532 2745 31
549 2728 606 2750 sqq.

753 125 874 160 PHIL.
910 122 1021 157 MEL.
1057 118 1261 154 SCRIPTA
1294 113 1630 151 PHILOLOGlCA.

2122 110 2196 148 552

1223 204 1323 243 salis,
1349 204 1409 236 sed
1426 208 1501 235 erat
1516 207 1724 243 strategema
1743 198 1802 231 illo
1823 204 1981 241 tempore
1996 196 2099 237 utile,
2126 199 2206 243 quia

1224 255 1405 288 facultates
1431 252 1654 285 credentibus
1681 249 1935 294 eripiebantur.
1994 247 2081 281 Erat
2107 248 2212 291 igitur

1227 305 1344 339 utilius
1375 316 1432 337 eas
1462 304 1626 336 vendere.
1693 301 1738 334 Et
1762 301 1856 346 quod
1878 299 2036 332 Ananias
2061 311 2079 331 a
2106 299 2213 332 Petro

1230 353 1510 398 int‹·1·t'1‹·inu·³¹)‚
1538 353 1684 397 punitur
1699 358 1845 395 propter
1869 350 2114 389 iiieinlaciuni,
2141 362 2215 383 non

1229 413 1418 452 propterea
1444 405 1540 449 quod
1558 403 1741 436 facultates
1758 414 1831 435 non
1850 401 2052 435 contulisset
2068 401 2103 433 in
2122 413 2217 433 eom-

1232 470 1350 491 11111110.

1462 537 1642 570 Sextum
1671 542 1994 579 argumentum.

1286 611 1320 644 2,
1342 603 1503 639 Corinth.
1523 605 1557 644 8,
1585 604 1661 649 (14.
1680 602 1754 649 15.)
1769 604 1900 637 Paulus
1924 603 2056 649 inquit:
2092 603 2140 636 Ut
2161 604 2221 636 fiat

1340 657 1546 701 aequalitas,
1560 656 1648 689 sicut
1664 656 1832 698 scriptum
1852 661 1899 688 est
1921 654 2048 699 (Exod.
2060 654 2118 693 16,
2131 655 2221 699 18.);

1342 707 1444 752 „Qui
1465 707 1635 745 multmn,
1663 719 1735 738 non
1759 705 1972 745 abundabit,
2000 711 2033 738 et
2060 704 2121 750 qui
2148 716 2223 737 mo-

1340 760 1477 797 dicum,
1501 770 1574 790 non
1594 757 1710 790 minus
1728 755 1969 801 11;·l›‹=t›it''³‘-').

1289 810 1383 852 Ergo
1402 809 1538 841 tollitur
1563 808 1742 841 distinctio
1763 807 2004 841 dominiorum
2018 833 2026 847 ‚
2054 806 2081 839 si
2098 817 2225 851 aequa-

1344 861 1422 894 liter
1439 860 1519 892 lieet
1535 859 1585 892 uti
1604 860 1708 892 rebus
1727 859 1861 892 alienis.

1345 912 1556 955 l'iespondeo
1573 911 1616 942 ad
1633 911 1858 943 antecedens:
1878 909 2008 942 Paulus
2024 909 2095 952 ipse
2112 915 2227 942 osten-

1243 963 1295 996 dit
1319 976 1354 996 se
1380 975 1453 994 non
1482 968 1619 994 mutare
1653 961 1813 995 ordinem
1844 960 2045 1004 politicum,
2088 961 2147 993 sed
2178 959 2228 992 lo-

1245 1015 1304 1060 qui
1324 1015 1365 1046 de
1384 1012 1583 1045 voluntaria
1604 1012 1945 1050 communicatione,
1981 1023 2070 1055 quae
2096 1012 2134 1043 sit
2159 1010 2228 1042 vir-

1246 1072 1317 1099 tute
1341 1064 1472 1097 scilicet
1497 1063 1738 1095 beneficentia.
1799 1062 1970 1106 Expressit
1995 1061 2088 1093 enim
2114 1061 2230 1106 inquit

1247 1120 1297 1161 (2.
1317 1116 1398 1148 Cor.
1417 1115 1450 1153 8,
1478 1113 1547 1158 8.);
1593 1113 1674 1146 Bon
1709 1113 1809 1157 quasi
1844 1113 2022 1156 imperans
2053 1112 2150 1151 dico,
2192 1118 2231 1144 ut

1246 1165 1487 1210 unus‹1uis‹pie
1508 1164 1578 1208 ipse
1598 1163 1691 1205 eligit
1711 1164 1745 1196 in
1772 1165 1877 1197 corde
1903 1176 1986 1203 sno,
2015 1162 2049 1194 id
2075 1169 2144 1202 est,
2171 1175 2232 1195 vo-

1247 1219 1340 1257 lens,
1368 1228 1440 1248 non
1457 1228 1497 1247 ex
1514 1214 1706 1247 coactione.

1348 1267 1468 1300 Addas
1490 1272 1524 1298 et
1548 1266 1590 1298 de
1616 1265 1849 1310 aequalitate,
1876 1264 2007 1298 Paulus
2028 1276 2101 1297 non
2118 1265 2232 1310 loqui-

1249 1327 1306 1352 tur
1323 1319 1364 1351 de
1383 1317 1594 1363 aequalitate
1610 1316 1858 1360 possessionis,
1885 1317 1944 1349 sed
1962 1317 2004 1348 de
2021 1316 2233 1361 aequalitate

1249 1369 1557 1407 distributiomim,
1582 1374 1616 1400 et
1640 1367 1783 1412 quidem
1810 1379 1882 1399 non
1907 1364 2127 1400 arithmetica
2153 1379 2234 1411 pro-

1250 1421 1433 1466 portione,
1461 1419 1496 1451 id
1521 1425 1590 1458 est,
1623 1431 1697 1451 non
1721 1425 1760 1452 ut
1786 1419 1908 1451 eodem
1933 1430 2082 1450 numero
2107 1417 2235 1462 singuli

1251 1473 1451 1510 conserant,
1484 1476 1523 1503 ut
1546 1470 1573 1503 si
1589 1469 1818 1515 Fuccarustssss)
1838 1470 1896 1501 det
1925 1469 1996 1503 100
2019 1481 2164 1510 aureos,
2192 1468 2236 1502 si-

1251 1524 1383 1556 militer
1410 1521 1623 1565 paupercula
1648 1521 1752 1554 vidua
1777 1521 1835 1553 det
1865 1522 1936 1555 100
1959 1533 2095 1554 aureos.
2167 1520 2234 1555 Sed

1252 1573 1485 1619 proportione
1522 1572 1735 1616 geometrica
1774 1572 1936 1605 videlicet
1969 1572 2005 1604 in
2037 1583 2163 1615 genere
2198 1577 2236 1604 ut

1252 1626 1403 1658 multum
1426 1622 1579 1662 habens,
1608 1623 1758 1656 multum
1780 1624 1839 1656 det
1860 1623 2093 1668 pauperibus,
2118 1622 2236 1655 minus

1252 1674 1385 1709 liabens
1402 1686 1513 1718 pauca
1532 1675 1600 1706 det.

1354 1726 1426 1760 lNec
1443 1725 1506 1757 erit
1525 1724 1734 1757 inconcinna
1757 1725 2038 1757 accommodatio
2063 1724 2166 1757 etiam
2193 1725 2235 1756 de

1254 1776 1548 1821 possessionibus,
1576 1773 1729 1808 babeant
1747 1776 1940 1820 principes,
1968 1782 2139 1821 quantum
2157 1775 2238 1819 ipsis

1254 1827 1383 1861 habere
1408 1826 1593 1865 convenit,
1634 1827 1760 1858 deinde
1784 1827 1842 1859 alii
1867 1828 2028 1868 ordines,
2063 1834 2235 1873 quantum

1256 1880 1380 1924 cuique
1397 1890 1459 1911 suo
1476 1878 1552 1909 loco
1571 1875 1700 1910 babere
1721 1878 1897 1911 convenit.

1356 1930 1502 1963 Discant
1524 1934 1641 1961 autem
1664 1926 1731 1961 hoc
1751 1929 1830 1961 loco
1852 1929 2008 1963 iuniores
2035 1928 2237 1963 discrimina

1257 1980 1547 2025 appellationum.
1615 1979 1808 2023 Proportio
1841 1978 2061 2014 arithmetica
2087 1986 2138 2014 est
2159 1992 2237 2013 cum

1258 2033 1416 2077 pluribus
1432 2030 1591 2064 terminis
1606 2030 1729 2074 positis
1740 2058 1749 2071 ,
1776 2031 1995 2065 differentiae
2011 2038 2092 2065 sunt
2106 2030 2239 2075 simpli—

1258 2084 1343 2117 citer
1361 2082 1544 2128 aequales,
1572 2088 1610 2115 ut
1632 2082 1665 2116 3.
1683 2079 1716 2116 5.
1733 2082 1766 2116 7.
1785 2081 1818 2116 9.
1842 2082 2061 2116 differentiae
2085 2088 2165 2117 sunt
2186 2082 2236 2114 bi-

1258 2148 1361 2168 narn.

1359 2184 1551 2229 Proportio
1580 2183 1791 2227 geometrica
1819 2191 1870 2218 est
1891 2197 1968 2217 cum
1994 2190 2146 2230 quatuor
2170 2190 2237 2217 ter-

1259 2237 1363 2270 minis
1379 2235 1512 2280 positis,
1536 2235 1810 2279 proportionum
1827 2235 2019 2281 aequalitas
2034 2235 2240 2275 custoditur,

1259 2289 1395 2321 etiamsi
1412 2286 1630 2320 differentiae
1647 2298 1707 2320 seu
1726 2287 1864 2319 numeri
1879 2299 1951 2319 non
1967 2293 2048 2319 sunt
2064 2286 2240 2331 aequales,

1258 2346 1297 2373 ut
1310 2337 1366 2372 hic
1383 2345 1433 2372 est
1448 2337 1645 2383 quadrupla
1663 2337 1848 2383 proportio
1860 2364 1868 2378 ‚
1895 2338 1951 2373 12.
1970 2337 2003 2372 3.
2021 2337 2054 2372 4.
2074 2338 2173 2383 1.³²).

1292 2455 1340 2482 31)
1359 2456 1418 2478 Act.
1433 2456 1458 2486 5,
1481 2456 1567 2479 1-5.

1291 2506 1339 2534 32)
1358 2513 1410 2529 non
1426 2507 1571 2530 abundabit
1591 2524 1596 2529 .
1611 2525 1615 2530 .
1632 2525 1637 2531 .
1653 2513 1705 2529 non
1720 2506 1806 2529 minus
1822 2506 1940 2535 habebit]
1961 2507 2082 2537 Uroqne
2096 2508 2154 2532 loco
2168 2508 2239 2532 scri-

1328 2542 1399 2579 pturn
1419 2543 1462 2564 est
1473 2541 1670 2566 Praeteritum,
1690 2542 1854 2569 quapropter
1869 2541 1949 2571 x'ulg.
1969 2541 2062 2566 habet:
2083 2548 2136 2566 non
2151 2543 2236 2567 abun-

1329 2575 1402 2598 davit
1422 2592 1428 2599 .
1445 2592 1450 2598 .
1469 2593 1473 2598 .
1495 2581 1549 2598 non
1569 2575 1724 2599 minoravit.

1291 2625 1338 2657 33)
1360 2626 1477 2653 Fimgori
1497 2628 1664 2649 mercatores
1678 2626 1831 2653 Augustani
1850 2626 1973 2650 ditissimi
1992 2633 2007 2650 a
2021 2627 2122 2652 Carolo
2135 2628 2169 2653 V.
2187 2627 2238 2652 im·

1327 2662 1454 2689 peratore
1475 2662 1546 2684 1530.
1567 2661 1600 2683 ad
1619 2660 1776 2691 dignitatem
1796 2661 1920 2684 comitum
1941 2662 2036 2685 evecti.

1291 2710 1337 2742 34)
1358 2711 1374 2736 i.
1389 2718 1410 2736 e.
1434 2711 1618 2736 1223=4:1.
