2347 3000
217 127 297 162 499·

320 211 482 246 Primum
504 210 610 254 igitur
627 207 807 242 sciendum
825 209 892 241 est,
919 201 1050 235 multos
1074 200 1207 234 reditus

222 276 293 298 esse
319 263 449 296 tributa
475 261 727 305 imperiorum,
763 254 928 299 imposita
950 252 1067 286 fundis
1093 251 1208 290 initio,

221 322 260 348 ut
278 315 358 346 inde
378 313 602 354 magistratus
621 308 775 342 babeant
796 304 1010 338 necessarios
1036 309 1208 347 sumptus,

226 366 273 399 sic
293 363 441 397 Athenis
460 363 660 396 Pisistratus
687 357 821 402 accepit
843 355 1046 389 vicesimam
1071 359 1208 398 partem

225 415 462 458 sructuum⁸)‚
500 414 531 444 id
558 418 627 450 est,
664 410 705 442 de
729 409 755 441 C
782 407 911 441 modiis
936 407 1104 452 quinque.
1156 403 1210 436 Io-

226 465 310 511 seph
336 466 460 498 indixit
486 463 645 508 quintam
672 458 867 504 parte1n9);
908 458 962 491 lex
988 457 1095 490 Moisi
1120 455 1210 487 ‹tm-i-

227 530 322 551 mam
335 516 397 559 ¹⁰),
426 521 459 547 et
481 512 565 547 baec
590 524 682 545 nuuc
707 512 778 543 fere
803 511 838 542 in
860 521 925 542 usu
945 509 1047 542 estin
1064 508 1211 540 Germa-

228 569 298 601 nia.
366 566 459 598 Haec
485 565 616 597 tributa
649 563 794 595 caeteris
824 561 987 604 paribus,
1026 571 1100 591 non
1131 563 1213 590 sunt.

229 617 451 655 damnanda,
481 616 562 661 quia
583 613 803 657 magistratui
822 612 969 644 debetur
986 609 1213 653 stipendium,

228 676 267 702 ut
286 669 389 700 l'xom.
412 667 469 706 13,
489 667 539 711 (ss.
557 665 608 710 7.)
631 665 759 697 dicitur
773 690 781 702 ,
817 669 850 695 et
869 662 981 694 Luem·
1000 662 1034 699 3,
1051 659 1144 706 (14.)
1159 658 1213 704 ¹¹).

227 721 272 753 Et
296 718 381 752 haec
405 730 467 751 sua
491 717 622 750 tributa
649 728 752 760 saepe
777 713 1032 751 vendiderunt,
1075 718 1108 744 et
1133 722 1215 742 veu—

228 773 317 805 dunt
333 769 490 807 domini,
524 774 585 801 aut
608 766 704 799 varie
730 766 987 799 transtulerunt
1013 769 1046 795 et
1070 762 1215 795 transse-

230 828 332 861 runt,
367 819 579 857 donatione,
615 824 675 850 aut
699 817 831 849 bellicis
856 815 1074 848 tumultibus.
1126 811 1216 845 Iuste

230 880 347 906 autem
375 876 539 904 tenentur
558 870 600 902 ab
620 869 696 902 aliis
714 868 876 906 vendita,
910 879 970 899 seu
996 864 1132 910 alioqui
1154 862 1216 895 ho-

230 930 326 958 neste
359 921 540 955 translata.
610 920 729 964 Quare
763 930 990 964 nequaquam
1025 916 1059 948 iu
1090 927 1216 958 genere

230 987 352 1008 omnes
370 972 501 1006 reditus
519 971 713 1004 damnandi
730 976 811 1003 sunt
823 996 831 1009 ,
860 975 892 1001 et
910 967 943 1001 lii
963 967 1095 1000 reditus
1117 977 1218 1010 pror-

230 1040 286 1061 sus
304 1023 393 1058 nihil
411 1025 455 1057 ad
473 1022 717 1068 quaestionem
739 1023 779 1053 de
799 1020 913 1053 usuris
930 1019 1119 1064 pertinent.

332 1075 513 1113 Secundo,
540 1073 660 1106 usitati
679 1079 760 1105 sunt
777 1077 995 1109 contractus,
1023 1080 1138 1102 emere
1157 1067 1219 1099 ali-

231 1128 316 1175 quid
335 1139 414 1160 cum
432 1131 534 1170 pacto
555 1125 596 1157 de
619 1123 867 1161 revendendo,
895 1128 928 1154 et
950 1119 1054 1153 liuius
1080 1125 1219 1152 contra—

231 1187 304 1213 ctus
320 1178 447 1222 triplex
463 1182 513 1209 est
531 1176 658 1208 forma.

332 1229 454 1262 Prima
465 1227 521 1272 ¹¹²),
551 1227 694 1271 quando
715 1224 844 1258 emitur
860 1229 973 1256 certus
992 1220 1122 1254 fundus
1140 1231 1218 1251 cum

230 1287 332 1327 pacto
365 1281 407 1312 de
435 1278 674 1310 revendendo.
742 1275 901 1309 Secunda
922 1273 965 1318 ¹3)
994 1273 1109 1304 forma
1138 1268 1221 1302 huic

230 1331 373 1371 similis,
413 1329 557 1375 quando
588 1328 718 1361 emitur
748 1332 862 1360 certus
890 1324 1023 1358 reditus
1046 1323 1083 1354 in
1108 1321 1220 1354 fundo

231 1390 339 1417 certe.

334 1432 409 1465 Hae
429 1432 565 1464 formae
591 1436 672 1462 sunt
694 1429 795 1461 valde
813 1427 963 1461 usitatae
984 1422 1131 1469 privatis
1157 1420 1221 1455 ho—

231 1485 405 1522 minibus,
440 1488 474 1515 et
496 1481 578 1514 totis
599 1480 799 1513 civitatibus
823 1485 857 1511 et
881 1476 1046 1520 collegiis.
1104 1474 1220 1507 Porro

232 1536 298 1571 bae
323 1537 413 1569 duae
434 1534 570 1566 formae
596 1538 679 1564 sunt
699 1543 802 1564 verae
818 1529 1035 1573 emptiones,
1059 1538 1142 1558 nam
1160 1537 1222 1569 pa-

233 1595 327 1621 ctum
346 1587 389 1619 de
413 1583 640 1617 revendendo
666 1594 740 1614 non
766 1581 858 1613 tollit
880 1586 1044 1612 naturam
1072 1577 1221 1621 emptio-

233 1641 298 1672 nis.
353 1637 403 1670 lta
428 1634 639 1680 pronuntiat
659 1633 730 1666 lex:
767 1632 803 1665 Si
825 1632 995 1668 fundum,
1030 1629 1158 1662 Codice
1178 1629 1220 1659 ‹le

232 1689 341 1735 pactis
360 1689 452 1720 inter
471 1692 667 1729 emptorem
684 1690 717 1717 et
734 1683 955 1716 venditorem
968 1680 1010 1726 Η)
1022 1707 1030 1720 ‚
1065 1685 1098 1712 et
1116 1680 1153 1711 in
1168 1676 1220 1711 his

232 1741 367 1774 duabus
384 1737 506 1771 formis
526 1737 647 1769 insunt
665 1734 855 1779 emptionis
877 1730 1142 1769 substantialia,
1171 1729 1221 1761 vi—

232 1792 357 1825 delicet
376 1801 486 1827 merx,
504 1787 657 1832 pretium
676 1792 709 1819 et
726 1796 936 1822 consensus,
958 1795 1041 1815 nam
1058 1793 1156 1814 merx
1171 1786 1221 1813 est

233 1844 381 1882 fundus,
410 1839 540 1873 antius
557 1838 642 1871 certi
661 1837 795 1870 reditus
819 1833 1040 1880 percipiendi
1061 1845 1103 1865 ex
1125 1838 1220 1864 certo

270 1961 301 1988 8)
321 1960 482 1983 Pisistratus
508 1959 565 1988 ipse
590 1955 718 1980 decimam
738 1955 872 1977 fructuum
895 1952 1000 1982 partem
1023 1949 1144 1979 accepit,
1168 1948 1221 1973 vid.

305 1994 418 2017 Meursii
438 1994 491 2016 Pis.
505 1994 528 2016 6.
549 1993 574 2016 7.
595 1993 637 2015 vn.
664 1991 710 2013 titii
730 1990 787 2012 eius
804 1990 910 2012 autem.
932 1985 1043 2015 Hippias
1061 1985 1088 2007 et
1104 1983 1222 2012 Hippar-

304 2030 369 2052 chus
386 2028 541 2051 vicesimam
561 2027 664 2049 tautum
684 2025 788 2053 partem
807 2022 997 2052 postularunt,
1029 2018 1084 2041 vid.
1103 2017 1222 2047 Thucyd.

303 2063 330 2089 ὃ,
349 2063 390 2087 54.
417 2062 523 2085 Boeckh
545 2060 665 2083 Staatsh.
681 2059 700 2084 1,
719 2058 778 2082 351.
802 2055 984 2080 Wachsmutli
1003 2053 1109 2077 Hellen.
1128 2052 1223 2075 Alter-

304 2097 422 2120 ttuunsk.
441 2096 465 2119 2.
480 2097 511 2118 A.
532 2095 561 2118 T.
577 2094 595 2117 1.
615 2100 639 2123 p.
652 2093 711 2116 555.
733 2093 787 2114 not.
806 2090 845 2115 17.

270 2148 301 2176 9]
322 2147 422 2170 Genes.
436 2145 478 2175 41,
498 2144 539 2168 34.

277 2200 321 2227 10]
341 2197 427 2221 licvit.
446 2196 488 2226 27,
507 2194 630 2219 30—33.
667 2194 743 2217 Num.
765 2193 806 2220 18,
825 2192 855 2216 21
872 2198 930 2221 sqq.
974 2188 1052 2213 Conf.
1076 2188 1102 2213 J.
1120 2187 1152 2211 D.
1171 2187 1224 2210 Mi-

308 2232 410 2256 chaelis
429 2230 597 2254 Mosaisches
616 2229 701 2251 Reclnt
720 2229 748 2251 T.
763 2227 811 2250 IV.
830 2227 854 2256 S.
876 2226 929 2248 192.
949 2231 974 2254 p.
988 2224 1022 2246 1³5
1038 2229 1095 2253 sqq.

275 2282 319 2312 11)
343 2281 390 2305 uic
408 2281 484 2304 locus
504 2279 612 2302 nonnisi
632 2279 663 2301 011
684 2284 776 2301 vocem
801 2275 947 2306 stipendia
971 2274 1012 2297 hie
1037 2274 1139 2296 altatus
1165 2273 1224 2299 est:

308 2323 368 2340 nam
388 2316 420 2338 (le
438 2314 571 2343 stipendio
592 2312 765 2339 inaaistratui
787 2310 918 2334 solvendo
939 2309 971 2331 ibi
992 2308 1098 2331 minime
1117 2307 1223 2330 dicitur.

277 2359 321 2385 12)
343 2358 446 2385 Prima]
472 2357 510 2379 sic
529 2356 599 2379 Edit.
619 2355 707 2381 1516,;
731 2354 801 2378 Edit.
821 2353 894 2376 1545.
914 2352 933 2376 1.

278 2402 321 2431 13)
343 2401 478 2428 set-unda]
498 2399 536 2422 sic
555 2398 626 2422 Edit.
645 2398 734 2423 lmen.
760 2397 842 2420 Editt.
860 2396 932 2418 ¹545.
952 2394 984 2418 11.

279 2444 323 2474 14)
343 2444 407 2467 Coa.
423 2442 468 2465 tv.
486 2442 527 2464 tit.
540 2442 582 2464 54.
607 2439 676 2469 legis
691 2440 715 2463 2.
742 2439 836 2469 (Corp.
857 2438 907 2460 iur.
927 2437 977 2460 civ.
998 2436 1040 2459 ed.
1059 2435 1130 2459 Beck
1150 2435 1223 2459 ¹111.

313 2478 340 2501 Ρ.
355 2478 372 2499 1.
396 2477 509 2505 11.-101.)
528 2476 612 2498 verba
632 2475 696 2497 haee
715 2476 794 2497 sunt:
822 2473 850 2496 si
869 2472 979 2494 fundum
999 2471 1126 2500 parentes
1140 2469 1177 2492 tui
1193 2475 1225 2492 ca.

309 2513 369 2539 tege
388 2511 582 2535 vendiderunt,
601 2509 646 2536 ut,
670 2508 729 2531 sive
748 2508 815 2537 ipsi,
840 2507 899 2529 sive
918 2505 1032 2528 heredes
1054 2509 1147 2527 eorum
1167 2510 1224 2526 em-

310 2546 364 2568 tori
382 2544 496 2573 pretium
515 2543 724 2573 quandocunque
744 2543 788 2566 vel
807 2543 879 2565 iutra
897 2542 973 2563 certa.
997 2540 1120 2568 tempora
1145 2538 1224 2561 obtu-

311 2580 424 2604 iissent.
443 2578 648 2603 restitueretur,
681 2579 759 2606 teque
781 2577 878 2606 parato
898 2574 1058 2597 satisfacere
1076 2571 1222 2595 conditioni

313 2614 415 2641 dictae,
437 2612 516 2634 heres
535 2611 646 2633 emtoris
665 2616 717 2633 non
738 2612 829 2640 paret,
852 2610 880 2632 ut
899 2609 1057 2631 contractus
1076 2606 1143 2629 fides
1160 2612 1221 2629 scr-

312 2651 409 2675 vetur,
439 2645 508 2668 aetio
528 2644 703 2673 praescriptis
723 2646 814 2668 verbis
832 2644 878 2666 vel
896 2649 929 2666 ex
947 2642 1057 2665 vendito
1077 2640 1125 2663 tibi
1144 2639 1222 2663 dani-

310 2684 371 2711 tur,
404 2679 493 2702 habita
516 2679 622 2701 ratione
647 2684 756 2706 eorum,
788 2684 856 2708 quae
874 2678 935 2706 post
954 2677 1071 2699 oblatam
1091 2680 1124 2697 ex
1143 2676 1221 2703 pacto

310 2715 486 2746 quantitatem
506 2719 536 2736 ex
557 2718 587 2735 eo
607 2712 688 2735 fundo
707 2714 739 2736 ad
759 2711 947 2736 adversarium
968 2710 1160 2740 pervenerunt.

483 120 683 158 SCRIPTA
709 119 784 154 PH.
810 116 922 152 MEL.
951 115 1015 149 AD
1042 112 1252 149 ETHICEN
1278 111 1342 147 ET
1368 111 1625 148 POLITICEN
1655 109 1966 149 SPECTANTIA.

2172 114 2246 150 500

1260 198 1383 232 fundo.
1432 198 1505 233 Nec
1521 199 1600 234 talis
1619 200 1752 244 emptio
1769 205 1819 233 est
1835 198 2018 238 simulata,
2047 205 2107 231 aut
2124 198 2247 243 pigno-

1261 249 1308 283 ris
1328 260 1431 282 causa
1454 250 1564 291 sacta,
1592 257 1631 284 ut
1653 251 1798 297 quidam
1823 250 1966 289 dicunt,
2002 249 2083 294 quia
2109 249 2137 282 si
2161 255 2248 283 esset

1263 301 1534 345 oppignoratio‚
1560 302 1688 335 fundus
1703 302 1835 346 periret
1852 300 2124 346 oppignoranti‚
2156 311 2250 332 nunc

1264 358 1381 385 autem
1403 352 1532 385 fundus
1554 353 1646 396 perit
1670 353 1821 397 emptori
1834 352 1888 398 ¹⁵).
1942 352 2130 384 Praeterea
2155 351 2250 396 quod

1265 403 1415 435 maxime
1438 402 1625 446 proprium
1652 409 1701 436 est
1729 404 1920 447 emptioni,
1948 402 2130 442 videlicet,
2156 400 2252 446 quod

1265 460 1404 498 emptor
1421 465 1494 485 non
1514 451 1641 485 babeat
1656 453 1708 486 ius
1734 454 1915 498 repetendi
1940 454 2092 498 pretium
2106 479 2114 492 ,
2144 452 2178 484 id
2201 451 2254 483 in-

1265 511 1316 538 est
1339 505 1375 536 in
1399 501 1452 537 his
1476 504 1611 537 duabus
1634 504 1769 537 formis.
1834 504 1953 548 Quare
1983 517 2061 537 cum
2089 504 2174 536 illud
2199 502 2253 536 ius

1267 555 1415 587 omnino
1438 554 1616 595 amiserit,
1647 566 1721 586 non
1745 561 1861 598 potest
1879 567 1950 588 esse
1970 555 2165 594 mutuatio,
2192 554 2253 588 sed

1268 612 1318 639 est
1337 618 1419 638 vera
1438 606 1583 650 emptio.
1626 605 1789 650 Denique
1806 604 1868 638 lias
1885 607 1970 638 duas
1988 607 2118 639 formas
2130 632 2138 645 ‚
2165 617 2253 650 quas

1267 656 1445 696 recensui,
1488 668 1559 690 esse
1582 669 1682 690 veras
1705 656 1921 700 emptiones,
1956 656 2179 700 perspicuum
2203 662 2254 689 est

1269 710 1388 742 dextre
1420 707 1602 741 iudicanti.
1669 708 1776 752 Quod
1803 719 1887 739 vero
1919 707 2101 740 obiicitur:
2142 707 2255 739 domi-

1269 760 1367 793 nium
1397 771 1468 792 esse
1491 759 1693 791 facultatem
1720 758 1929 802 disponendi
1954 759 1996 790 de
2024 770 2062 791 re
2085 769 2145 790 sua
2173 764 2256 796 etc.;

1271 817 1305 844 at
1334 811 1370 843 in
1403 808 1456 842 his
1487 809 1624 843 casibus
1656 816 1690 842 et
1720 809 1844 842 formis
1881 815 2021 852 emptor
2053 808 2152 842 sundi
2182 820 2256 841 non

1270 867 1385 907 potest
1407 873 1486 893 eum
1512 861 1686 899 alienare,
1728 867 1788 893 aut
1818 860 1939 899 alteri,
1981 859 2047 893 nisi
2079 860 2257 893 venditori

1271 924 1390 947 rursus
1416 913 1579 946 vendere.
1648 911 1725 944 Hoc
1748 911 1888 944 videtur
1912 923 2070 955 pugnare
2097 923 2176 944 cum
2202 923 2258 944 ra-

1272 965 1368 997 tione
1391 963 1553 996 dominii.

1373 1014 1606 1058 Responde0‚
1639 1025 1713 1045 non
1736 1019 1872 1056 pugnat
1893 1024 1971 1046 cum
1995 1018 2121 1045 natura
2145 1012 2259 1046 domi-

1271 1066 1333 1099 nii.
1385 1065 1476 1098 Nam
1494 1063 1580 1097 baec
1603 1063 1771 1107 obligatio
1797 1075 1871 1095 non
1890 1061 2074 1107 prohibet,
2100 1069 2170 1108 qu‘o
2193 1064 2260 1096 mi-

1273 1129 1337 1149 nus
1360 1121 1500 1159 emptor
1519 1113 1689 1148 efficiatur
1707 1125 1788 1147 vere
1805 1115 1983 1147 dominus.
2036 1114 2104 1153 Ut,
2129 1114 2158 1147 si
2181 1115 2260 1160 quis

1273 1179 1354 1200 vere
1372 1166 1537 1199 dominus
1559 1177 1703 1199 suarum
1726 1165 1867 1198 aedium
1888 1165 2018 1208 obliget
2034 1176 2069 1198 se
2086 1176 2143 1198 eas
2158 1166 2260 1200 aedes

1274 1220 1317 1251 ad
1337 1217 1515 1250 neminem
1540 1217 1794 1250 translaturum
1818 1228 1912 1256 esse,
1944 1216 2012 1249 nisi
2035 1217 2078 1248 ad
2103 1222 2152 1257 te,
2187 1217 2259 1250 sive

1274 1269 1467 1302 donatione
1479 1294 1488 1308 ‚
1514 1268 1586 1301 sive
1603 1267 1820 1300 venditione.

1375 1318 1407 1353 Is
1426 1319 1598 1364 tantisper
1617 1324 1737 1351 manet
1760 1329 1842 1351 vere
1868 1317 2053 1358 dominus,
2087 1323 2122 1351 et
2142 1324 2260 1352 tamen

1274 1383 1348 1404 non
1365 1377 1480 1415 potest
1496 1370 1686 1403 transferre
1703 1370 1747 1402 ad
1764 1369 1886 1402 alium.

1375 1421 1426 1455 lta
1445 1422 1529 1454 dicit
1546 1421 1813 1455 iurisconsultus
1830 1420 1982 1463 Digestis
2005 1420 2048 1453 de
2068 1420 2258 1455 verborum

1276 1473 1573 1517 obligationibus,
1599 1473 1691 1516 lege:
1720 1471 1769 1505 Ita
1789 1471 1866 1517 quis
1877 1471 1922 1517 16)
1940 1470 2022 1517 §.¹7)
2049 1470 2101 1504 Ea
2116 1472 2191 1516 lege
2202 1472 2258 1518 ¹⁸),

1275 1524 1336 1557 ubi
1359 1524 1562 1569 dicitur¹⁹),
1607 1536 1748 1557 servum
1775 1524 1946 1556 donatum
1971 1535 2043 1556 esse
2069 1534 2109 1556 ea
2139 1524 2260 1556 condi-

1275 1576 1392 1615 tione,
1427 1588 1470 1608 ne
1494 1577 1538 1608 ad
1559 1575 1668 1607 alium
1692 1575 1959 1613 transferretur,
1991 1580 2025 1606 et
2049 1580 2166 1607 tamen
2191 1576 2260 1615 ille,

1275 1627 1330 1659 cui
1347 1627 1498 1660 donatus
1515 1633 1591 1659 erat
1606 1638 1746 1665 servus,
1773 1637 1854 1658 vere
1879 1626 1953 1658 eius
1976 1625 2069 1658 servi
2092 1626 2258 1660 dominus

1275 1678 1390 1710 siebat.

1377 1727 1498 1760 Tertia
1508 1727 1553 1773 ²⁰)
1580 1728 1694 1760 forma
1718 1725 1822 1760 huius
1846 1733 2046 1759 contractus
2069 1733 2138 1767 est,
2180 1739 2259 1761 cum

1276 1778 1407 1812 reditus
1426 1790 1499 1816 non
1516 1778 1742 1811 constituitur
1760 1779 1794 1811 in
1812 1790 1884 1811 uno
1902 1779 2022 1823 aliquo
2042 1779 2173 1819 fundo,
2198 1779 2259 1813 sed

1275 1831 1311 1862 in
1331 1830 1434 1863 bonis
1450 1830 1623 1863 universis
1642 1830 1789 1863 alicuius
1806 1829 1926 1868 fundi,
1955 1835 2013 1869 ut,
2041 1841 2119 1862 cum
2139 1842 2260 1863 emun-

1275 1888 1332 1914 tur
1361 1881 1495 1914 reditus
1529 1881 1711 1914 constituti
1734 1881 1769 1913 in
1798 1880 1962 1914 omnibus
1985 1880 2088 1914 bonis
2113 1881 2259 1916 alicuius

1275 1932 1499 1976 reipublicae.
1557 1932 1610 1964 De
1632 1930 1697 1964 hac
1720 1932 1834 1964 fornia
1859 1932 2042 1976 disputant
2065 1933 2194 1966 eruditi
2219 1933 2260 1966 ti-

1275 1983 1425 2023 midius,
1453 1994 1499 2016 an
1522 1983 1566 2016 sit
1583 1996 1666 2016 vera
1684 1989 1718 2016 et
1732 1983 1823 2017 iusta
1839 1983 1991 2027 emptio,
2018 1984 2079 2017 sed
2100 1983 2170 2024 illi,
2199 1983 2259 2029 qui

1312 2105 1356 2136 15)
1377 2104 1507 2136 emptori]
1528 2104 1567 2129 sic
1586 2107 1661 2129 recte.
1678 2105 1750 2130 Edit.
1772 2106 1862 2136 1546.;
1881 2105 1952 2129 Edit.
1968 2105 2039 2129 ¹545.
2061 2107 2173 2136 emptor.

1313 2158 1357 2189 16)
1379 2159 1417 2181 tta.
1437 2158 1512 2188 quis]
1531 2157 1571 2181 sic
1589 2158 1673 2182 Editt.
1699 2158 1847 2181 secundum
1865 2158 2016 2181 Editionem
2035 2157 2114 2187 Corp.
2132 2157 2182 2181 iur.
2202 2159 2259 2182 Ha-

1346 2193 1466 2217 leuseni,
1486 2193 1512 2215 iu
1534 2198 1586 2221 qua
1606 2193 1650 2215 lex
1669 2193 1701 2216 ab
1719 2193 1760 2215 liis
1779 2192 1870 2215 verbis
1889 2193 1997 2222 inripit;
2022 2192 2089 2215 Edit.
2106 2192 2257 2216 8001111113-

1346 2228 1403 2250 bet:
1425 2227 1453 2250 si
1473 2226 1510 2250 ita
1529 2227 1598 2256 quis.

1314 2279 1359 2307 17]
1378 2279 1419 2307 §.J
1440 2279 1480 2302 sic
1499 2279 1573 2302 recte
1591 2277 1662 2301 Edit.
1680 2277 1768 2307 15⁴6.;
1792 2277 1818 2300 in
1838 2277 1908 2300 Edit.
1928 2276 2000 2300 1545.
2019 2276 2105 2302 deest.

1313 2329 1357 2353 18)
1377 2329 1436 2357 Dig,
1452 2328 1537 2352 XLV.
1557 2328 1598 2351 tit.
1613 2329 1634 2351 1.
1655 2328 1707 2358 teg.
1726 2328 1782 2351 135.
1803 2328 1827 2355 S.
1840 2328 1863 2351 3.
1885 2326 1980 2357 (corp.
2000 2326 2048 2349 iur.
2069 2327 2119 2350 civ.
2132 2327 2172 2352 ed.
2187 2328 2256 2353 Beck

1348 2364 1376 2386 T.
1393 2364 1409 2386 1.
1431 2364 1459 2388 P.
1476 2363 1506 2386 u.
1532 2370 1547 2392 p
1567 2361 1657 2392 2⁵⁴3.):
1690 2363 1730 2385 Ea
1755 2363 1815 2391 lege
1841 2362 1966 2384 donatum
1992 2361 2041 2383 sibi
2067 2368 2130 2384 esse
2154 2368 2170 2386 a
2195 2364 2258 2387 seia

1345 2404 1455 2420 servum
1474 2398 1501 2419 et
1520 2398 1663 2427 traditum,
1689 2398 1718 2419 ut
1744 2403 1777 2419 ne
1802 2396 1835 2418 ad
1859 2396 1972 2418 fratrem
1996 2395 2070 2425 cius,
2094 2397 2142 2419 aut
2163 2397 2255 2427 fitium,

1344 2434 1391 2455 aut
1407 2437 1533 2459 uxorein,
1552 2433 1599 2454 aut
1617 2436 1725 2454 socrum
1745 2429 1918 2459 perveniret.
1937 2430 2064 2458 scripsit:
2091 2432 2117 2453 et
2137 2431 2201 2455 haec
2219 2432 2256 2455 ita

1346 2466 1493 2495 stiputante
1507 2466 1585 2493 seia,
1605 2465 1749 2494 spopondit
1766 2464 1866 2489 Titius,
1883 2463 1926 2492 qui
1945 2466 2007 2492 post
2026 2464 2157 2488 biennium
2176 2466 2255 2489 here-

1346 2501 1394 2523 des
1414 2500 1522 2529 reliquit
1541 2500 1630 2522 Seiam
1649 2501 1676 2521 et
1695 2499 1822 2527 fratrem,
1856 2498 1898 2520 cui
1918 2504 1951 2520 ne.
1970 2499 2106 2528 serviret,
2140 2506 2255 2529 expres-

1345 2541 1404 2558 sum
1418 2536 1486 2558 erat.
1523 2533 1684 2563 Quaeritur:
1710 2538 1745 2556 an
1764 2532 1826 2556 seia
1845 2537 1903 2554 rum
1923 2532 2010 2555 fratre
2029 2535 2055 2555 ct
2073 2533 2204 2557 coherede
2222 2540 2254 2557 ex

1343 2569 1474 2598 stipulatu
1487 2574 1571 2599 agere
1584 2564 1690 2598 possit?
1724 2566 1889 2596 Respondit:
1916 2572 1998 2596 posse
2014 2567 2040 2590 in
2053 2567 2095 2598 id,
2115 2568 2184 2598 quod
2197 2568 2254 2591 eiu·

1343 2603 1499 2626 interesset.

1309 2655 1354 2681 19)
1374 2654 1486 2683 dicitur]
1505 2653 1545 2677 sic
1564 2652 1635 2676 Edit.
1653 2652 1742 2683 ¹546.;
1767 2652 1838 2676 Edit.
1855 2653 1927 2677 1545.
1947 2652 2018 2677 dicit.

1306 2705 1355 2733 20)
1375 2703 1483 2732 'rei-tia]
1501 2703 1540 2726 sic
1558 2702 1629 2725 Edit.
1645 2702 1735 2731 15164
1766 2702 1836 2726 Edit.
1854 2702 1927 2726 15⁴5.
1946 2702 1991 2726 111.
