2347 3000
50 145 127 184 285

52 231 128 273 nis,
157 245 263 279 quem
286 232 475 278 praecipue
499 237 641 276 oportet
663 231 796 276 expeti,
829 244 892 265 nee
913 239 1034 266 contra

55 296 135 318 eum
154 285 345 330 quicquain
363 284 438 327 agi,
475 289 509 316 et
526 296 583 317 eas
599 283 755 317 actiones
771 284 918 328 suscipi,
948 297 1037 330 quae

55 336 101 368 ad
119 335 218 369 illum
235 336 341 368 finem
359 335 548 380 quadrant.
600 333 695 367 Haec
715 347 794 369 eum
814 335 862 368 ita
880 348 1037 369 commu-

53 386 146 419 niter
162 387 346 427 dicuntur,
373 386 589 420 subobscura
614 392 707 420 sunt.
759 385 828 419 Sed
853 399 930 420 cum
958 399 1037 419 cau—

53 449 111 471 sae
137 437 414 482 investigantur,
455 444 490 470 et
521 437 720 471 communis
742 437 815 470 vita
839 437 1036 483 inspicitur,

55 494 89 521 et
110 489 267 533 exempla
285 489 483 529 adduntur,
511 488 645 534 aliquid
664 488 750 522 lucis
769 490 912 524 accedit.
963 488 1037 521 Me-

53 539 131 572 dico
163 539 242 573 finis
275 546 327 574 est
353 540 484 574 sanitas
514 538 663 573 humani
693 540 863 583 corporis.
935 539 1037 572 Hunc

53 590 159 623 finem
186 591 375 635 praecipue
400 591 549 635 expetit,
591 596 625 623 et
648 591 794 623 molitur
821 602 882 630 ea,
910 590 1038 635 quibus

52 641 253 676 defenditur
271 649 332 675 aut
346 642 541 676 restituitur
555 641 697 674 sanitas.
733 639 784 673 Ita
800 640 945 675 ultimus
960 653 1038 685 gra-

53 692 118 726 dus
137 693 317 726 bonorum
343 706 404 726 seu
425 693 503 725 finis
526 703 664 735 semper
690 692 727 723 in
750 698 939 736 conspectu
965 705 1036 726 esse

53 743 175 784 debet,
207 750 246 777 ut
270 744 414 777 consilia
439 749 473 776 et
497 742 652 776 actiones
674 742 856 786 gubernet.
909 743 1035 777 Postea

53 806 138 827 vero
160 796 202 827 de
224 796 292 828 fine
317 792 471 826 hominis
495 793 707 826 nominatim
732 793 887 835 dicetur,
932 808 1036 840 quem

54 844 258 879 Aristoteles
291 844 472 877 constituit
498 856 570 878 esse
601 844 878 887 beatitudinem,
929 859 1037 892 quam

55 896 306 941 interpretatur
320 895 496 928 actionem
517 895 667 930 virtutis.
726 895 800 929 Lex
817 897 934 930 divina
954 910 1038 930 con-

55 948 166 982 stituit
189 947 313 985 finem,
348 958 537 991 agnoscere
562 946 698 987 Deum,
727 953 761 980 et
786 948 929 982 obedire
946 948 1037 989 Deo,

54 1004 92 1031 ut
106 1009 169 1030 suo
186 997 263 1030 loco
283 997 430 1031 dicetur.
490 997 536 1030 Hi
552 998 638 1031 fines
657 1004 739 1031 sunt
754 1005 888 1040 metae,
915 1012 934 1032 a
960 1000 1037 1045 qui-

50 1047 115 1081 bus
132 1061 204 1081 non
222 1049 471 1082 discedendum
490 1054 541 1082 est
559 1048 596 1082 in
611 1049 829 1091 actionibus,
864 1057 897 1084 et
914 1063 954 1084 ex
972 1050 1038 1084 hac

51 1100 172 1142 regula
196 1099 365 1133 iudicium
396 1100 547 1134 sumitur
578 1101 620 1133 de
650 1100 858 1136 actionibus.
927 1102 1036 1135 Recte

51 1150 134 1184 fecit
149 1150 366 1196 Regulus4),
397 1152 493 1196 quod
519 1152 563 1184 ad
588 1152 800 1196 supplicium
823 1152 939 1186 redire
963 1166 1037 1186 ma-

50 1201 135 1243 luit,
164 1214 270 1247 quam
294 1203 414 1235 datam
437 1203 541 1235 fidem
564 1203 697 1237 fallere.
757 1204 865 1237 Recte
888 1205 969 1238 fecit
984 1204 1037 1238 Io-

50 1251 156 1298 seph,
184 1254 279 1298 quod
298 1253 495 1297 perieulum
516 1254 632 1286 famae
658 1260 692 1287 et
717 1255 810 1288 vitae
837 1255 935 1289 adire
962 1269 1037 1289 ma-

51 1305 135 1346 luit,
162 1315 270 1348 quam
287 1304 500 1338 adulterium
518 1304 750 1339 committere.

152 1354 247 1388 Haec
274 1355 415 1399 copiose
448 1355 571 1390 disseri
600 1362 768 1400 possunt,
810 1363 844 1389 ct
868 1369 972 1402 saepe
996 1370 1037 1390 ex

48 1404 118 1439 hoc
140 1406 237 1439 sonte
262 1406 413 1439 sumitur
433 1406 616 1450 splendida
634 1406 760 1440 oratio.
814 1406 924 1451 Igitur
940 1409 1037 1442 locus

52 1458 293 1491 observandus
325 1463 393 1497 est,
434 1457 495 1502 qui
517 1455 573 1490 hic
596 1457 752 1490 breviter
779 1463 813 1490 et
834 1459 928 1492 nude
954 1472 1037 1503 pro-

50 1508 208 1553 ponitur.
268 1507 335 1540 Sed
359 1511 438 1541 euin
463 1508 660 1542 illustratur
683 1508 864 1550 oratione,
895 1511 934 1543 fit
955 1523 1037 1543 con-

49 1559 213 1604 spectior.
265 1557 374 1603 ldque
390 1559 481 1592 infra
505 1560 584 1600 fiet,
612 1560 674 1593 ubi
699 1561 925 1595 monebimus
950 1562 1036 1607 quid

48 1610 187 1644 intersit
202 1610 502 1645 interAristotelis
518 1611 623 1651 dicta,
649 1617 683 1644 et
702 1612 888 1646 coelestem
905 1614 1036 1646 doctri-

48 1673 132 1695 nam
155 1662 198 1694 de
221 1660 289 1693 fine
312 1659 480 1696 hominis.
538 1662 765 1697 Monebimus
790 1663 875 1696 item
898 1664 1035 1709 singula

47 1718 256 1758 praecepta,
289 1718 388 1746 eruta
412 1712 734 1755 demonstratione,
762 1726 834 1748 esse
856 1715 949 1760 leges
973 1729 1036 1749 na-

50 1771 150 1799 turae
167 1769 200 1796 et
220 1762 370 1798 divinas.

151 1815 334 1854 Secundo,
378 1815 474 1860 quod
502 1812 560 1847 hic
588 1815 638 1848 ait
659 1814 884 1850 Aristoteles:
926 1818 1034 1851 finem

48 1864 204 1900 hominis
238 1864 414 1909 pertinere
441 1866 485 1898 ad
508 1865 690 1910 politicam
715 1868 934 1909 doctrinam,
974 1882 1035 1903 seu

49 1916 260 1962 sapientiam
284 1916 487 1961 politicam:
529 1915 666 1961 phrasis
699 1924 750 1951 est
781 1931 821 1951 ex
846 1919 1034 1967 Platone⁵)

48 1975 209 2013 sumpta,
246 1979 310 2000 nec
334 1967 551 2010 intelligatur
574 1968 718 2013 politica
741 1975 881 2003 tantum
906 1972 948 2004 de
975 1973 1035 2004 ad-

48 2018 311 2053 ministratione
334 2018 625 2062 magistratuum,
660 2019 750 2053 sicut
773 2021 863 2053 infra
888 2023 1033 2057 nomine

46 2072 196 2115 politices
225 2069 336 2103 utitur
359 2069 565 2103 Aristoteles
596 2071 633 2103 in
666 2071 764 2105 libris
787 2072 1034 2109 Politicorum.

49 2122 116 2155 Hie
139 2132 224 2154 vero
249 2132 349 2153 more
364 2120 524 2154 Platonis
547 2121 727 2167 loquitur,
758 2123 819 2168 qui
844 2123 880 2156 in
906 2136 1033 2168 genere

49 2173 231 2218 politicam
251 2177 354 2205 vocat
377 2183 603 2205 communem
623 2174 800 2218 quandam
820 2174 1033 2218 doctrinam,

51 2236 141 2270 quae
173 2223 308 2268 alioqui
341 2229 489 2256 vocatur
517 2224 673 2267 generali
697 2224 843 2258 nomine
868 2230 1033 2270 practica,

52 2287 141 2321 quae
163 2274 325 2307 videlicet
347 2274 452 2306 efficit
475 2272 642 2307 honestos
664 2275 776 2316 viros,
803 2277 918 2311 bonos
943 2279 1034 2313 cives

51 2333 86 2359 et
101 2326 364 2370 gubernatores.
416 2324 462 2358 Et
478 2325 617 2370 quaerit
632 2325 734 2359 Plato
746 2353 755 2367 ,
783 2339 829 2360 an
845 2326 938 2363 hanc
962 2337 1033 2364 tra-

52 2377 140 2410 dant
153 2383 310 2409 oratores
329 2382 390 2409 aut
410 2373 627 2420 philosophi.

154 2427 357 2460 Aristoteles
390 2424 458 2460 hoc
488 2428 566 2460 loco
598 2428 767 2462 admonet
794 2427 887 2464 hanc
917 2431 1032 2476 ipsam

53 2475 190 2511 ethicen
210 2489 291 2511 vere
317 2490 388 2513 esse
413 2490 491 2512 eam
516 2478 716 2523 politicam,
744 2492 806 2515 seu
827 2483 1032 2526 practicam,

53 2540 143 2574 quae
160 2528 398 2572 principaliter
415 2530 573 2574 privatos
589 2543 706 2565 mores
731 2537 765 2564 et
787 2533 927 2576 publica
957 2536 1032 2568 osfi-

52 2579 105 2613 cia
122 2578 228 2622 regit,
256 2585 289 2612 et
304 2580 463 2615 attribuit
476 2579 698 2626 philosophis
712 2580 803 2617 hanc
819 2584 1031 2628 doctrinam,

86 2668 116 2700 4)
139 2669 216 2693 Conf.
234 2676 317 2700 supra
335 2678 358 2701 p.
375 2672 431 2697 169.
449 2676 514 2698 nota
531 2675 555 2698 6.

85 2712 115 2740 5)
134 2711 244 2735 Phi-asts
261 2711 383 2743 πολιτική
407 2712 540 2747 ἐπιστήμη
565 2717 703 2748 reperitur
726 2717 754 2742 in
772 2717 841 2745 Plat.
860 2719 956 2751 Potin,
986 2726 1029 2752 op.

120 2745 162 2770 ed.
179 2746 211 2771 fl.
231 2748 321 2778 Steph.
342 2748 370 2772 Τ.
383 2748 415 2774 11.
434 2756 460 2780 p.
473 2750 533 2775 303.
551 2752 582 2775 Ε.

415 145 473 182 ΙΙΙ.
525 143 806 181 ENA'RRATIO
842 143 969 180 LIBRI
996 144 1021 181 I.
1055 144 1345 181 ETHICORUM
1379 143 1706 182 ARISTOTELIS.

2001 149 2076 184 286

1089 233 1178 267 sicut
1192 233 1314 274 Plato,
1348 245 1387 266 ac
1411 239 1528 278 partes
1551 231 1652 273 facit,
1687 233 1980 277 gubernationem
2005 235 2077 278 pri-

1089 291 1255 318 vatorum
1278 297 1440 326 morum,
1466 284 1683 319 senatoriam
1701 284 1932 329 sapientiam,
1958 286 2076 318 soren-

1089 347 1162 369 sem
1179 342 1303 370 artem.

1193 387 1365 420 Omnium
1390 387 1482 420 enini
1508 385 1635 421 harum
1661 386 1817 432 partiiim
1843 387 1999 421 actiones
2023 399 2075 420 re-

1089 437 1254 471 ferendae
1271 441 1413 472 suntad
1431 439 1596 473 ultimum
1620 440 1744 479 finem,
1772 451 1816 472 ne
1840 439 1925 484 quid
1954 445 2076 472 contra

1091 488 1258 522 virtutem
1283 490 1354 523 fiat.
1415 488 1497 524 Ideo
1521 488 1607 524 haec
1631 491 1792 524 doctrina
1819 489 1953 530 ethica,
1981 503 2076 523 com-

1089 540 1208 573 munis
1225 547 1293 580 est,
1321 552 1382 573 seu
1401 542 1583 585 superior,
1611 548 1644 575 et
1658 542 1736 576 finis
1751 541 1989 587 praestantior
2007 542 2075 574 fine

1091 591 1311 635 singularum
1328 591 1537 625 inferiorum
1557 593 1699 628 artium.
1748 594 1815 627 Ars
1832 593 1958 637 igitur,
1985 604 2076 638 quae

1091 644 1132 675 de
1150 640 1217 676 hoc
1232 644 1300 675 fine
1317 643 1568 684 concionatur,
1600 656 1682 677 xcre
1713 651 1763 678 est
1783 645 1841 677 illa
1868 651 1966 678 vetus
1987 644 2077 689 poli-

1093 694 1180 734 tica,
1208 707 1315 740 quani
1334 694 1561 740 Prodicus⁶)‚
1589 694 1797 741 Gorgias⁷)‚
1826 695 1969 736 Cicero,
1998 708 2076 729 ora-

1090 745 1226 779 toribus
1244 746 1483 779 attribuebfuit
1495 773 1503 786 ,
1529 746 1632 779 Plato
1654 746 1759 779 etalii
1778 745 1982 791 philosophi
2000 747 2077 779 vin-

1091 797 1254 830 dicarunt
1270 795 1504 842 philosophis.
1558 796 1635 830 Hoc
1653 803 1832 830 certamen
1848 799 2003 831 breviter
2019 796 2077 832 hic

1091 848 1207 893 attigit
1220 848 1438 883 Aristoteles.

1445 964 1583 1019 Caput
1597 966 1672 1009 III.
1681 965 1729 1021 8).

1192 1048 1356 1082 Tertium
1375 1055 1480 1094 caput
1502 1055 1553 1082 est
1578 1047 1776 1082 admonitio
1802 1048 1916 1082 obiter
1942 1048 2077 1082 adiecta

1090 1101 1132 1134 de
1151 1100 1360 1134 certitudine
1379 1100 1562 1134 doctrinae
1579 1101 1746 1141 moralis,
1773 1100 1953 1141 videlicet,
1981 1101 2077 1146 quod

1090 1164 1164 1185 non
1178 1152 1249 1185 sint
1270 1152 1402 1197 ubique
1423 1152 1635 1196 flagitandae
1661 1152 2000 1192 demonstrationes,
2038 1157 2079 1185 ut

1090 1203 1127 1236 in
1154 1203 1386 1247 geometricis.
1447 1204 1662 1249 Quanquam
1688 1203 1783 1236 enim
1806 1204 1920 1237 sontes
1943 1201 2079 1236 habent

1091 1255 1227 1300 aliquas
1246 1255 1587 1295 demonstrationes,
1614 1261 1654 1288 ut
1678 1267 1733 1288 ars
1757 1255 1999 1295 medicorum,
2026 1260 2078 1287 ta-

1090 1318 1173 1339 men
1193 1312 1314 1350 postea
1332 1307 1443 1339 multa
1462 1312 1649 1350 praecepta
1673 1312 1811 1339 tantum
1834 1306 1998 1339 nituntur
2020 1318 2078 1339 ve-

1089 1357 1296 1391 risimilibus
1329 1357 1558 1401 argumentis.
1625 1356 1671 1390 Et
1691 1354 1758 1389 hac
1781 1357 1963 1400 diligentia
1990 1369 2079 1401 opus

1090 1414 1141 1442 est
1165 1407 1330 1441 studiosis
1354 1408 1391 1440 in
1416 1408 1581 1441 omnibus
1603 1407 1816 1451 disciplinis,
1841 1414 1881 1441 ut
1905 1414 2080 1454 quaerant

1090 1458 1412 1492 demonstrationes
1437 1464 1611 1504 quantum
1637 1459 1714 1491 fieri
1736 1465 1870 1503 potest,
1899 1466 1933 1492 et
1950 1459 2078 1493 discer-

1088 1517 1178 1544 nant
1201 1516 1294 1543 eerta
1312 1510 1355 1543 ab
1378 1509 1532 1543 incertis.
1584 1509 1700 1542 Porro
1725 1516 1766 1543 ut
1787 1515 1869 1543 sunt
1889 1510 2078 1554 principia,

1090 1574 1180 1608 quae
1197 1562 1396 1606 gubernant
1411 1560 1637 1605 speculabilia
1648 1587 1657 1601 ,
1684 1567 1724 1594 ut
1741 1573 1864 1594 omnes
1882 1561 1997 1595 lineae
2015 1562 2078 1595 du-

1090 1621 1164 1647 ctae
1190 1626 1209 1646 a
1235 1619 1356 1646 centro
1381 1613 1426 1645 ad
1444 1612 1765 1645 circumferentiam
1783 1612 1938 1646 eiusdem
1957 1613 2079 1646 circuli

1089 1671 1171 1699 sunt
1194 1664 1376 1710 aequales:
1412 1663 1461 1696 ita
1483 1670 1565 1697 sunt
1588 1664 1763 1709 principia
1789 1664 1959 1704 moralia,
1987 1676 2078 1710 quae

1090 1717 1289 1761 gubernant
1312 1715 1404 1748 vitae
1429 1715 1605 1755 actiones,
1632 1722 1690 1756 ut,
1718 1713 1828 1748 homo
1852 1716 2009 1749 nascitur
2033 1716 2077 1749 ad

1090 1768 1227 1800 civilem
1246 1767 1448 1801 societatem
1462 1792 1471 1806 ,
1499 1772 1533 1798 et
1548 1764 1640 1799 hanc
1659 1766 1748 1799 tueri
1767 1767 1881 1800 debet.

1191 1817 1259 1851 Sed
1284 1817 1443 1863 quaestio
1468 1822 1536 1857 est,
1564 1817 1625 1862 qui
1650 1818 1728 1857 fiat,
1760 1824 1799 1850 ut
1821 1817 1937 1851 maior
1961 1817 2079 1851 existi·

1088 1875 1205 1903 metui·
1221 1869 1393 1903 certitudo
1414 1880 1486 1902 esse
1502 1868 1769 1912 speculabilium
1779 1866 1816 1915 ᾗ)
1835 1881 1941 1914 quam
1959 1880 2078 1901 niora-

1088 1922 1187 1955 lium.
1241 1920 1375 1954 Omnes
1391 1919 1503 1964 magis
1520 1917 1600 1953 huic
1618 1919 1857 1965 propositioni
1881 1920 2079 1955 assentiun-

1088 1979 1164 2006 tur:
1204 1971 1266 2005 Bis
1292 1977 1446 2017 quatuor
1471 1977 1554 2004 sunt
1580 1977 1679 2012 octo,
1722 1983 1829 2017 quam
1853 1969 1923 2005 his:
1967 1971 2076 2004 Pacta

1087 2029 1169 2057 sunt
1184 2024 1370 2062 servanda,
1399 2022 1626 2055 Mendacium
1643 2022 1850 2066 fugiendum
1878 2029 1941 2064 est,
1966 2022 2076 2055 Adul-

1088 2075 1216 2109 terium
1241 2074 1425 2107 vitandum
1452 2080 1513 2107 est.
1573 2073 1805 2118 Respondeo:
1840 2073 1941 2107 Bona
1975 2086 2076 2107 mens

1087 2127 1174 2161 sciat
1195 2138 1319 2170 parem
1345 2138 1417 2160 esse
1441 2125 1688 2158 certitudinem
1714 2125 1972 2170 principiorum
2000 2137 2076 2169 spe-

1087 2178 1291 2211 culabilium
1308 2183 1342 2210 et
1358 2177 1609 2221 practicorum.
1664 2177 1755 2209 Tam
1778 2177 1937 2221 oportuit
1959 2188 2075 2209 assen-

1087 2230 1147 2263 tiri
1163 2227 1216 2263 his
1232 2228 1553 2273 propositionibus:
1583 2228 1677 2261 Deus
1696 2235 1745 2261 est
1761 2228 1950 2267 timendus,
1965 2227 2075 2260 Adul-

1086 2281 1214 2314 terium
1247 2286 1298 2314 est
1327 2279 1533 2320 vitandum,
1569 2292 1675 2325 quain
1702 2277 1799 2312 huic:
1835 2279 1896 2312 Bis
1921 2285 2075 2324 quatuor

1086 2338 1167 2365 sunt
1191 2338 1281 2366 octo.
1336 2331 1443 2376 Quod
1469 2337 1587 2364 autem
1611 2330 1776 2363 videntur
1799 2329 1952 2374 practica
1979 2329 2075 2364 flexi-

1085 2383 1231 2423 biliora,
1257 2383 1296 2416 fit
1312 2389 1460 2427 propter
1474 2382 1640 2415 morbum
1659 2380 1817 2426 originis.

1118 2491 1147 2521 6)
1167 2490 1313 2522 Prodicus,
1334 2490 1421 2520 Cous,
1441 2491 1562 2521 snphi'sta
1581 2489 1713 2520 insignis,
1733 2487 1856 2513 Socratis
1874 2488 2004 2519 aequans.

1118 2533 1149 2562 7)
1169 2533 1302 2564 Gorgias,
1322 2534 1487 2559 Leontinus.
1508 2534 1630 2562 sophista
1650 2534 1677 2556 et
1696 2534 1791 2556 orator
1807 2532 2008 2557 celeberrimus.
2028 2533 2072 2563 qui

1152 2568 1267 2591 Athenis
1290 2570 1351 2592 arte
1376 2569 1498 2592 oratoria
1523 2569 1687 2597 Isocratem,
1720 2567 1851 2591 Periclem
1877 2567 1998 2597 aliosque
2029 2567 2072 2590 iu-

1152 2602 1249 2626 stituit.

1117 2645 1148 2673 8]
1166 2645 1248 2667 Editt.
1271 2644 1359 2671 1530,
1380 2644 1453 2667 1532.
1469 2646 1495 2667 et
1513 2644 1585 2668 1535.
1605 2650 1658 2667 non
1675 2644 1761 2667 solum
1774 2643 1966 2673 inscriptione:
1987 2644 2071 2667 seho-

1151 2679 1188 2702 lia
1203 2679 1246 2702 111.
1267 2678 1385 2708 CapitiS,
1405 2679 1453 2702 sed
1471 2679 1553 2702 etiam
1572 2679 1683 2703 scholiis
1702 2679 1768 2708 ipsis
1786 2680 1821 2703 ab
1838 2679 1888 2702 hac
1906 2679 1978 2702 Edit.
1996 2679 2069 2702 1546.

1150 2713 1230 2735 valde
1249 2713 1385 2737 differunt.

1117 2754 1150 2783 *)
1170 2755 1389 2785 speculahihum]
1410 2754 1449 2779 sic
1468 2755 1515 2779 Ed.
1539 2755 1627 2787 1545.;
1653 2755 1700 2780 Ed.
1720 2756 1795 2781 1546.
1816 2754 2012 2785 spectabithun.
