2347 3000
120 115 194 150 885
349 114 424 150 VH.

116 208 188 241 ret,
230 208 263 234 et
293 201 485 234 maioribus
508 199 766 233 calamitatibus
791 205 934 233 ornaret
959 199 1099 233 univcr-

117 264 193 285 sum
211 264 320 295 genus
337 250 543 284 humanum.

217 306 397 345 Assumpia
427 302 522 334 verba
547 299 786 348 removentur]
821 300 895 334 Etsi
920 298 977 333 hie
1001 301 1098 333 locus

116 353 284 386 obscurus
304 360 369 385 est:
399 358 515 384 tamen
536 352 618 396 quia
637 353 679 384 de
696 353 856 384 oratione
874 364 947 384 non
962 351 1098 394 vulgari

116 403 292 448 loquitur,
319 403 377 436 sed
403 403 444 433 de
469 415 527 440 ea,
555 414 646 447 quae
669 402 774 435 etiam
800 402 1019 435 ambitiosius
1042 413 1098 433 or—

117 460 196 485 nata
216 461 284 491 est,
314 454 511 495 intelligunt
533 451 588 485 hic
608 453 716 498 aliqui
733 466 804 485 non
822 452 1097 498 praetermissio-

117 516 215 542 nem,
254 505 314 536 sed
341 504 458 548 potius
482 503 715 536 remotionem
739 516 802 548 per
829 503 1097 540 correctionem,

115 560 153 586 ut
169 560 250 587 sunt
267 552 332 587 hae
350 555 385 586 in
404 555 552 586 Verrina
572 555 673 587 tertia
686 554 747 599 ¹⁰):
779 554 860 588 Non
875 555 987 587 furem
1003 580 1011 591 ‚
1037 554 1094 585 sed

115 611 331 647 ereptorem;
374 617 445 637 non
473 606 692 645 adulterum,
734 606 793 638 sed
820 611 1096 648 expugnatorem

114 655 322 697 pudicitiam
363 668 434 687 non
466 656 693 698 sacrilegum,
736 657 795 688 sed
822 654 957 687 hostem
981 666 1097 687 sacro-

114 716 192 737 rum
221 706 523 751 religionumque;
565 718 638 738 non
665 706 850 744 sicarium,
890 706 950 738 sed
976 705 1096 737 crude-

113 755 283 789 lissimum
306 757 503 789 carnificem
529 757 658 789 civium
684 756 950 799 sociorumque,
984 755 1019 786 in
1042 767 1097 786 ve-

114 812 225 838 strum
250 807 417 839 iudicium
441 807 661 839 adduximus.
729 806 794 837 Hic
824 818 886 849 per
909 805 1096 837 correctio-

115 868 196 888 nem
213 864 416 889 removetur
432 857 530 900 prior
546 856 738 899 particula,
772 857 826 888 vel
851 855 968 900 potius
995 868 1096 897 exag-

113 914 268 949 geratur.
318 906 445 939 Levius
465 907 599 939 crimen
621 912 672 939 est
692 907 823 946 furari,
852 919 959 952 quam
983 907 1096 938 mani-

113 958 197 990 festa
214 957 248 989 vi
264 964 479 1000 grassantem
498 969 622 1001 rapere
639 956 767 990 aliena.
818 956 948 990 Levius
965 963 1015 990 est
1031 957 1095 988 cri-

114 1019 194 1040 men
213 1007 425 1040 adulterium
443 1007 518 1041 sine
535 1007 704 1040 violentia
720 1008 871 1047 factum,
900 1021 1006 1053 quam
1032 1006 1094 1039 lio-

112 1057 204 1090 nesti
221 1058 305 1091 civis
328 1058 436 1091 filiam
459 1071 583 1102 rapere
607 1058 725 1102 palam
749 1070 811 1102 per
835 1071 954 1092 servos
980 1071 1095 1090 arma-

112 1115 165 1141 tos
177 1134 186 1147 ,
213 1114 248 1140 et
264 1115 363 1152 patre
382 1109 458 1141 viro
476 1109 587 1142 nobili
603 1109 792 1141 crudeliter
809 1116 944 1142 vexato.
998 1109 1096 1141 Sicut

113 1159 148 1191 in
166 1160 289 1191 eadem
310 1159 471 1192 oratione
488 1166 631 1199 narrat,
662 1159 810 1192 Verrem
831 1167 996 1193 conatum
1023 1172 1094 1192 esse

113 1222 236 1253 rapere
274 1210 378 1242 liliam
413 1210 480 1242 viri
517 1210 645 1243 nobilis
672 1209 904 1255 Lampsaceni
923 1211 986 1256 ¹¹),
1030 1217 1093 1243 etc.

112 1261 202 1293 Sunt
227 1267 260 1293 et
285 1262 373 1293 aliae
396 1262 529 1293 formae
554 1261 835 1301 correctionum,
872 1268 927 1294 ut:
963 1261 1094 1293 Errore

111 1311 227 1354 lapsus
244 1317 314 1351 est,
342 1324 422 1345 casu
446 1313 482 1344 in
509 1313 607 1346 illum
631 1312 772 1353 incidit,
806 1325 910 1358 quem
933 1313 1095 1344 vulnera-

112 1362 181 1400 vit,
216 1360 305 1394 nihil
330 1369 380 1395 est
402 1361 547 1400 horunu
582 1364 642 1396 sed
666 1363 727 1396 diu
749 1370 886 1408 captata
912 1363 1094 1396 occasione

112 1413 226 1444 locum
252 1412 419 1446 idoneum
443 1414 611 1447 faciendis
633 1414 769 1448 insidiis
791 1421 872 1447 ante
899 1413 1094 1457 occupavit,

111 1475 217 1507 quam
234 1476 274 1495 eo
294 1465 429 1496 veniret
445 1464 619 1501 inimicus.
654 1464 718 1498 Hic
741 1463 830 1498 nihil
854 1465 921 1497 tale
946 1465 1094 1508 opinan-

110 1510 214 1552 tem(
238 1514 450 1559 imparatum
481 1516 595 1548 solum
626 1517 770 1550 adortus
803 1523 871 1555 est,
914 1528 993 1548 cum
1018 1515 1093 1560 qui-

110 1566 188 1596 dem
206 1565 521 1599 audacissimorum
548 1567 784 1609 gladiatorum
808 1579 953 1599 manum
975 1579 1092 1606 secum

111 1613 265 1648 liaberet.

212 1665 260 1697 Ut
289 1672 405 1699 autem
437 1679 574 1711 semper
604 1667 809 1701 collationes
832 1681 997 1711 maguam
1022 1668 1092 1700 vim

109 1714 257 1748 habent:
284 1717 331 1749 ita
347 1717 432 1749 tales
450 1718 664 1751 remotiones
682 1732 759 1751 cum
778 1719 979 1751 contineant
998 1732 1092 1751 com-

109 1767 330 1810 parationes,
372 1767 582 1813 111ult111n12)
615 1769 700 1802 lucis
726 1776 759 1801 et
785 1770 910 1802 uirium
939 1771 1092 1802 orationi

108 1818 253 1851 addunt.

492 1901 705 1936 Textus.

212 1967 333 2000 Tertia
350 1967 465 1999 forma
504 1974 574 2008 est,
623 1969 785 2013 colligere
823 1970 860 2002 in
890 1983 996 2003 unam
1032 1984 1090 2015 pe<

113 2019 251 2051 riodum
278 2017 467 2062 praecipua
490 2027 716 2062 argumenta,
750 2027 788 2054 ut
811 2022 962 2054 maxime
993 2023 1030 2055 sit
1054 2023 1090 2055 in

110 2069 267 2112 epilogis.
344 2067 427 2101 Ideo
459 2069 587 2102 dicitur
624 2070 661 2103 in
698 2077 809 2104 textu:
865 2072 974 2116 (Cap.
1016 2072 1088 2107 Vll.

110 2122 140 2162 {-
164 2120 240 2164 23.)
277 2121 346 2152 Aut
378 2122 413 2152 in
447 2122 608 2154 circuitus
640 2124 846 2165 diriyetniecr.
896 2123 990 2156 Haec
1018 2125 1089 2157 sor-

112 2183 166 2202 ma
203 2171 246 2202 ad
290 2182 458 2213 pompam
503 2176 536 2202 et
572 2171 795 2214 splendorem
840 2175 990 2205 maxime
1033 2188 1087 2207 ac-

111 2221 332 2253 commodata
358 2226 426 2260 est,
458 2221 540 2265 quia
568 2223 707 2265 periodi
743 2230 889 2267 propter
922 2237 1087 2258 numero-

106 2283 178 2304 sam
213 2270 554 2314 coagmentationem
599 2280 632 2305 et
662 2280 762 2317 aptos
797 2275 906 2308 exitus
939 2288 1001 2319 per
1033 2289 1085 2309 se-

107 2334 141 2355 se
167 2334 330 2365 magnam
359 2322 508 2365 gratiam
539 2319 690 2363 habent,
735 2331 768 2357 et
794 2326 948 2359 rationes
984 2333 1085 2361 antea

112 2374 244 2417 proIIxe
272 2379 438 2405 tractatas
463 2379 543 2417 apte
568 2381 742 2419 repetunt.
805 2376 852 2408 Ut
876 2377 904 2409 si
929 2379 970 2410 de
995 2378 1086 2412 bello

110 2423 260 2456 Turcico
282 2423 319 2456 in
343 2423 482 2467 epilogo
514 2425 626 2458 dicas:
668 2427 694 2458 si
727 2426 855 2459 liberos
886 2435 1018 2461 vestros
1050 2430 1086 2463 in

145 2555 257 2611 10),Ηίη
276 2555 508 2612 Ιῡοὲιςθίιινειιίῑιιτ
528 2558 554 2581 iu
574 2558 630 2581 Cic.
650 2559 674 2582 iu
696 2560 809 2582 Verrem
836 2560 941 2584 actione
968 2563 1087 2587 saecunda

177 2590 193 2611 ti
208 2599 219 2612 ·.
249 2607 253 2610 ,
272 2595 293 2611 c.
311 2590 316 2596 ’
329 2607 336 2619 ‚
373 2608 377 2611 .

143 2642 187 2666 ιι)
207 2641 270 2664 ibai.
289 2641 305 2662 1.
321 2640 338 2663 ε.
358 2647 380 2665 c.
394 2641 426 2664 26
441 2648 479 2671 sq.

144 2692 188 2719 12)
208 2691 331 2719 multum]
352 2691 393 2714 hic
412 2692 551 2716 Commeut
581 2697 690 2725 typogr.
710 2702 821 2719 errore:
851 2696 955 2720 mulum.

480 112 864 150 COMMENTARIUS
898 113 946 148 IN
982 111 1230 149 CICERONIS
1265 114 1584 151 PARTITIONES
1618 116 1905 156 onA'romAs.

2060 125 2132 158 886

1152 199 1390 244 turpissimam
1416 201 1640 242 servitutem,
1674 203 1702 236 si
1728 204 1892 249 coniuges
1913 213 1946 239 et
1965 207 2052 242 filias
2078 223 2132 241 ve-

1150 257 1238 285 stras
1263 252 1307 284 ad
1331 258 1450 296 stupra
1477 253 1572 297 rapi,
1615 253 1642 286 si
1675 255 1783 287 deleri
1804 257 1961 290 funditus
1982 260 2131 293 familias

1151 308 1302 342 vestras,
1329 303 1358 335 si
1379 301 1469 335 hanc
1486 304 1636 336 formam
1655 303 1839 340 honestam
1866 308 2077 342 iudiciorum
2099 319 2129 343 et

1150 353 1417 395 gubernationis
1434 355 1616 398 politicae,
1647 356 1675 389 si
1693 357 1806 389 lucem
1826 359 1984 392 coelestis
2002 361 2130 394 doctri-

1150 415 1214 435 nae
1231 403 1267 435 in
1285 404 1387 437 terris
1402 405 1558 448 extingui
1575 418 1647 439 non
1663 407 1786 440 vultis:
1821 422 1958 443 necesse
1983 417 2034 443 est
2057 419 2130 444 tan-

1150 454 1230 485 dem
1246 466 1308 486 vos
1327 455 1438 494 serio,
1465 462 1499 488 et
1524 469 1603 489 vere
1630 459 1928 494 consentientibus
1952 462 2076 496 studiis
2100 470 2131 495 et

1149 505 1389 537 voluntatibus
1407 506 1598 548 reprimere
1615 516 1830 550 grassantem
1850 509 1999 551 hostem,
2024 520 2058 545 et
2074 527 2132 545 xo-

1148 554 1201 587 his
1218 555 1361 587 exitium
1377 561 1410 588 et
1424 555 1599 590 Ecclesiae
1619 560 1818 593 vastitatem
1838 562 2075 598 minitantem.

1251 614 1386 658 Quarta
1420 615 1554 655 forma,
1595 629 1641 649 ex
1671 619 1795 651 duobus
1818 622 1927 654 verbis
1950 635 2052 656 unum
2074 624 2131 667 fit—

1148 662 1315 711 eere.¹³)]
1344 665 1455 709 Saepe
1474 666 1605 710 aliquid
1623 669 1816 711 composita
1836 684 1920 703 voce
1937 673 2134 715 significau-

1151 716 1218 748 tius
1240 716 1385 748 effertur
1411 722 1445 748 et
1473 716 1641 750 illustrius
1673 731 1777 762 quam
1800 721 1981 765 ‘simplici3
2027 725 2132 770 idque

1149 766 1293 799 Graecis
1317 766 1452 799 facilius
1470 773 1538 806 est,
1567 780 1671 812 quam
1692 768 1839 804 Latinis.
1900 773 1989 806 Nam
2008 776 2132 809 Graeci

1151 817 1353 860 compositis
1372 817 1574 857 abundant,
1602 825 1639 851 ut
1656 819 1824 854 illustrius
1850 829 1901 855 est
1923 824 2037 858 dicere
2064 840 2132 859 una

1150 880 1233 899 voce
1259 864 1528 913 θρασύδειλον,
1573 882 1680 914 quam
1714 872 1929 914 petulantem
1960 875 1995 907 in
2030 878 2133 911 laces-

1149 919 1278 957 sendo,
1313 925 1346 950 et
1370 918 1540 962 pavidum
1574 932 1613 952 ac
1643 921 1820 954 imbellem
1857 923 1893 955 in
1927 927 2132 961 sustinendo

1149 967 1259 1002 hoste.
1318 969 1374 1001 Sic
1400 968 1533 1003 illustre
1556 977 1625 1010 est,
1658 974 1753 1016 quod
1778 986 1818 1006 ex
1835 973 1953 1008 Ennio
1978 977 2059 1010 citat
2078 980 2132 1012 Ci-

1149 1032 1241 1059 cero,
1269 1019 1473 1053 Flexanima
1492 1021 1762 1069 eloquentiass).

1250 1078 1335 1122 Cap.
1356 1078 1430 1112 Vll.
1465 1077 1494 1122 ἓ.
1519 1079 1580 1114 24.
1622 1083 1664 1115 ln
1686 1085 1872 1117 coniunctis
1894 1091 2004 1120 autem
2027 1090 2133 1122 verbis

1146 1131 1275 1173 triplex
1292 1131 1444 1164 adhiberi
1456 1135 1561 1172 potest
1576 1132 1817 1180 commutatio]
1847 1135 1959 1179 Supra
1986 1138 2072 1170 dixit
2090 1142 2131 1171 de

1149 1181 1339 1213 verhorum
1366 1181 1574 1214 dilatatione
1604 1188 1636 1214 et
1666 1185 1929 1225 contractione,
1970 1185 2036 1221 hoc
2070 1198 2131 1227 est,

1148 1233 1189 1263 de
1209 1244 1247 1264 ea
1265 1232 1483 1272 variatione,
1510 1245 1601 1277 quae
1618 1245 1691 1265 non
1714 1232 1801 1267 nihil
1825 1236 1972 1271 discedit
1994 1251 2012 1271 a
2038 1253 2131 1273 com-

1147 1283 1247 1315 muni
1269 1283 1383 1315 forma
1406 1283 1580 1317 sermonis
1603 1290 1636 1315 et
1659 1285 1788 1327 figuras
1810 1285 1953 1321 adhibet
1979 1291 2131 1325 crebrio-

1266 1333 1420 1376 Simplex
1442 1340 1510 1374 est,
1545 1340 1583 1367 ut
1607 1334 1695 1367 dixi:
1729 1336 1839 1369 Arma
1863 1339 2051 1386 virumque
2077 1356 2131 1375 ca-

1315 1383 1494 1417 Grandius
1512 1391 1580 1424 est,
1608 1391 1642 1417 et
1657 1392 1776 1419 tamen
1792 1387 2023 1431 laudandum,

1273 1443 1429 1470 Fraternas
1450 1443 1542 1478 acies,
1572 1443 1745 1482 alternaque
1768 1454 1857 1483 regna
1879 1448 2037 1485 prophanis

1147 1345 1213 1366 PPS.

1147 1395 1193 1415 no
1204 1383 1261 1430 15).

1272 1493 1430 1521 Decertata
1453 1494 1541 1530 odiis,
1564 1499 1722 1531 sontesque
1747 1496 1886 1525 evolvere
1909 1498 2036 1536 Thebas,

1274 1542 1385 1570 Pierius
1408 1543 1499 1570 menti
1522 1543 1600 1571 calor
1622 1543 1785 1579 inciditlss).

1145 1593 1201 1627 Sic
1221 1594 1315 1637 apud
1332 1593 1514 1626 Lucanum
1526 1593 1571 1638 l⁷)
1593 1594 1800 1638 simpliciter
1818 1597 1961 1631 dicitur:

1218 1653 1311 1680 Causa
1333 1653 1411 1680 iubet
1434 1661 1553 1690 superos
1576 1653 1746 1693 melini-1⁷²¹)
1771 1665 1891 1693 sperare
1913 1660 2063 1690 secundos.

1144 1704 1330 1737 Praeclare
1346 1701 1413 1736 hoc
1430 1704 1576 1741 dlcitur;
1610 1706 1670 1738 sed
1693 1712 1811 1739 tamen
1832 1708 1991 1751 pluribus
2016 1713 2130 1746 verbis

1144 1755 1289 1788 dilatata
1308 1760 1358 1787 est
1375 1755 1498 1786 eadem
1516 1756 1686 1788 sententia
1704 1768 1722 1789 a
1740 1757 1929 1801 Propertio
1941 1759 2002 1805 18);

1270 1811 1392 1850 Frangit
1415 1819 1444 1840 et
1466 1814 1571 1841 attollit
1594 1815 1668 1842 vires
1691 1816 1718 1842 in
1743 1808 1832 1845 milite
1855 1828 1955 1847 causa:

1271 1864 1354 1895 Quae
1377 1863 1431 1890 nisi
1452 1863 1526 1890 iusta
1548 1865 1660 1897 subest,
1686 1867 1795 1894 excutit
1818 1877 1897 1895 arma
1919 1870 2024 1907 pudor.

1144 1914 1189 1947 Et
1206 1912 1292 1946 haec
1307 1913 1459 1946 varietas
1477 1914 1651 1954 declarat,
1678 1916 1762 1960 quid
1777 1918 1819 1950 sit
1837 1919 1952 1953 dicere
1970 1934 2127 1957 commu-

1143 1966 1201 1998 nia
1218 1977 1312 1997 novo
1330 1965 1457 2002 modo,
1485 1970 1518 1996 ct
1544 1977 1636 1997 nova
1660 1969 1841 2000 communi
1867 1972 1993 2011 modo,
2021 1973 2127 2008 lonso}

1141 2018 1297 2058 καινῶς,
1325 2021 1359 2047 et
1379 2012 1489 2048 καινὰ
1507 2018 1649 2054 κοινῶς.

1178 2137 1222 2169 13)
1242 2144 1278 2162 ea:
1302 2138 1412 2162 duobus
1436 2138 1533 2162 verbis
1557 2145 1646 2164 unum
1675 2141 1793 2173 sat-era]
1825 2144 1864 2167 sic
1889 2144 1931 2168 hie
1956 2146 2123 2175 ('0n1mcut.;

1211 2172 1266 2195 Cic.
1282 2173 1366 2195 verba
1380 2172 1443 2201 Cap.
1458 2172 1516 2196 Vll.
1536 2173 1561 2201 S.
1575 2173 1615 2196 23.
1631 2175 1696 2198 haec
1710 2178 1788 2200 sunt:
1814 2179 1866 2202 aut
1880 2179 1909 2202 in
1923 2181 2123 2207 coniunctione

1208 2205 1241 2237 fit
1261 2213 1349 2230 unum
1367 2207 1485 2230 *verbnm
1503 2213 1539 2230 ecl:
1556 2208 1674 2232 duobus.

1176 2250 1221 2276 2⁴)
1242 2250 1313 2272 Haec
1332 2250 1456 2278 spectant
1475 2249 1509 2272 ad
1524 2249 1578 2274 Cle.
1598 2251 1630 2273 dc
1650 2251 1726 2274 Orat.
1742 2252 1773 2280 11,
1792 2254 1834 2279 44.
1856 2254 1926 2277 1875
1948 2255 1999 2278 Sed
2019 2258 2120 2281 tantam

1210 2283 1264 2305 vim
1285 2284 1363 2305 hahet
1383 2283 1446 2309 illa,
1479 2289 1547 2312 quae
1567 2286 1640 2307 recte
1658 2292 1674 2308 a
1694 2287 1761 2309 bono
1781 2290 1858 2316 poeta
1877 2289 1948 2311 dicta
1968 2293 2009 2312 est
2027 2291 2119 2320 [ιω-α-

1210 2318 1289 2340 nima
1309 2318 1394 2347 (nque
1413 2318 1538 2340 οηιιιὲιιιη
1557 2320 1658 2348 regina
1677 2326 1788 2349 rerum,
1810 2322 1906 2345 oratio.
1944 2323 2017 2346 flacc
2037 2327 2118 2349 verba

1209 2351 1305 2374 Cicero
1324 2357 1377 2373 nou
1396 2351 1462 2372 citat
1482 2357 1513 2373 ex
1528 2352 1624 2376 Eume.
1643 2353 1690 2375 sed
1706 2359 1736 2375 ex
1751 2354 1860 2377 Pacuvii
1875 2356 2035 2382 Hermione:
2058 2360 2119 2382 side

1209 2385 1321 2408 Nouium
1342 2391 1366 2406 ν.
1385 2385 1539 2414 flamminia
1559 2388 1630 2414 (νειμ.
1645 2387 1674 2410 ΙΙ.
1695 2387 1753 2411 319.
1774 2395 1797 2416 p.
1812 2390 1869 2412 5⁴⁸.
1889 2390 2043 2420 Gotnonz‘).
2076 2394 2118 2422 qut

1207 2421 1302 2448 poetae
1313 2418 1401 2441 Latini
1417 2424 1526 2441 versum
1542 2419 1578 2441 ita
1592 2421 1671 2443 citat:
1692 2423 1712 2444 0
1726 2422 1878 2449 fleratu'mu
1896 2426 1981 2454 usqne
1995 2428 2118 2451 omuimu

1205 2453 1307 2482 regina
1327 2459 1425 2476 rerum
1443 2453 1547 2475 oratio.

1174 2496 1219 2522 ¹5}
1240 2495 1317 2524 Yirg.
1338 2495 1403 2516 Aen.
1424 2494 1442 2523 Ι,
1466 2495 1486 2518 1.

1175 2538 1219 2563 16)
1240 2539 1306 2560 stat.
1328 2536 1453 2559 Thebaid.
1471 2536 1491 2565 l,
1513 2536 1600 2561 1—3.

1174 2580 1217 2610 17)
1238 2581 1337 2602 Lucan.
1357 2580 1421 2604 Vll.
1441 2580 1498 2602 349.

1174 2622 1240 2649 17³]
1262 2622 1387 2650 superius
1408 2622 1516 2650 metior]
1545 2622 1583 2645 sic
1609 2623 1648 2644 lu'c
1673 2623 1839 2650 Commeut.:
1866 2627 1962 2652 Lucan*
1990 2633 2113 2662 ςςτῐρςιμ

1207 2656 1301 2678 metior
1321 2661 1444 2684 supero-³,

1174 2697 1218 2727 18)
1240 2698 1363 2727 Propert.
1379 2698 1470 2765 15256.
1490 2699 1531 2721 51.
1552 2698 1592 2722 5⁸2.

1442 2734 1464 2765 ὃ
1490 2737 1500 2745 ψ
