2347 3000
96 115 166 151 501
816 113 874 148 VI.

92 201 213 235 mitius
237 201 459 242 iudicarunt,
502 213 580 234 cum
604 207 676 233 tam
700 199 854 244 vulgaris
880 205 1079 233 contractus

92 252 155 292 sit,
192 253 384 287 noluerunt
405 251 496 285 hanc
520 252 673 284 sormam
698 251 735 283 in
760 251 964 284 universum
996 263 1076 283 con-

92 304 280 345 demnare,
307 304 396 337 sicut
406 302 598 348 Gerson²¹)
619 302 750 347 inquit:
781 302 861 335 Non
879 302 978 334 sacile
995 314 1075 334 con-

91 360 261 394 tractum,
288 355 325 386 in
342 366 412 399 quo
427 353 614 387 mediocris
632 353 825 398 aequalitas
850 352 1076 397 conspicitur,

90 405 393 449 pronuntiandum
426 417 497 438 esse
528 404 741 438 usurarium.
804 404 991 449 Quaerunt
1015 416 1075 435 au-

89 462 179 496 tem,
207 467 252 487 an
269 453 324 488 hic
343 455 387 488 sit
403 468 503 488 merx
526 462 619 489 certa
646 456 859 489 conveniens
881 453 961 488 huic
983 454 1074 486 redi-

88 506 149 539 tui.
204 505 390 550 Quaerunt
405 506 508 547 item,
538 520 583 539 an
608 507 651 540 sit
677 507 890 552 aequalitas,
926 518 1004 538 cum
1031 505 1073 537 de

87 555 203 588 reditu
221 554 309 590 nihil
326 557 547 597 remittatur,
575 558 710 591 etiamsi
730 558 847 602 aliqua
866 569 947 600 pars
966 556 1073 588 sacul-

86 612 197 639 tatum
226 607 438 641 detrimento
471 609 663 648 afficiatur,
703 610 761 642 sed
785 608 832 641 sic
856 607 1072 650 respondent

83 654 139 696 hi,
166 658 227 703 qui
246 659 365 692 mitius
383 659 560 697 iudicant,
596 660 722 704 quibus
746 658 946 697 adsentior,
981 655 1071 689 lianc

83 708 224 741 tertiam
242 710 413 750 sormam,
442 711 585 743 caeteris
603 710 766 754 paribus,
795 709 901 741 etiam
920 720 991 741 esse
1015 720 1070 740 ve-

82 771 159 792 ram
185 766 219 792 et
243 761 370 794 iustam
394 762 623 805 emptionem.
689 761 790 793 Merx
816 760 909 793 enim
939 765 989 792 est
1018 759 1070 792 ius

82 810 299 854 percipiendi
320 813 470 852 reditus,
499 813 594 857 quod
615 825 692 845 eum
711 811 747 844 in
775 811 893 856 aliquo
920 822 1068 853 corpore

82 862 250 895 constitui
280 875 418 896 necesse
453 863 516 902 sit,
560 875 687 907 corpus
718 869 800 896 sunt
825 862 944 894 omnia
974 861 1067 893 bona

81 912 326 946 fructificantia
346 914 445 947 istius
461 913 687 958 reipublicae.
720 914 812 948 Nam
831 913 867 945 in
884 911 937 946 his
955 912 1068 944 omni-

80 963 144 996 bus
157 963 274 1003 simul,
302 965 370 997 tale
388 965 440 998 ius
460 965 625 998 constitui
642 971 769 1009 potest,
792 965 881 998 sicut
898 964 934 996 in
951 963 1067 995 alieno

81 1025 166 1057 agro
183 1016 332 1049 servitus
352 1016 469 1061 aliqua
495 1017 740 1055 constituitur,
773 1015 935 1048 videlicet
959 1021 1068 1053 actus,

80 1070 141 1097 aut
162 1064 238 1099 iter.
305 1067 373 1100 Sed
399 1067 531 1100 dictum
555 1066 753 1101 lnnocentii
776 1065 1007 1099 memorabile
1033 1065 1067 1097 in

78 1112 144 1148 hac
161 1118 366 1160 quaestione
388 1119 579 1151 tenendum
597 1126 665 1159 est,
697 1119 758 1164 qui
778 1118 908 1163 inquit:
946 1117 1068 1149 widen-

79 1167 164 1199 dum
190 1179 262 1200 esse
287 1168 324 1200 in
348 1167 415 1201 hoc
440 1176 644 1210 contractu,
672 1177 710 1203 ut
726 1169 859 1202 reditus
879 1168 1069 1201 constitua-

80 1223 137 1250 tur
154 1217 191 1250 in
209 1231 258 1258 re,
284 1232 345 1253 seu
363 1221 408 1252 ad
426 1233 501 1253 rein
519 1222 704 1260 reseratur,
730 1233 804 1253 non
819 1221 862 1251 ad
878 1231 1066 1263 personam

80 1270 282 1310 vendentis,
325 1277 359 1304 et
385 1271 483 1303 addit
506 1270 750 1310 Innocentius,
794 1271 899 1303 taleni
928 1276 1068 1301 contra-

79 1326 173 1353 ctum
190 1333 263 1353 non
280 1334 351 1355 esse
372 1321 595 1363 usurarium,
623 1335 702 1355 cum
728 1322 763 1353 in
787 1333 827 1354 eo
852 1322 896 1354 sit
918 1332 1016 1352 merx
1034 1327 1068 1352 et

79 1371 253 1414 pretium,
282 1379 315 1405 et
339 1373 422 1405 talia
447 1373 524 1405 iura
546 1373 654 1405 realia
679 1372 813 1405 licitum
835 1371 880 1404 sit
903 1372 1066 1403 vendere.

79 1422 227 1466 Semper
245 1435 327 1466 ergo
351 1424 554 1456 meminerit
578 1423 707 1463 lector,
742 1423 795 1455 ius
819 1422 914 1467 quod
938 1421 1066 1454 emitur

79 1472 115 1504 in
132 1470 199 1505 hoc
218 1485 317 1513 casu,
347 1474 384 1506 in
409 1472 558 1517 corpore
582 1475 702 1520 aliquo
727 1473 959 1506 fructificante
984 1484 1066 1504 con-

76 1524 294 1557 stituendum
324 1537 415 1566 esse,
457 1525 547 1558 sicut
575 1538 682 1570 supra
706 1526 747 1558 de
770 1525 921 1557 secunda
951 1524 1063 1556 forma

76 1574 208 1608 dictum
231 1582 292 1609 cst.
354 1575 410 1610 Ius
437 1576 530 1609 enim
557 1577 787 1610 constitutum
816 1582 866 1608 cst
892 1575 929 1607 in
953 1575 1064 1607 fundo

76 1632 190 1666 certo,
218 1626 278 1659 ubi
296 1627 524 1671 pereuntibus
545 1628 658 1672 agris,
687 1628 792 1661 etiam
810 1626 944 1659 reditus
962 1626 1064 1670 perit.

75 1675 126 1709 lta
144 1675 200 1710 hic
222 1678 388 1712 universa
411 1679 505 1711 bona
528 1676 660 1712 habent
684 1692 719 1712 se
743 1685 913 1723 tanquam
938 1690 1065 1721 corpus

75 1735 228 1768 certum,
260 1730 320 1762 sed
347 1730 414 1770 ita,
455 1730 484 1763 si
507 1737 700 1764 onerentur
725 1742 791 1774 pro
816 1728 1063 1773 proportione,

75 1786 108 1812 et
132 1780 180 1820 is,
217 1781 279 1825 qui
301 1781 428 1825 accipit
451 1781 624 1822 reditum,
667 1781 837 1815 sustineat
866 1779 1063 1823 periculum

74 1843 140 1874 pro
163 1832 416 1875 proportione,
443 1838 482 1865 ut
508 1834 702 1877 aequalitas
726 1830 913 1865 mediocris
937 1831 1064 1863 efficia—

75 1888 151 1921 tur,
188 1883 270 1927 quia
299 1890 436 1917 constat
461 1883 751 1929 inaequalitatem
775 1894 978 1921 enormem,
1011 1881 1062 1914 in-

74 1932 222 1973 iustam,
250 1933 354 1967 aDeo
373 1936 600 1976 damnatam,
628 1942 662 1969 et
677 1935 860 1968 exitiosam
879 1945 950 1966 esse
967 1945 1062 1966 com-

73 1984 174 2017 muni
193 1985 363 2019 societati.

176 2035 282 2080 Quod
299 2043 415 2070 autem
437 2043 470 2070 et
487 2037 589 2069 tertia
608 2037 722 2069 forma
740 2035 785 2068 sit
806 2034 895 2068 insta
916 2034 1061 2078 emptio,

72 2086 126 2120 his
152 2088 370 2130 argumentis
395 2088 603 2122 ostenditur.
669 2087 853 2125 Primum,
888 2085 1061 2129 emptioni

74 2138 259 2183 proprium
280 2146 348 2178 est,
377 2145 573 2183 emptorem
593 2151 737 2183 prorsus
756 2137 917 2169 amittere
936 2136 989 2169 ius
1007 2149 1060 2169 re-

73 2189 215 2234 petendi
232 2190 356 2233 pretii,
385 2190 421 2222 in
440 2188 504 2223 hac
522 2190 623 2222 tertia
642 2191 756 2222 forma
774 2200 892 2221 emens
915 2187 1060 2228 reditus,

73 2252 216 2285 prorsus
234 2241 364 2274 amittit
381 2241 433 2274 ius
452 2242 660 2285 repetendae
679 2239 859 2284 pecuniae.
912 2238 1059 2272 Necesse

75 2298 125 2324 est
149 2291 254 2334 igitur
278 2293 431 2326 xit-issimi
458 2293 494 2324 in
518 2305 597 2325 eum
616 2291 760 2337 aliquod
777 2291 830 2323 ius
848 2289 1056 2322 translatum

75 2353 145 2375 esse
164 2348 332 2388 tanquam
349 2356 522 2384 mercem,
550 2343 684 2388 alioqui
697 2354 771 2375 non
794 2347 883 2374 esset
904 2341 1058 2386 aequali-

76 2401 126 2426 tas
145 2392 235 2426 inter
252 2395 393 2428 dantem
410 2395 611 2439 pecuniam,
636 2400 670 2427 et
687 2393 928 2437 accipientem.
964 2392 1057 2425 Haec

73 2444 164 2476 ratio
183 2456 222 2477 ex
244 2452 370 2480 natura
395 2446 586 2491 emptionis
611 2451 771 2489 sumpta,
797 2456 871 2476 non
898 2449 948 2477 est
977 2455 1057 2475 con-

74 2496 281 2536 temnenda,
316 2498 359 2530 ad
379 2510 485 2543 quam
502 2504 536 2530 et
553 2497 642 2529 aliae
660 2492 910 2538 adiungantur.
970 2494 1058 2527 Pars

74 2547 192 2591 aliqua
219 2548 359 2580 onerari
385 2555 475 2581 certa
499 2548 667 2582 servitute
698 2552 823 2591 potest.
892 2543 1003 2587 Igitur
1026 2552 1058 2578 ct

72 2598 236 2631 universa
254 2598 346 2631 hona
363 2606 510 2643 possunt
526 2598 669 2633 onerari
687 2597 832 2631 caeteris
846 2595 1002 2641 paribus.

108 2716 154 2743 21)
176 2715 254 2739 Cons.
273 2719 356 2744 supra
374 2720 399 2744 p.
418 2714 474 2737 11¹.
492 2714 558 2738 nota
569 2713 611 2738 83.

928 112 992 147 DE
1029 113 1409 150 CONTRACTIBUS.

2044 124 2118 162 502

1556 202 1587 234 A
1602 203 1611 235 l
1632 203 1641 235 i
1661 215 1692 237 a.

1230 268 1352 303 Potest
1396 269 1501 302 alicui
1537 271 1670 303 donare
1705 273 1901 316 respublica
1938 276 2114 310 redituum

1127 326 1263 362 partem
1276 347 1285 360 ,
1313 326 1351 352 ut
1369 333 1472 364 saepe
1491 322 1544 361 fit,
1573 328 1606 354 et
1622 320 1687 355 lioc
1703 322 1755 356 ins
1774 325 1958 365 donatum,
1987 327 2026 367 is,
2054 330 2114 372 qui

1128 376 1241 409 tenet,
1268 372 1419 403 vendere
1439 378 1564 415 potest.
1616 373 1714 406 Talis
1733 381 1849 407 autem
1877 377 2008 410 reditus
2032 392 2113 411 con-

1126 420 1266 454 stitutus
1291 428 1341 454 est
1371 422 1407 454 in
1440 423 1605 456 universo
1637 437 1785 469 corpore
1819 427 2043 469 facultatum,
2081 437 2114 462 et

1126 471 1202 504 iure
1213 472 1258 516 22)
1283 473 1422 504 defendi
1447 479 1480 505 et
1503 476 1570 506 emi
1595 482 1720 518 potest.
1773 476 2028 521 Expendantur
2053 493 2112 513 au—

1127 528 1197 554 tem
1217 529 1250 554 et
1269 534 1308 555 ea
1322 550 1330 563 ,
1359 536 1448 567 quae
1467 533 1709 568 opponuntur.
1763 528 1853 561 Nam
1872 530 2012 563 collatio
2030 543 2111 563 con-

1126 572 1318 606 trariorum
1338 582 1628 617 argumentorum
1649 578 1759 620 magis
1776 581 1928 613 ostendit
1945 588 2110 615 naturam

1126 630 1326 657 contractus
1339 651 1346 664 ,
1375 627 1518 669 quando
1537 627 1581 659 sit
1599 628 1687 660 iusta
1706 630 1837 673 emptio
1850 658 1858 670 ,
1886 634 2028 676 quando
2046 634 2111 666 cir—

1125 675 1344 708 cumstantiis
1362 676 1587 719 depravetur.
1640 678 1731 712 Nam
1754 678 1930 714 humanae
1956 684 2110 718 actiones

1125 738 1267 766 omnes,
1295 739 1385 771 quae
1404 739 1421 759 a
1447 728 1689 761 voluntatibus
1710 724 1891 771 oriuntur,
1918 735 2111 768 511111ΗοΧί-

1122 777 1227 816 biles,
1256 783 1290 810 et
1306 777 1407 810 facile
1425 779 1684 822 depravantur,
1711 787 1750 812 ut
1771 793 1788 813 a
1811 784 1995 817 sex-oritate
2011 786 2110 819 facile

1123 828 1315 861 disceditur
1331 829 1375 861 ad
1395 830 1657 869 crudelitatem,
1686 837 1720 863 et
1740 831 1866 865 usitate
1885 834 2032 876 dicitur,
2060 837 2111 868 vi-

1123 879 1170 912 tia
1188 879 1304 912 vicina
1322 892 1394 912 esse
1412 880 1601 913 virtutibus
1613 907 1621 921 ,
1649 881 1744 914 iuxta
1762 883 1848 915 illud
1857 884 1918 929 ι·’3);

1206 938 1244 966 Et
1267 939 1341 966 bona
1363 945 1430 966 sunt
1452 939 1547 966 vicina
1571 940 1653 967 matis
1668 940 1726 979 24).

1205 989 1261 1017 Pro
1285 990 1352 1017 vitio
1376 990 1465 1017 virtus
1490 990 1608 1017 crimina
1633 1000 1724 1028 saepe
1748 993 1825 1021 tulit.

1172 1038 1289 1072 Facile
1314 1040 1422 1083 igitur
1445 1047 1528 1073 sunt
1558 1041 1829 1084 depravationes
1852 1051 2110 1086 contractuum,

1122 1097 1155 1123 et
1171 1091 1272 1124 facile
1291 1091 1333 1123 ab
1351 1091 1565 1136 aequalitate
1582 1092 1783 1127 disceditur.
1837 1095 2052 1141 Quanquam
2074 1098 2110 1129 in

1123 1148 1219 1174 tanta
1251 1142 1456 1175 infirmitate
1491 1140 1647 1175 humana
1682 1144 1804 1187 exigua
1833 1153 1948 1178 errata
1980 1150 2109 1180 condo-

1122 1199 1273 1233 nantur,
1301 1199 1421 1225 tamen
1438 1206 1516 1226 cum
1536 1194 1724 1238 conspicua
1743 1203 1804 1235 est,
1835 1204 1867 1229 et
1886 1199 2040 1231 enormis
2059 1200 2111 1231 in-

1122 1244 1336 1288 aequalitas,
1382 1244 1616 1277 conscientiae
1649 1258 1727 1278 eam
1762 1247 1918 1281 iudicare
1952 1258 2109 1292 possunt.

1123 1295 1328 1327 Cavendum
1362 1301 1413 1328 cst
1443 1301 1581 1335 autem,
1628 1308 1670 1329 ne
1704 1304 1826 1331 contra
1857 1301 2108 1333 conscientiam

1121 1351 1257 1388 agatur.

1771 942 1879 970 Eri-ore
1902 944 1952 971 sub
1975 945 2024 972 illo

1546 1430 1680 1464 Alia.

1222 1495 1466 1540 Opponuntur
1483 1503 1600 1529 autem
1621 1495 1706 1530 llaec
1725 1501 1915 1535 contraria.
1950 1501 1989 1535 In
2007 1504 2108 1537 titulo

1118 1546 1202 1579 Plus
1219 1547 1336 1579 valere
1355 1548 1450 1592 quod
1468 1548 1596 1591 agitur,
1621 1561 1727 1593 quam
1745 1552 1839 1595 quod
1856 1553 2042 1587 simulatur
2051 1555 2109 1601 ²⁵),

1117 1598 1283 1641 leguntur
1299 1596 1386 1631 haec
1402 1599 1582 1645 verl›a²⁶):
1619 1599 1811 1644 Emptione
1828 1602 1986 1646 pignoris
2005 1618 2107 1639 cansa

1117 1649 1207 1681 sacta
1223 1661 1297 1682 non
1313 1650 1409 1695 quod
1426 1650 1595 1694 scriptum
1614 1657 1676 1691 est,
1704 1653 1764 1685 sed
1780 1655 1876 1699 quod
1894 1662 2027 1699 gestum
2047 1664 2108 1698 est,

1118 1700 1317 1744 inspicitur.

1218 1750 1259 1784 In
1275 1752 1379 1784 tertio
1397 1764 1479 1785 casu
1499 1752 1707 1796 simpliciter
1730 1755 1768 1787 fit
1793 1757 1925 1800 emptio
1949 1758 2108 1802 pignoris

1117 1814 1220 1835 causa
1235 1829 1244 1842 ,
1283 1803 1319 1835 id
1353 1809 1419 1843 est,
1461 1804 1499 1835 fit
1528 1805 1801 1848 oppignoratio,
1848 1819 1921 1841 non
1953 1810 2105 1853 emptio:

1117 1865 1199 1896 ergo
1218 1865 1362 1897 prorsus
1378 1860 1429 1887 est
1445 1854 1630 1888 simulatus
1654 1863 1865 1892 contractus.
1927 1859 2106 1893 Minorem

1116 1905 1229 1948 probo
1241 1931 1250 1945 ,
1279 1905 1361 1950 quia
1379 1905 1472 1938 hona
1491 1905 1570 1946 illa,
1598 1906 1635 1938 in
1652 1907 1778 1952 quibus
1795 1910 1927 1953 emptio
1951 1912 2106 1955 fingitur,

1116 1962 1253 1988 tantum
1268 1962 1350 1990 sunt
1366 1969 1403 1989 re
1420 1957 1494 2000 ipsa
1515 1957 1658 2001 pignus,
1685 1959 1823 1993 etiamsi
1836 1968 1984 2005 propter
2005 1974 2106 2006 prae-

1116 2013 1249 2040 textum
1276 2007 1419 2041 additur
1442 2020 1574 2041 nomen
1597 2010 1797 2052 emptionis.
1850 2010 1924 2045 Imo
1951 2014 2106 2047 fatentur

1115 2058 1369 2099 instrumenta,
1398 2060 1494 2104 quod
1513 2060 1747 2103 oppignorata
1766 2062 1836 2095 sint
1854 2064 1973 2096 omnia
1999 2065 2104 2098 bona.

1114 2109 1190 2142 Hoc
1207 2116 1456 2153 argumentum
1480 2123 1563 2143 sane
1587 2111 1785 2156 speciosum
1811 2120 1880 2154 est,
1909 2122 1941 2147 et
1958 2115 2104 2148 difficul-

1115 2167 1167 2193 ter
1183 2162 1332 2194 refutari
1346 2167 1474 2205 potest.

1214 2212 1328 2245 Multa
1359 2212 1514 2257 speciose
1546 2214 1681 2257 opponi
1709 2221 1858 2258 possunt
1887 2222 2008 2248 contra
2036 2223 2103 2249 ter-

1113 2262 1198 2295 tiam
1213 2264 1366 2296 sormam
1379 2290 1387 2304 ,
1416 2270 1449 2297 et
1466 2276 1589 2298 xerurn
1610 2271 1679 2305 est,
1707 2278 1810 2310 saepe
1830 2267 2018 2310 depravari
2038 2268 2102 2300 cir—

1145 2399 1193 2426 22)
1214 2399 1287 2426 iure]
1308 2398 1347 2421 sic
1365 2397 1435 2422 Edit.
1454 2398 1545 2427 1546.;
1570 2398 1640 2421 Edit.
1658 2399 1730 2421 1545.
1751 2399 1802 2423 ius.

1147 2442 1194 2469 23)
1217 2441 1295 2465 Ovid.
1315 2441 1435 2463 remedia
1453 2441 1554 2464 amoris
1573 2440 1631 2464 323.
1650 2440 1707 2463 324.

1146 2486 1192 2512 24)
1213 2485 1246 2506 Et
1266 2484 1335 2506 bona
1353 2484 1417 2506 sunt
1436 2483 1526 2506 vicina
1545 2484 1648 2510 matis]
1671 2483 1710 2505 sie
1728 2483 1811 2506 Editt.
1840 2483 1918 2506 'unius
1944 2486 2100 2515 dissertat.;

1180 2518 1293 2543 ovidius
1314 2518 1439 2546 scripsit:
1464 2518 1497 2540 Et
1517 2518 1588 2540 mata
1608 2519 1672 2539 sunt
1691 2517 1782 2540 vicina
1801 2518 1885 2540 bonis.

1145 2562 1192 2588 2¹5)
1215 2565 1294 2589 quam
1313 2559 1386 2588 quod
1405 2559 1564 2586 simulatur]
1583 2559 1620 2581 sie
1639 2559 1723 2581 Editt.
1742 2559 1820 2581 huius
1840 2559 1968 2589 dissert.;
2001 2562 2026 2584 in
2052 2564 2101 2586 hoc

1180 2595 1258 2617 tituto
1283 2593 1383 2616 codicis
1407 2593 1538 2621 scriptum
1565 2594 1622 2615 est:
1659 2597 1738 2622 quain
1764 2592 1834 2622 quod
1859 2593 1986 2618 simulate
2009 2598 2101 2620 couci-

1181 2629 1263 2658 pitur.

1145 2672 1192 2700 26)
1216 2670 1344 2694 Cod.1v.
1374 2669 1415 2693 tit.
1431 2669 1473 2694 22.
1498 2669 1516 2694 1.
1532 2669 1555 2693 3.
1583 2668 1680 2700 (corp.
1707 2670 1756 2693 iur.
1781 2669 1832 2693 civ.
1859 2670 1899 2693 ed.
1923 2672 1994 2694 Beck
2021 2673 2050 2696 Τ.
2067 2674 2097 2699 11.

1183 2706 1211 2728 1’.
1227 2705 1246 2729 1.
1264 2711 1287 2734 p.
1304 2704 1387 2729 356j).

1414 2738 1461 2773 32
1480 2736 1500 2753 ⁵⁶
