2347 3000
202 126 295 164 1251

207 219 301 247 tunt.

208 264 342 310 ptione.

312 312 419 358 §.SL
456 310 603 360 Iudices]
642 314 838 360 Occupatio
867 322 936 356 est,
970 323 1009 350 ut
1037 316 1198 361 aliquan-

208 372 283 400 tum
314 365 453 398 minuat
484 365 638 398 taedium
671 373 741 399 tam
774 367 900 411 longae
923 367 1140 401 narrationis
1165 373 1199 399 et

209 429 352 457 causae,
395 428 484 462 quac
521 416 662 450 videtur
694 418 836 451 aliunde
862 419 1030 452 accersita
1058 424 1199 463 praeter

209 468 374 502 Sestium.
449 467 541 499 Tota
577 479 631 501 res
660 469 814 512 pertinet
846 470 891 502 ad
924 470 1098 510 Sestium,
1139 469 1200 514 qui

208 532 311 553 suum
342 518 563 551 tribunatum
596 520 745 554 contulit
780 521 824 553 ad
858 533 913 554 me
946 521 1199 554 revocandum.

209 569 348 614 Eorum]
376 568 505 602 scilicet
523 569 650 604 Clodii.
728 573 853 616 Huius]
880 571 1010 606 scilicet
1027 571 1141 606 Sestii.

313 628 399 672 Cap.
420 627 510 662 xlv,
540 627 570 672 ξ.
591 629 651 664 32.
679 632 764 664 Erat
785 631 906 675 iyitur]
933 631 1041 664 Redit
1057 632 1101 664 ad
1118 641 1199 663 nar-

209 679 406 718 rationem,
442 692 532 724 quae
560 680 659 714 miris
681 682 796 715 modis
820 688 871 715 est
896 682 1130 726 amplificata,
1167 688 1201 714 et

207 731 290 764 facit
308 730 589 775 propositionem
607 733 806 775 generalem
819 759 828 772 ,
857 746 963 778 quam
988 734 1058 766 late
1078 739 1200 777 patue-

207 781 254 815 rit
272 782 329 814 illa
353 781 547 816 calamitas.
625 781 752 830 Ipsius]
787 784 918 817 scilicet
939 791 1100 825 senatus,
1134 781 1201 817 hoc

208 839 279 873 est,
306 832 428 866 consul
446 845 519 865 non
537 833 625 866 solet
642 832 852 878 probibere,
876 848 946 880 quo
965 836 1082 869 minus
1100 847 1201 869 sena-

209 890 265 918 tus
283 896 344 917 sua
361 885 663 918 senatusconsulta
685 893 811 920 servet.
891 884 1040 934 Luyere]
1068 887 1201 920 Trans-

208 935 294 968 latio
306 935 475 968 adlocum
487 947 731 969 communem:
749 937 953 970 Humanum
972 945 1034 977 est,
1049 944 1088 971 ut
1105 938 1201 972 locus

208 987 422 1019 concedatur
438 984 643 1021 hominibus
659 988 712 1021 sui
730 988 854 1022 luctus.
930 990 1109 1033 Feselle'ste‘]
1138 989 1202 1023 sci-

207 1037 289 1070 licet
304 1049 377 1070 non
393 1037 511 1071 iuvisti
523 1038 743 1073 Ciceronem.
786 1039 999 1083 Deprecatio
1019 1047 1069 1074 est
1087 1040 1202 1073 omni-

206 1089 273 1122 bus
298 1100 473 1121 concessa.
579 1087 860 1137 Contemneres2]
900 1090 1032 1135 Aperte
1056 1091 1202 1125 iuvabat

209 1138 372 1172 Clodium
391 1138 576 1173 Gabinius.

312 1188 342 1234 ξ.
360 1190 419 1224 33.
448 1187 577 1236 Prote]
606 1190 640 1223 id
664 1197 733 1230 est,
768 1197 888 1225 tamen
916 1191 1110 1238 aliquando
1137 1191 1203 1224 tibi

209 1253 298 1286 opus
321 1241 387 1274 suit
412 1241 609 1274 mutatione
630 1242 787 1276 vestitus.
886 1244 1084 1288 Desperati]
1118 1243 1201 1276 Piso

209 1292 323 1325 tenuit
337 1292 559 1336 provinciam
578 1292 847 1334 Macedoniam,
875 1301 909 1327 et
929 1295 1048 1328 amisit
1072 1294 1202 1328 exerci-

208 1350 303 1383 tum,
338 1349 372 1376 et
397 1343 501 1376 rediit
532 1343 686 1377 Romam
717 1356 796 1378 cum
826 1357 966 1379 summa
992 1345 1202 1390 ignominia.

207 1393 259 1428 lbi
275 1394 381 1428 amici
398 1394 471 1428 eius
490 1407 555 1439 pro
573 1407 614 1428 eo
631 1401 817 1429 mutarunt
833 1403 957 1437 vestes,
985 1404 1018 1430 et
1034 1397 1203 1440 lugebant

208 1446 282 1480 eius
298 1445 422 1479 vicem.
497 1447 623 1490 Fastis]
640 1446 831 1482 Kalender.
897 1450 1092 1494 Disercmt]
1110 1446 1202 1483 Phil.

208 1497 293 1531 Mel.
310 1497 410 1541 legit:
440 1496 652 1544 dixerat'fl),
679 1498 811 1532 scilicet
828 1498 984 1534 Clodius.

313 1556 398 1601 Cap.
423 1555 496 1590 XV.
533 1554 564 1600 ξ
589 1557 648 1592 33,
692 1557 1009 1606 Ob›mmia1·et2-‘·)]
1052 1559 1202 1592 Olmun-

210 1607 298 1640 tiare
314 1614 363 1641 est
379 1605 639 1651 reprehendere
657 1609 812 1654 aliquam
830 1611 1008 1654 publicam
1025 1611 1201 1643 actionem

210 1658 389 1691 mentione
414 1658 653 1702 auspiciorum
676 1671 872 1694 sacrorum.
924 1661 1025 1693 Helia
1045 1668 1078 1693 et
1096 1661 1201 1694 Fusia

208 1710 263 1742 lex
299 1711 420 1742 eadem
450 1710 515 1742 fuit
538 1710 581 1742 (le
605 1709 799 1744 resistendo
826 1712 1033 1755 perniciosis
1057 1712 1201 1756 legibus.

212 1761 452 1794 Constitutum
469 1760 562 1793 enlm
581 1767 676 1801 erat,
704 1768 743 1795 ut
767 1762 887 1795 liceret
912 1763 1074 1797 resistere
1093 1763 1202 1797 actio-

211 1812 314 1845 nibus
343 1818 376 1845 et
395 1812 529 1855 legibus
555 1824 618 1855 per
641 1812 928 1847 intercessionem
955 1822 988 1848 et
1013 1814 1202 1848 obnuntia-

212 1863 358 1897 tionem.
442 1865 642 1908 Royutione]
677 1865 778 1909 quasi
801 1865 910 1898 dicat:
948 1865 985 1899 Si
1009 1865 1202 1912 unicuique

210 1914 410 1958 pernicioso
430 1914 498 1946 civi
514 1913 595 1947 licet
616 1915 728 1955 ferre,
755 1916 923 1962 quicquid
942 1917 1056 1957 lubet,
1085 1924 1201 1951 actum

212 1972 263 1999 est
280 1966 321 1999 de
338 1964 528 2009 republica.

316 2015 420 2060 §.S-st.
448 2017 681 2062 Colleya‘orum]
709 2016 997 2061 gesellscliafften.
1046 2018 1122 2064 Ipse
1143 2033 1203 2053 vo-

215 2068 316 2100 cabat
338 2067 541 2111 collegium,
585 2080 685 2101 suam
712 2070 1011 2114 conscriptionem
1036 2071 1201 2105 delectus.

211 2115 500 2164 Decea-iurentur]
536 2118 668 2152 scilicet
697 2122 841 2164 quando
867 2122 1022 2156 decimus
1054 2123 1202 2168 quisque

214 2169 374 2213 eligitur,
401 2169 544 2204 Welon.
614 2172 722 2215 Unus]
749 2172 880 2206 scilicet
899 2173 1062 2207 tribunus
1080 2174 1202 2219 plebis.

214 2218 422 2268 Possidebar]
449 2221 580 2254 scilicet
596 2220 753 2256 Clodius.

319 2278 350 2324 ἓ.
368 2279 428 2314 35.
455 2279 724 2329 Restitissemus]
754 2281 787 2315 id
808 2288 876 2322 est,
914 2296 977 2325 ego
994 2296 1049 2316 me
1069 2281 1122 2317 his
1141 2296 1203 2328 op-

214 2331 407 2375 posuissem
419 2358 428 2371 ,
455 2332 515 2365 sed
531 2332 630 2365 nolui
646 2333 779 2373 facere,
807 2345 850 2366 ne
866 2335 980 2378 patria
998 2347 1075 2368 mea
1099 2347 1202 2369 causa

212 2382 249 2416 in
268 2389 407 2417 tantum
422 2383 612 2417 discrimen
633 2385 878 2419 adduceretur.

253 2492 286 2527 ’d
316 2442 403 2489 Cap.
421 2442 512 2479 XVI.
552 2441 582 2489 §-
601 2443 662 2479 36.
706 2442 886 2492 Confiteor]
922 2445 957 2478 id
982 2452 1050 2486 est,
1086 2445 1135 2479 sui
1163 2445 1204 2478 ti-

212 2505 262 2527 mi
289 2506 341 2530 us.

406 212 645 262 [παίει-(393)]
686 214 817 248 scilicet
848 227 925 248 cum
957 214 1014 247 illa
1046 213 1198 259 proscri-

248 2626 298 2655 23)
319 2626 476 2655 Evertere]
494 2625 535 2649 sic
556 2625 604 2650 Ed.
620 2625 693 2650 1568.
714 2627 740 2650 et
757 2626 810 2657 al.;
838 2625 887 2651 Ed.
908 2625 994 2650 Orell.
1013 2627 1186 2656 peri-eriere.

250 2678 298 2703 24]
319 2677 441 2706 dixerat]
461 2677 511 2701 hoc
527 2677 576 2700 Ed.
595 2677 681 2701 Orell.
700 2676 728 2701 in
748 2678 824 2701 textu
842 2677 931 2700 hahet.

249 2729 299 2758 25)
317 2729 527 2758 Obnuutiaret]
547 2728 615 2752 lianc
629 2727 685 2753 Cic.
706 2733 801 2753 vocem
816 2727 877 2752 huic
890 2728 973 2753 notae
986 2727 1045 2759 ipse
1057 2727 1203 2760 adscripsi.

775 126 898 164 PHIL.
930 127 1044 164 MEL.
1084 126 1286 163 SCRIPTA
1320 126 1655 164 PHILOLOGIcA.

2143 126 2241 164 1252

1356 212 1386 257 §-
1413 214 1474 248 37.
1525 216 1566 248 In
1595 211 1712 262 leyem]
1755 215 1967 249 Saturninus
1997 215 2108 259 legem
2141 226 2242 258 agra-

1252 264 1341 297 riam
1354 264 1400 309 20)
1431 264 1530 305 tulit,
1571 272 1604 298 et
1628 272 1770 299 senatus
1798 267 1914 299 iurare,
1941 266 1975 298 in
1999 278 2076 299 eam
2098 271 2240 299 coactus

1252 321 1313 349 est.
1367 315 1433 349 Sed
1455 316 1671 362 Metellusffl)
1696 317 1841 363 unus²³)
1865 317 1992 351 restitit
2016 317 2065 349 illi
2085 316 2172 361 legi,
2207 322 2241 349 et.

1253 366 1413 407 exulare,
1442 379 1548 412 quam
1579 367 1694 400 iurare
1716 368 1841 401 maluit
1865 369 1900 400 in
1925 381 2001 400 eam
2026 380 2122 408 rem,
2158 378 2241 411 pro-

1253 424 1370 462 pterea
1397 418 1499 452 cessit
1517 431 1557 451 ex
1573 419 1660 451 urbe
1671 419 1729 464 29).
1807 417 1943 466 Leyem]
1972 419 2103 453 scilicet
2120 418 2241 452 Satur·

1254 469 1340 503 nini.
1446 467 1684 517 commutaret]
1718 470 1849 503 scilicet
1875 470 2000 504 maluit
2023 469 2134 502 videri
2160 480 2242 501 con-

1253 526 1369 560 stans,
1411 532 1517 565 quam
1542 521 1690 564 cupidus
1714 521 1881 553 manendi
1909 521 1944 553 in
1968 521 2094 565 patria.
2152 519 2243 552 Vide

1252 571 1398 605 Florum
1410 571 1468 618 ³⁰).
1548 570 1717 619 Huic-³0]
1747 572 1877 605 scilicet
1895 572 2051 606 Metello.
2095 570 2242 605 Vetera-

1254 623 1307 656 nis
1326 622 1431 655 Marii
1447 622 1748 666 promittebantur
1766 623 1854 666 agri.
1904 625 2061 657 Attamen
2080 625 2244 666 teryiver-

1252 680 1347 708 satus
1369 676 1488 715 cessit,
1526 673 1610 716 legit
1632 672 1724 708 Phil.
1748 673 1832 708 Mel.
1857 674 1985 708 omissa
2008 684 2092 707 voce
2118 672 2244 719 mecm),

1254 725 1355 770 quasi
1372 725 1483 757 dicat:
1511 725 1676 759 Metellus
1695 726 1806 759 cessit.

1358 774 1387 820 ξ.
1405 776 1465 810 38.
1491 778 1608 811 Meam
1632 773 1783 823 causam]
1814 775 1957 809 Metello
1981 787 2086 808 nemo
2111 774 2246 820 promi-

1254 832 1365 866 serat,
1394 825 1481 859 mihi
1500 840 1583 859 vero
1602 828 1817 871 promiserat
1838 834 1911 861 tota
1928 826 2041 860 halla.
2119 825 2243 871 Easae)

1256 891 1309 912 res
1330 876 1517 926 yesseram]
1546 879 1578 911 id
1599 886 1668 918 est,
1696 880 1792 924 quod
1812 879 1933 912 curavi
1957 877 2107 911 interfici
2125 876 2247 910 coniu-

1257 935 1352 962 ratos
1377 929 1572 969 Catilinae,
1614 942 1686 963 non
1713 942 1791 963 ineo
1814 929 1983 970 consilio,
2017 929 2079 963 sed
2103 933 2245 963 senatus

1256 981 1439 1013 voluntate
1456 980 1534 1013 seci-

1358 1032 1443 1075 Cap.
1463 1029 1568 1064 XVII.
1597 1031 1656 1064 38.
1692 1027 1870 1077 Prodfyia]
1909 1031 1943 1064 id
1967 1037 2037 1071 est,
2072 1029 2245 1070 consules,

1255 1081 1448 1115 Gabinium
1468 1088 1501 1115 et
1516 1082 1696 1116 Pisonem.
1766 1080 1932 1129 Tribuno]
1960 1081 2091 1115 scilicet
2107 1080 2247 1115 Clodio.

1360 1131 1390 1176 ἓ.
1418 1132 1478 1167 39.
1518 1130 1725 1180 Saturnino]
1762 1132 1864 1178 quasi
1892 1134 2001 1166 dicat:
2051 1131 2246 1166 Saturnino

1255 1183 1449 1227 praebebat
1469 1183 1689 1218 occasionem
1707 1196 1774 1223 res,
1797 1195 1888 1229 quae
1906 1184 1943 1217 in
1958 1183 2072 1228 spede
2091 1189 2166 1217 erat
2184 1182 2246 1216 ali-

1256 1234 1355 1268 cuius
1386 1234 1572 1268 momenti.
1673 1232 1808 1282 Scorto]
1843 1235 1974 1268 scilicet
1998 1234 2144 1275 Clodio,
2185 1233 2247 1279 qui

1256 1283 1345 1319 nihil
1365 1287 1406 1319 de
1425 1286 1605 1330 republica
1623 1286 1811 1329 cogitabat.
1866 1286 2017 1319 Collatio
2040 1286 2093 1320 sui
2120 1292 2154 1319 et
2171 1285 2246 1318 Me-

1256 1336 1339 1371 telli.
1436 1334 1716 1385 Testumentario]
1750 1336 1882 1371 scilicet
1903 1338 2055 1371 latrone.
2147 1338 2247 1370 Ami-

1255 1385 1404 1436 cis-simo]
1434 1388 1580 1422 Crassus
1599 1395 1633 1422 et
1648 1388 1777 1422 Caesar
1800 1401 1874 1421 non
1893 1390 1983 1422 bene
2007 1388 2175 1421 volebant
2188 1386 2246 1420 Ci-

1257 1439 1387 1473 ceroni.
1436 1440 1631 1483 Propterea
1649 1439 1766 1485 aliqua
1786 1452 1827 1473 ex
1844 1446 1944 1484 parte
1961 1438 2029 1473 lioc
2044 1451 2167 1473 verum
2183 1444 2247 1477 est,

1255 1490 1448 1534 Pompeius
1470 1491 1537 1524 suit
1560 1488 1670 1524 horno
1694 1491 2048 1526 inconstantissiinus.
2133 1486 2247 1536 Peste]

1256 1542 1387 1575 scilicet
1405 1542 1544 1576 ClodiO.

1359 1591 1389 1636 ἓ.
1409 1592 1468 1627 40,
1500 1590 1625 1640 Unum]
1654 1592 1785 1627 scilicet
1797 1594 1995 1627 Caesarem.

1254 1642 1378 1691 essem]
1405 1644 1536 1678 scilicet
1552 1644 1745 1688 Pompeius
1762 1652 1794 1678 et
1810 1646 1966 1679 Crassus.

1359 1695 1445 1739 Cap.
1469 1693 1590 1729 XVIII.
1629 1694 1658 1739 ᾗ.
1680 1695 1740 1729 40.
1785 1692 2006 1742 Videbantur]
2044 1693 2125 1728 Non
2161 1693 2244 1739 quia

1256 1745 1302 1777 ita
1328 1747 1520 1786 sentirent,
1561 1747 1621 1780 sed
1655 1747 1738 1791 quia
1762 1759 1835 1779 non
1861 1747 2040 1779 audebant
2065 1746 2243 1778 offendere

1256 1797 1440 1830 tribunum
1457 1797 1580 1841 plebis.
1660 1800 1702 1831 L.
1723 1800 1791 1841 ipse
1809 1801 1934 1832 Caesar
1943 1795 2014 1845 31)]
2045 1796 2083 1831 C.
2102 1797 2244 1836 Caesar,

1255 1848 1339 1892 legit
1357 1846 1450 1881 Phil.
1468 1848 1551 1881 Mel.

1359 1899 1444 1944 Cap.
1464 1898 1554 1932 XlX.
1584 1897 1613 1942 ἓ.
1633 1898 1692 1935 42.
1718 1902 1810 1933 Ilaec
1831 1912 1888 1944 ‘²9⁰
1908 1896 2024 1946 qutun]
2051 1898 2115 1932 Est
2132 1895 2247 1931 adhuc

1256 1950 1424 1984 continua
1442 1950 1601 1983 narratio
1619 1951 1788 1995 temporis
1806 1951 1918 1990 illius,
1946 1952 2088 1997 quando
2102 1949 2247 1983 Clodius

1256 2001 1356 2034 eiecit
1371 2015 1411 2035 ex
1427 2001 1513 2035 urbe
1533 2001 1760 2042 Ciceronem,
1794 2008 1827 2035 et
1850 2009 1932 2036 sunt
1957 2014 2101 2042 causae,
2137 2012 2247 2046 quare

1256 2052 1329 2098 ipse
1361 2052 1554 2086 recesserit.
1659 2055 1743 2094 Eos,
1784 2055 1840 2099 qui
1874 2051 2073 2101 plurimum]
2114 2052 2245 2086 scilicet

2061 1594 2195 1627 Privati
2211 1616 2218 1625 .
2237 1616 2246 1625 .

1290 2179 1338 2207 26)
1357 2179 1446 2210 Iegem
1464 2179 1618 2211 agrariam]
1637 2180 1743 2205 scilicet
1762 2180 1794 2204 de
1813 2186 1880 2212 agro
1900 2181 2033 2205 Cimbrico
2052 2180 2206 2205 dividundo.

1290 2222 1338 2253 27)
1359 2224 1390 2252 Q.
1409 2222 1546 2247 Caecilius
1564 2223 1690 2246 Metellus
1710 2224 1738 2247 L.
1759 2223 1777 2246 f.
1797 2223 1968 2251 NumidieuS,
2002 2224 2073 2247 enus.
2094 2224 2189 2248 Orellii
2215 2226 2242 2248 et

1325 2257 1427 2281 Baiteri
1447 2258 1589 2282 onomast.
1607 2258 1724 2281 Tullian.
1743 2258 1773 2281 P.
1788 2258 1819 2281 ll.
1839 2265 1862 2288 p.
1880 2258 1928 2282 103
1942 2265 1982 2288 sq.
2003 2260 2029 2282 et
2047 2259 2090 2283 59.

1291 2300 1339 2328 28)
1358 2301 1443 2328 unus]
1464 2300 1511 2324 Ed.
1534 2300 1607 2324 1568.
1627 2307 1723 2324 errore
1743 2303 1869 2331 typogizz
1897 2308 1975 2325 urus.

1290 2342 1338 2370 29)
1359 2343 1416 2366 Hoc
1435 2344 1525 2366 aetum
1545 2344 1588 2365 est
1606 2348 1631 2366 a.
1646 2349 1669 2366 u.
1685 2350 1706 2367 e.
1719 2343 1796 2367 654..
1815 2349 1866 2373 quo
1886 2348 1957 2367 anuo
1976 2343 2006 2367 1..
2024 2344 2174 2375 Appuleius
2188 2348 2243 2370 sa-

1325 2377 1452 2400 turninus
1472 2377 1570 2400 iterum
1590 2377 1713 2400 tribunus
1733 2377 1818 2407 plebis
1836 2380 1904 2402 erat.

1290 2418 1338 2449 30)
1356 2420 1433 2443 Flor.
1448 2419 1494 2446 lll.
1516 2419 1574 2449 17.,
1595 2419 1637 2444 ubi
1657 2420 1765 2444 exilium
1783 2420 1887 2443 Metelli
1905 2422 2083 2445 memoratur.

1290 2462 1338 2490 31)
1357 2462 1398 2491 ei]
1415 2462 1454 2486 sic
1472 2462 1522 2487 Ed.
1539 2462 1613 2486 1568.
1633 2464 1660 2486 et
1678 2462 1733 2493 al.;
1760 2462 1808 2486 Ed.
1828 2462 1913 2487 orell.
1933 2462 2009 2487 huic.

1291 2504 1338 2536 32)
1359 2505 1418 2529 Hoc
1435 2506 1542 2534 spectat
1559 2505 1593 2528 ad
1606 2505 1742 2529 Editionis
1751 2505 1944 2536 uei-vagianae
1958 2508 1985 2529 et
1997 2506 2032 2530 al.
2050 2506 2243 2538 interpolatio-

1326 2545 1403 2563 nem:
1431 2540 1617 2571 populariter
1640 2541 1756 2571 ayenti,
1785 2541 1914 2564 attamen
1941 2547 2004 2564 nec
2031 2542 2243 2572 tergiversatus

1326 2573 1422 2598 cessit.
1458 2573 1506 2597 Ed.
1524 2574 1609 2599 Orell.
1624 2574 1649 2598 11.
1664 2575 1681 2598 l.
1700 2575 1793 2598 habet:
1810 2575 1994 2604 populariter
2009 2576 2243 2609 abstinenterque

1325 2608 1452 2632 versuto.
1490 2606 1584 2632 Cessit
1602 2608 1670 2637 (vid.
1691 2608 1788 2633 Orellii
1807 2611 1874 2633 nota
1890 2609 1950 2632 crit.
1970 2610 2004 2632 ad
2022 2610 2046 2633 lt.
2067 2611 2108 2638 l.).

1290 2649 1339 2678 33)
1360 2650 1436 2678 Eas]
1455 2648 1495 2673 sic
1513 2650 1560 2674 Ed.
1581 2650 1686 2681 0rell.;
1709 2650 1758 2674 Ed.
1775 2651 1848 2674 1568.
1867 2657 1963 2675 errore
1983 2654 2109 2683 type-gin:
2135 2655 2189 2679 Eu.

1290 2693 1338 2721 34)
1358 2693 1392 2718 L.
1410 2692 1470 2723 ip'se
1488 2692 1613 2723 Caesar]
1638 2693 1678 2718 sic
1696 2693 1744 2717 Ed.
1765 2693 1839 2718 1563.
1866 2696 1892 2718 ot
1911 2695 1965 2726 al.;
1996 2695 2043 2719 Eu.
2066 2696 2150 2721 osen.
2176 2697 2241 2728 Ipse

1325 2728 1421 2753 autem
1443 2726 1560 2753 Caesar.
