2347 3000
54 136 102 171 49

53 228 141 256 state
166 219 328 261 Diaboli,
356 216 568 264 impellentis
595 218 732 254 animos
755 220 800 253 ad
824 219 956 263 flagitia
984 219 1036 251 in-

55 273 195 307 citatur.

156 332 275 377 Quare
302 329 441 363 difficile
466 336 517 364 est
543 329 649 363 etiam
674 335 856 362 externam
882 327 1036 372 discipli-

54 394 138 416 nam
169 393 397 421 conservare,
432 387 466 414 et
491 380 650 424 agnoscit
675 378 765 413 hanc
794 379 1035 412 infirmitatem

51 430 294 478 philosophia,
321 431 411 466 sicut
428 431 464 465 in
480 432 680 476 Tragoedia
698 432 747 464 ait
762 431 893 464 Seneca
910 429 975 476 ῦο);

177 508 225 537 Sic
247 516 312 535 cum
337 512 485 545 gravatam
509 507 606 535 navita
628 506 751 534 adversa
774 512 867 534 ratem

178 557 320 596 Propellit
342 557 439 593 unda,
463 558 539 586 cedit
561 558 589 585 in
613 566 718 585 vanum
742 557 833 593 labor,

176 609 215 637 Et
237 609 312 637 victa
334 618 426 646 prono
450 609 555 646 puppis
574 607 707 636 aufertur
727 606 811 634 vado.

174 660 260 694 Quod
284 660 356 688 ratio
379 660 485 697 poscit,
511 659 598 687 vincit
619 667 652 686 ac
674 662 777 696 regnat
798 656 888 685 furor.

50 726 133 761 Ideo
160 728 304 772 prodest
335 724 403 760 huc
428 725 498 759 iam
523 725 683 758 conferre
707 723 906 758 doctrinam
932 721 1034 758 Chri-

50 779 222 818 stianam,
251 789 340 824 quae
366 783 399 810 et
422 788 542 810 causas
566 775 782 809 infirmitatis
800 775 973 815 ostendit,
1000 782 1034 809 et

50 830 236 874 pollicetur
265 827 446 862 auxilium.
500 827 555 860 Sic
586 833 620 860 et
646 827 721 871 ipsa
746 826 906 860 doctrina
933 824 1033 860 Chri-

50 880 163 914 stiana
187 881 226 913 fit
244 878 399 919 dulcior,
427 890 505 911 cum
532 877 638 911 etiam
658 878 694 910 in
718 875 782 910 hac
799 883 900 921 parte
918 884 1031 911 trans-

49 932 161 964 fertur
177 931 221 963 ad
237 942 352 966 usum.
392 928 438 962 Et
453 927 509 962 1110
525 935 689 974 apparet,
718 928 916 962 doctrinam
931 926 1031 961 Ethi-

50 994 126 1015 cam
153 993 228 1014 non
258 993 329 1014 esse
360 980 554 1024 integram,
584 980 654 1013 nisi
678 979 842 1013 adiuncta
867 979 1030 1012 doctrina

50 1030 270 1072 Christiana,
297 1043 386 1077 quae
411 1031 507 1065 iubet
530 1030 673 1075 agnosci
695 1031 863 1064 beneficia
887 1028 1030 1071 Christi,

49 1090 83 1117 et
104 1083 176 1128 peti
201 1082 369 1117 auxilium
392 1082 543 1127 Spiritus
560 1082 673 1116 sancti
696 1089 819 1115 contra
844 1081 1030 1116 infirmita-

49 1141 121 1167 tem
152 1141 333 1174 nostram,
369 1139 402 1167 et
432 1139 554 1167 contra
586 1133 792 1167 Diabolum.
844 1133 917 1167 Nec
948 1139 1031 1167 sunt

49 1185 170 1218 irritae
193 1184 444 1229 promissiones
457 1211 465 1225 ,
493 1184 529 1217 in
547 1184 674 1230 quibus
694 1184 864 1218 auxilium
881 1184 1029 1228 promit-

50 1236 156 1276 titur,
185 1236 293 1269 modo
318 1242 357 1269 ut
377 1235 446 1269 illis
468 1241 630 1275 utamur,
656 1235 751 1269 iuxta
776 1235 863 1268 illud
888 1235 940 1281 (1.
963 1235 1029 1279 Ep.

50 1285 172 1320 Ioann.
189 1287 223 1327 3,
240 1287 308 1332 8.):
332 1286 442 1319 Filius
460 1285 526 1319 Dei
545 1286 660 1326 venit,
687 1292 726 1318 ut
746 1286 903 1318 destruat
922 1297 1027 1329 opera

49 1338 205 1371 Diaboli.
246 1338 431 1371 Postremo
450 1336 497 1369 ita
515 1337 658 1369 demum
676 1336 762 1369 illud
779 1336 907 1379 ipsum,
933 1336 1029 1380 quod

52 1395 197 1421 vocatur
219 1386 374 1433 ἠθικὸν,
402 1387 437 1419 111
461 1393 530 1426 051,
557 1387 794 1431 tranquillitas
812 1392 846 1418 et
867 1387 1028 1418 modera-

53 1440 100 1472 tio
116 1439 262 1472 efficitur
273 1464 281 1478 ‚
304 1450 383 1471 cum
398 1438 490 1470 lucet
507 1437 543 1469 in
559 1437 685 1470 animis
703 1448 784 1470 vera
801 1435 867 1468 Dei
882 1436 1028 1479 agnitio,

50 1501 140 1535 quae
165 1500 284 1522 veram
310 1487 588 1521 consolationem
610 1487 723 1531 parit,
751 1493 785 1520 et
800 1486 890 1530 regit
905 1499 1027 1520 omnes

49 1547 165 1573 motus
190 1538 318 1579 animi,
350 1550 389 1571 ac
412 1538 520 1571 refert
541 1538 585 1571 ad
606 1538 873 1581 glorificandum
899 1537 1027 1572 Deum.

48 1591 145 1624 Sicut
165 1596 198 1623 et
214 1589 346 1623 Paulus
374 1588 525 1635 (Coloss.
542 1589 564 1622 3
577 1616 585 1629 ‚
603 1587 678 1634 15.)
707 1589 841 1634 inquit:
870 1589 945 1622 Pax
960 1589 1027 1622 Dei

47 1642 219 1686 gubernet
233 1640 278 1686 ⁵¹)
315 1641 421 1673 corda
458 1647 585 1674 vestra.
644 1640 736 1675 Nam
767 1640 914 1680 fiducia,
956 1652 1025 1686 qua

47 1692 232 1726 statuimus
264 1692 366 1725 nobis
396 1691 511 1725 Deum
548 1691 742 1736 propitium
776 1704 847 1725 esse
881 1698 1027 1736 propter

49 1741 248 1783 Christum,
282 1755 347 1777 nos
379 1743 557 1782 exaudiri,
592 1748 626 1776 et
651 1742 788 1783 iuvari,
824 1743 1027 1776 consolatur

46 1807 112 1829 nos
130 1795 167 1828 in
185 1794 347 1828 omnihus
364 1793 611 1827 afflictionibus
627 1800 690 1828 etc.

149 1845 194 1879 Et
211 1845 292 1891 quia
310 1846 345 1878 in
362 1845 428 1890 piis
446 1851 617 1889 reguntur
636 1845 779 1878 affectus
794 1856 879 1878 vero
897 1844 1026 1877 timore

47 1896 132 1937 Dei,
160 1903 194 1930 et
218 1908 299 1929 vera
323 1896 469 1937 fiducia,
497 1902 578 1930 sunt
599 1896 711 1940 magis
735 1895 922 1940 compositi
951 1907 1027 1928 mo-

48 1954 114 1982 tus.
166 1947 217 1981 Ita
240 1947 355 1980 David
378 1954 429 1981 est
447 1944 673 1993 ἠθικώτερος
702 1958 809 1992 quam
837 1947 1027 1990 Augustus,

47 1998 165 2032 minus
192 1998 368 2032 insolescit
399 1998 435 2031 in
459 1999 563 2032 rebus
591 1998 774 2038 secundis,
812 1998 893 2043 (11113
926 1997 1028 2030 1111101

46 2049 185 2089 1)011111,
216 2046 323 2083 1131)οῐ
353 2050 390 2083 111
417 2049 521 2083 rebus
551 2049 706 2083 adversis
734 2049 1026 2089 consolationem,

47 2101 177 2133 tolerat
201 2100 350 2133 iniurias
374 2101 540 2146 aequiore
564 2100 696 2134 animo.
748 2100 795 2133 Hi
811 2106 927 2133 motus
945 2106 1027 2133 sunt

48 2150 268 2185 excitatiores
293 2157 327 2184 et
349 2152 522 2185 dulciores
544 2151 581 2184 in
598 2150 754 2192 Davide,
780 2151 939 2198 (1113111111
955 2150 1027 2184 Au-

49 2208 149 2247 gusto
160 2229 169 2242 ,
198 2202 261 2235 etsi
277 2199 333 2234 hic
351 2214 492 2248 quoque
507 2202 574 2235 fuit
590 2199 732 2247 ἠθικός.

149 2253 300 2298 Reliqua
324 2259 375 2286 cst
393 2253 551 2299 quaestio
570 2253 612 2286 de
637 2253 834 2287 actionibus
849 2252 1027 2286 interiori-

47 2305 112 2338 bus
136 2316 217 2347 erga
242 2303 377 2343 Deum,
405 2304 536 2337 scilicet
557 2304 599 2337 de
624 2303 752 2337 timore
769 2303 855 2344 Dei,
879 2305 921 2337 de
940 2304 1027 2337 fidu-

48 2356 121 2395 cia,
150 2355 336 2388 dilectione
360 2354 445 2394 Dei,
474 2366 555 2387 vera
580 2355 770 2399 patientia,
799 2361 833 2388 et
855 2355 1027 2388 similibus

48 2406 245 2440 actionibus
256 2406 510 2450 spiritualibus,
527 2417 613 2451 quas
629 2405 667 2438 in
681 2406 747 2450 piis
761 2405 906 2440 existere
923 2417 1028 2450 opor-

49 2463 109 2490 tet.
168 2456 221 2490 De
250 2455 304 2490 his
328 2457 472 2502 proprie
500 2456 703 2501 quaeritur,
739 2469 785 2489 an
813 2455 922 2490 homo
953 2457 1028 2490 sine

49 2507 183 2551 Spiritu
205 2514 325 2541 sancto
344 2508 454 2552 possit
476 2508 610 2540 efficere
625 2520 749 2540 verum
766 2507 932 2541 timorem
949 2507 1028 2547 Dei,

48 2570 169 2591 veram
196 2558 379 2599 fiduciam,
403 2571 523 2592 veram
546 2558 772 2592 dilectionem
789 2564 852 2593 etc.
905 2557 958 2591 De
975 2557 1029 2592 his

82 2674 128 2706 50)
149 2675 269 2698 Senecae
288 2673 453 2704 Hippolytus
473 2674 531 2697 Act.
551 2673 570 2697 Ι.
590 2672 785 2704 wien—184.

87 2725 134 2757 51)
155 2725 300 2756 gubernet]
320 2725 360 2748 sic
378 2726 427 2748 Ed.
447 2725 538 2753 ¹546.;
558 2724 606 2748 Ed.
629 2724 700 2749 1540.
721 2725 862 2755 gubernat.

52 2768 232 2799 MELANTH.
260 2766 365 2798 OPER.
396 2767 479 2797 Von
505 2765 593 2796 XVI.

607 131 632 169 I.
675 130 1024 168 PHILOSOPHIAE
1051 130 1263 167 MORALIS
1290 131 1517 168 EPITOME.
2024 134 2070 168 50

1090 225 1140 252 est
1162 219 1290 253 usitata
1321 219 1525 263 responsio,
1561 220 1657 265 (111011
1689 219 1763 253 51110
1790 219 1923 264 Spiritu
1946 228 2066 255 sancto

1089 282 1162 302 non
1183 270 1317 314 possint
1337 268 1373 303 111
1390 277 1506 304 11101115
1528 271 1626 304 effici.
1673 270 1740 303 Sed
1759 278 1827 304 tres
1844 284 1967 305 causae
1987 285 2067 305 con-

1089 320 1302 364 iunguntur,
1331 322 1477 356 verbum
1498 321 1583 361 Dei,
1608 322 1758 366 Spiritus
1776 328 1928 362 sanctus,
1955 329 1989 356 et
2005 321 2068 356 bu-

1089 383 1193 404 mana
1212 372 1386 407 voluntas.
1441 373 1534 406 Utile
1558 379 1609 407 est
1630 373 1723 405 enim
1746 380 1879 407 mentes
1896 375 2067 407 deducere

1089 422 1132 454 ad
1157 423 1326 463 verbum,
1351 423 1432 468 quia
1460 436 1524 469 per
1549 424 1583 457 id
1602 424 1752 469 Spiritus
1775 430 1914 458 sanctus
1931 431 1981 458 est
1997 426 2067 457 effi-

1089 484 1170 512 cax,
1198 485 1277 506 cum
1298 480 1532 509 sustentamus
1549 487 1613 509 nos
1631 476 1739 508 verbo
1756 475 1842 515 Dei,
1867 487 1931 508 nec
1953 482 2003 509 est
2021 477 2068 508 ef-

1088 524 1175 556 ficax
1199 523 1350 568 Spiritus
1382 532 1521 560 sanctus
1554 527 1589 559 in
1615 526 1913 571 repugnantibus,
1948 533 1981 559 et
2007 538 2067 559 vo-

1087 574 1204 608 luntas
1236 587 1299 618 per
1322 587 1394 608 sese
1418 588 1636 620 repugnare,
1671 578 1753 610 ilem
1784 583 1944 611 excutere
1973 578 2067 610 dona

1087 624 1154 658 Dei
1175 631 1310 669 potest,
1339 631 1373 658 et
1394 638 1516 660 rursus
1539 628 1657 661 adiuta
1682 641 1699 661 a
1718 628 1852 673 Spiritu
1867 635 1988 661 sancto
2006 641 2068 673 po-

1087 682 1152 709 test
1166 676 1328 710 resistere
1344 677 1511 721 propriae
1528 677 1759 712 imbecillitati
1771 686 1804 712 et
1814 680 1975 713 assentiri
1986 691 2067 724 pro-

1086 727 1247 761 missioni
1274 727 1352 762 Dei.
1404 727 1455 761 Ita
1480 729 1650 773 scriptum
1677 736 1727 763 051
1757 729 1857 775 (Luc.
1888 731 1953 770 11,
1972 730 2066 776 13.):

1086 778 1194 811 Dabit
1216 778 1387 822 Spiritum
1412 786 1572 813 sanctum
1596 780 1814 824 petentibus,
1848 793 1921 813 non
1947 782 1996 814 ait
2013 794 2068 815 re-

1085 830 1342 874 pugnantibus,
1367 836 1427 863 aut
1445 831 1763 864 contemnentibus.
1817 829 1856 863 In
1881 829 1972 864 hanc
1989 845 2066 866 sen-

1084 881 1231 914 tentiam
1255 881 1376 914 dicunt
1394 887 1544 916 veteres:
1573 882 1772 916 Praeeunte
1797 881 1931 925 grafia,
1959 883 2067 916 001111-

1085 938 1181 965 tante
1198 932 1392 966 voluntate.

1184 982 1236 1016 Ex
1254 981 1308 1017 his
1329 983 1412 1016 satis
1439 989 1604 1027 apparet,
1633 989 1807 1028 quatenus
1826 984 1989 1018 voluntas
2006 982 2066 1018 113-

1082 1034 1163 1067 beat
1194 1034 1350 1080 aliquam
1377 1034 1597 1074 fiber-tatem,
1630 1041 1804 1079 quatenus
1828 1047 1902 1068 non
1926 1033 2067 1070 habeat,

1083 1085 1185 1118 Certe
1211 1087 1307 1131 quod
1338 1085 1382 1118 ad
1405 1097 1523 1120 mores
1549 1084 1694 1125 attinet,
1723 1086 1764 1118 de
1790 1086 1917 1131 quibus
1942 1084 2065 1119 Etbica

1081 1136 1259 1182 loquitur,
1288 1148 1376 1182 quos
1395 1142 1428 1169 et
1444 1136 1538 1181 ipsos
1555 1136 1728 1181 praecipit
1743 1137 1856 1177 Deus,
1881 1137 1998 1182 aliqua
2017 1144 2067 1171 est

1081 1188 1244 1228 llbertas,
1272 1194 1311 1221 ut
1334 1187 1466 1220 dictum
1494 1194 1565 1227 est,
1594 1193 1763 1221 ettamen
1784 1186 1840 1220 hic
1856 1188 1924 1232 piis
1942 1189 2066 1231 gratis-

1081 1238 1210 1271 simum
1244 1245 1295 1272 est
1319 1239 1400 1271 addi
1429 1238 1627 1271 doctrinam
1655 1239 1697 1271 de
1724 1251 1826 1271 causa
1852 1239 2066 1272 infirmitatis

1081 1287 1278 1328 hnmanae,
1306 1295 1339 1321 ct
1356 1290 1398 1322 de
1416 1289 1573 1329 auxiliis,
1603 1301 1692 1334 quae
1710 1288 1868 1323 Christus
1884 1290 2066 1334 proponit.

1183 1339 1359 1372 I‘xecensui
1396 1340 1521 1372 ordine
1552 1346 1706 1384 quatuor
1735 1341 1851 1380 locos,
1885 1341 2066 1374 confutavi

1081 1388 1237 1422 Stoicam
1256 1389 1483 1432 opinionem,
1512 1390 1582 1422 dixi
1601 1390 1636 1422 in
1653 1403 1780 1433 genere
1799 1391 1840 1423 de
1858 1392 2065 1435 contingen-

1081 1439 1150 1479 tia,
1187 1440 1315 1472 deinde
1347 1441 1389 1472 de
1415 1440 1576 1472 libertate
1612 1440 1649 1472 in
1680 1441 1831 1474 externis
1855 1442 2066 1482 actionibus,

1079 1496 1260 1534 postremo
1287 1491 1329 1522 de
1354 1490 1596 1534 spiritualibus
1618 1491 1835 1531 actionibus,
1863 1489 1930 1525 1100
1945 1493 2065 1526 discri-

1080 1554 1162 1574 men
1176 1539 1342 1575 nonnihil
1359 1541 1446 1575 lucis
1465 1541 1599 1574 addIdit
1615 1542 1660 1587 5“”·)
1688 1539 1770 1576 111110
1789 1544 2064 1579 controversiae.

1372 1627 1470 1670 Quid
1498 1632 1555 1663 est
1583 1626 1773 1676 affectus?

1180 1695 1358 1729 Hactenus
1382 1696 1515 1729 1110111111
1541 1703 1612 1736 051,
1639 1697 1723 1742 quid
1747 1696 1792 1731 sit
1814 1696 1944 1737 virtus,
1973 1709 2063 1743 quae

1080 1745 1150 1779 sint
1166 1747 1239 1780 eius
1258 1759 1394 1781 causae.
1439 1747 1542 1780 Nunc
1560 1749 1771 1781 conferenda
1790 1754 1840 1781 est
1857 1748 1967 1783 virtus
1984 1761 2063 1782 cum

1080 1797 1291 1842 quibusdam
1322 1798 1496 1832 affinibus.
1552 1798 1615 1832 Est
1638 1805 1755 1832 autem
1782 1799 1937 1832 vicinum
1962 1799 2064 1845 quid-

1079 1849 1160 1881 dam
1185 1849 1348 1883 affectus:
1378 1849 1463 1882 alias
1490 1849 1584 1882 enim
1612 1856 1811 1894 repugnant
1829 1850 1974 1884 affectus
1992 1850 2063 1883 vir-

1080 1899 1182 1940 tutis,
1210 1900 1296 1933 alias
1320 1912 1396 1933 eam
1420 1900 1601 1935 adiuvant.
1654 1900 1704 1933 Ac
1721 1901 1854 1934 multae
1879 1907 1961 1934 sunt
1983 1913 2062 1935 cau—

1079 1962 1156 1990 sae,
1201 1963 1309 1996 quare
1342 1952 1455 1995 prosit
1487 1951 1688 1995 diligentius
1724 1952 1947 1985 considerare
1980 1953 2062 1985 affe-

1079 2008 1197 2035 ctuum
1214 2003 1328 2035 fontes
1348 2009 1381 2035 01
1397 2008 1574 2036 naturam.
1632 2002 1794 2035 Primum
1812 2003 1904 2035 enim
1924 2015 2061 2037 necesse

1080 2059 1130 2086 est
1160 2059 1280 2086 tenere
1315 2053 1503 2086 discrimen
1532 2053 1624 2086 inter
1650 2054 1795 2087 affectus
1826 2060 1859 2086 et
1882 2053 2061 2088 virtutem.

1079 2104 1259 2144 Secundo,
1295 2104 1376 2149 quia
1411 2106 1452 2137 de
1484 2104 1664 2137 affectibus
1692 2105 1857 2148 leguntur
1889 2105 2061 2138 absurdae

1080 2155 1266 2199 opiniones
1282 2155 1481 2189 Stoicorum
1510 2161 1544 2188 et
1564 2152 1617 2188 his
1640 2155 1743 2188 multi
1760 2161 1906 2199 propter
1923 2156 2061 2188 novita-

1079 2212 1150 2239 tem
1166 2206 1405 2250 applaudunt,
1421 2206 1565 2250 prodest
1580 2206 1843 2238 commonefieri
1860 2207 2061 2239 adolescen-

1080 2263 1151 2297 tes,
1180 2257 1265 2302 quid
1293 2258 1335 2289 de
1360 2257 1427 2290 illis
1446 2256 1572 2290 Stoicis
1591 2257 1819 2300 opinionibus
1837 2257 2059 2290 sentiendum

1080 2308 1135 2341 sit.
1187 2307 1367 2341 Interdum
1394 2307 1487 2340 enim
1515 2307 1632 2351 inepte.
1655 2305 1871 2340 invehuntur
1889 2307 1925 2340 in
1943 2308 2060 2342 Eccle-

1080 2359 1188 2398 siam,
1222 2359 1282 2392 ubi
1314 2371 1415 2391 error
1440 2359 1550 2391 multa
1577 2358 1669 2402 parit
1699 2358 1936 2392 incommoda.
1990 2359 2061 2403 Ap-

1080 2409 1223 2453 pellatio
1251 2415 1369 2443 autem
1396 2409 1540 2442 affectus
1558 2408 1700 2452 proprie
1723 2409 1877 2453 pertinet
1894 2410 1937 2442 ad
1956 2422 2061 2454 appe-

1080 2460 1222 2494 titiones
1248 2472 1412 2494 sensuum
1443 2466 1477 2492 01
1506 2459 1708 2493 voluntatis.
1761 2459 1855 2493 Fons
1885 2466 1935 2494 est
1956 2461 2062 2505 igitur

1082 2510 1185 2544 buius
1202 2510 1450 2555 disputationis
1467 2510 1655 2543 discrimen
1673 2510 1942 2554 appetitionum.
1990 2512 2061 2556 Ap-

1082 2561 1268 2606 petitiones
1291 2567 1373 2595 sunt
1398 2561 1552 2604 triplices
1578 2560 1614 2592 in
1638 2567 1766 2594 natura
1789 2559 1963 2595 hominis:
1990 2563 2061 2607 Ap—

1082 2613 1205 2657 petitio
1232 2612 1447 2656 vegetativae
1472 2611 1650 2655 potentiae
1673 2618 1744 2651 est,
1772 2618 1809 2645 ut
1826 2613 1935 2647 fames
1961 2625 1998 2645 ac
2018 2614 2060 2647 si*-

1118 2722 1165 2752 52)
1186 2721 1301 2751 addidit]
1321 2721 1361 2746 sic
1378 2721 1539 2790 Ed415464
1566 2722 1615 2746 Ed.
1639 2723 1711 2747 1540.
1731 2722 1802 2747 addit
