2347 3000
230 146 276 178 47
498 138 696 175 SCRIPTA
722 138 797 172 PII.
825 135 937 170 MEL,
960 133 1026 168 AD
1052 128 1262 166 ETHICEN
1288 128 1352 163 ΕΤ
1379 126 1635 164 POLITICEN
1663 126 1972 162 SPECTANTLt.
2192 128 2239 164 48

231 238 298 263 tate
316 227 470 262 humana
494 227 580 259 effici
599 224 743 270 possint.
797 221 958 256 Breviter
977 225 1093 252 autem
1113 222 1147 249 ct
1162 215 1205 247 de

230 281 295 314 hoc.
317 279 434 324 priore
459 278 564 310 modo
584 277 682 316 dico,
709 274 928 307 voluntatem
953 270 1018 303 Dei
1043 268 1080 300 in
1097 267 1206 323 verbo

233 331 450 376 propositam
476 329 681 360 intuendam
707 337 798 364 esse,
822 335 895 356 non
921 322 963 353 de
990 330 1118 352 arcana
1141 316 1208 350 Dei

232 381 486 424 gubernatione
505 379 578 412 sine
593 378 700 410 verbo
718 374 942 408 iudicandum
961 382 1045 404 esse..
1086 369 1209 402 Testa·

234 441 289 466 tur
315 438 431 464 autem
459 430 605 463 verbum
623 427 708 466 Dei,
736 426 850 458 Deum
874 434 948 455 non
972 433 1044 454 esse
1068 430 1209 453 causam

234 483 385 528 peccati,
412 493 475 515 nec
494 481 601 518 velle,
627 490 690 512 nec
715 475 879 509 ordiitare
896 478 1094 517 peccatum:
1130 471 1210 503 idco

237 534 377 579 proprie
413 539 530 565 ortum
563 536 613 563 est
636 532 816 573 peccatum
847 537 866 558 a
890 525 1000 557 libera
1029 523 1211 556 voluntate

238 584 376 618 Diaboli
409 590 441 616 et
471 580 636 614 hominis.
688 577 762 612 Nos
792 576 899 620 igitur
922 575 1115 608 iudicemus
1140 584 1212 605 esse

237 638 430 669 libertatem
464 632 619 676 aliquam
653 634 688 661 et
713 627 1010 671 contingentiam,
1044 636 1108 657 nec
1137 622 1214 657 tolli

236 683 533 726 contingentiam,
561 686 621 713 aut
638 679 836 712 libertatem
854 683 1000 723 propter
1017 674 1214 720 praescien-

237 740 319 770 tiam
334 763 340 773 ,
369 741 429 767 aut
443 731 777 765 determina„ionem
794 730 830 762 in
847 740 984 773 genere.
1026 725 1216 760 Praex‘idet

238 789 329 821 euim
349 786 442 818 Deus
459 796 498 816 ac
515 781 687 827 permittit
704 787 844 825 peccata
860 806 869 820 ‚
897 779 979 825 quia
1000 777 1179 811 eveniunt.

339 836 446 881 Quod
464 841 581 867 autem
600 833 815 866 obiiciuntur
831 831 922 864 dicta
942 831 982 863 de
1000 828 1217 866 necessitate,

239 889 341 935 quale
359 888 425 920 hoc
450 892 500 919 est
527 884 628 930 (Luc.
645 883 711 923 24,
729 882 822 928 46.);
852 880 1023 926 Oportuit
1039 877 1217 912 Christum

237 941 331 985 pati,
357 937 413 972 hic
438 937 591 981 primum
610 935 760 969 discerni
777 934 890 967 debet.
933 933 1025 966 Nam
1042 930 1100 963 alii
1117 940 1220 962 even-

240 1000 295 1025 tus
320 997 402 1024 suut
425 987 579 1021 ordinati
604 999 622 1019 a
640 986 738 1026 Deo,
763 985 825 1030 qui
849 983 1011 1016 videlicet
1027 980 1170 1026 proprie
1188 984 1221 1011 et

241 1040 484 1088 principaliter
507 1038 671 1071 orIuntur
693 1050 712 1069 a
731 1037 913 1069 voluntate
932 1033 997 1067 Dei
1010 1059 1018 1073 ‚
1045 1038 1085 1066 ut
1102 1030 1221 1064 missio

244 1092 392 1131 Christi,
421 1089 639 1123 resuscitatio
664 1094 901 1121 mortuorum.
952 1084 1023 1118 Alii
1044 1094 1118 1116 non
1142 1086 1223 1115 sunt

244 1143 398 1178 ordinati
423 1155 440 1173 a
460 1141 536 1173 Deo
549 1166 558 1179 ,
585 1138 652 1173 hoc
674 1145 725 1172 est
739 1165 748 1178 ,
774 1149 848 1170 non
866 1136 1031 1170 oriuntur
1047 1133 1223 1178 principa-

244 1197 324 1229 liter
347 1207 364 1226 a
386 1193 568 1225 voluntate
586 1189 670 1227 Dei;
697 1187 765 1222 hoc
788 1200 896 1232 genus
915 1186 1083 1220 dissimile
1103 1190 1154 1217 cst
1169 1195 1225 1216 su-

248 1245 390 1292 periori.
444 1242 492 1275 lta
521 1247 660 1286 peccata
679 1252 824 1284 prorsus
846 1250 920 1271 non
940 1237 1104 1271 oriuntur
1128 1246 1147 1266 a
1166 1246 1225 1265 vo-

248 1300 382 1331 luntate
401 1293 484 1331 Dei,
512 1293 572 1326 sed
594 1305 612 1324 a
634 1292 815 1324 voluntate
838 1288 994 1322 hominis
1012 1293 1076 1319 etc.
1129 1281 1227 1317 Nihil

249 1349 354 1391 igitur
386 1344 563 1389 pertinent
590 1342 682 1374 dicta
717 1342 761 1373 ad
791 1338 858 1372 hoc
887 1338 1080 1372 secundum
1107 1346 1228 1378 genus,

249 1411 338 1444 quae
372 1397 566 1440 loquuntur
596 1394 638 1426 de
669 1390 798 1424 divinis
821 1387 1135 1434 promissionibus,
1170 1389 1230 1416 aut

250 1446 555 1483 ordinatitmibus,
589 1443 692 1488 quale
722 1440 790 1475 hoc
820 1446 888 1474 est:
927 1437 1097 1484 Oportuit
1129 1433 1230 1468 Chri-

251 1508 342 1534 stum
363 1497 433 1541 pati
453 1502 516 1529 cte.

353 1547 579 1581 Obiiciuntur
607 1550 641 1577 et
670 1543 737 1576 alia
770 1543 881 1576 multa
903 1540 1008 1574 (licta.
1059 1535 1233 1582 Ephesios

255 1605 289 1642 1,
301 1600 411 1646 (11.):
433 1598 527 1632 Deus
544 1595 615 1639 agit
630 1594 749 1627 onmia
765 1595 957 1628 secundum
976 1590 1162 1624 consilium
1174 1600 1234 1620 vo-

256 1651 398 1686 luntatis
422 1662 517 1683 suae.
577 1646 671 1679 Haec
693 1645 903 1679 universalis
928 1654 1001 1676 non
1026 1647 1076 1674 est
1099 1652 1236 1673 accom-

256 1702 432 1738 modanda
465 1700 507 1732 ad
538 1704 729 1742 utrumque
761 1708 886 1740 genus:
916 1693 1079 1726 videlicet
1105 1691 1149 1724 ad
1174 1691 1237 1723 bo-

258 1768 318 1788 nas
341 1760 375 1786 et
399 1751 508 1785 malas
534 1749 688 1782 actiones
711 1745 919 1785 hominum,
946 1745 1005 1778 sed
1025 1742 1169 1788 proprie
1186 1742 1238 1774 lo-

258 1806 378 1852 quitur
400 1804 443 1835 de
467 1801 664 1834 actionibus
687 1799 723 1831 in
743 1798 917 1835 Ecclesia,
945 1796 980 1829 id
1004 1801 1073 1834 est,
1100 1795 1142 1826 de
1161 1804 1240 1826 san-

259 1855 490 1891 ctificatione,
524 1851 726 1885 defensione
752 1856 783 1882 et
809 1847 1064 1893 glorificatione
1086 1844 1241 1889 piorum.

261 1908 333 1940 Hos
357 1906 449 1939 enim
475 1903 625 1937 sciamus
649 1900 804 1940 moveri,
831 1898 1040 1944 gubernari,
1068 1895 1242 1934 exaudiri,

262 1957 400 1991 delendi
420 1968 437 1988 a
457 1955 546 1988 Deo.

683 2036 828 2071 Aliud.

367 2107 538 2143 Proverh.
550 2104 702 2150 16,(1.):
722 2103 840 2136 Homo
856 2107 1047 2147 praeparat
1062 2113 1135 2140 cor,
1150 2099 1247 2133 Deus

269 2169 384 2195 autem
402 2160 575 2204 gubernat
590 2155 786 2189 consilium.
824 2155 918 2187 Haec
935 2152 1106 2186 sententia
1126 2158 1160 2184 et
1175 2151 1247 2195 ple-

270 2225 399 2257 raeque
423 2210 552 2243 similes
574 2209 616 2240 (le
634 2212 760 2239 eventu
779 2206 993 2250 loquuntur,
1021 2204 1081 2248 qui
1098 2202 1248 2236 discerni

271 2265 374 2297 debet
406 2262 449 2294 ab
479 2260 616 2293 actione
641 2257 852 2295 voluntatis,
878 2261 919 2289 ut
940 2254 1102 2298 Pompeii
1126 2253 1248 2287 electio

274 2322 322 2348 est
336 2341 344 2353 ,
371 2313 465 2358 quod
482 2312 557 2344 vult
573 2309 704 2343 bellum
722 2319 842 2351 gerere
856 2333 864 2346 ‚
892 2307 952 2340 sed
972 2311 1136 2338 eventum
1154 2305 1249 2338 Deus

276 2365 393 2398 multis
410 2363 525 2396 modis
544 2360 715 2405 impedire
734 2365 859 2403 potest.
911 2357 1030 2401 Quare
1047 2356 1152 2389 ctiam
1171 2368 1249 2389 cum

276 2415 397 2450 electio
412 2426 471 2447 seu
490 2413 580 2446 actio
601 2410 791 2444 ‘voluntatis
809 2415 859 2443 est
875 2408 996 2447 libera,
1014 2414 1134 2440 tamen
1148 2419 1251 2440 even-

278 2475 350 2502 tus,
379 2466 460 2510 quia
493 2462 596 2496 habet
623 2463 738 2507 plures
768 2460 853 2493 alias
881 2471 1001 2492 causas
1025 2464 1165 2502 praeter
1188 2470 1252 2490 no-

278 2525 387 2552 stram
422 2515 657 2551 xoluntatem,
691 2524 764 2545 non
793 2518 843 2545 est
867 2510 903 2543 in
925 2516 1044 2543 nostra
1068 2515 1253 2553 potestate,

281 2575 314 2601 et
330 2566 414 2600 haec
431 2565 673 2608 interpretatio
692 2564 834 2608 prodest
849 2563 892 2594 ad
913 2561 1134 2593 excitandum
1152 2560 1254 2592 timo-

281 2632 355 2652 rem
382 2617 459 2650 Dei.
512 2615 633 2648 Monet
658 2615 750 2647 enim
773 2626 838 2647 nos
860 2611 990 2645 habere
1014 2611 1155 2656 quidem
1189 2611 1254 2643 ele-

283 2670 433 2705 ctiones,
451 2667 509 2700 sed
528 2665 589 2699 has
606 2678 678 2698 non
694 2666 882 2710 procedere
894 2691 901 2701 ,
925 2663 990 2696 nisi
1013 2663 1085 2695 Deo
1102 2662 1256 2697 iuvante.

285 2722 432 2764 ideoque
451 2719 645 2751 cavendum
663 2729 754 2755 esse,
782 2728 825 2749 ne
845 2715 929 2760 quid
948 2714 1117 2758 eligamus
1134 2719 1255 2746 contra

1263 425 1333 452 met
1352 419 1468 463 ipsum
1490 418 1573 450 facit
1589 418 1702 457 Deus,
1730 418 1834 450 etiam
1857 418 2006 462 impium
2031 425 2095 452 etc.

1264 471 1360 504 Deus
1375 475 1426 503 est
1443 481 1546 502 causa
1564 468 1670 501 etiam
1686 468 1816 512 impiae
1832 469 2037 503 voluntatis.

1287 1642 1414 1674 fectam
1445 1639 1695 1674 obedientiam.

1259 215 1478 249 voluntatem
1496 214 1561 247 Dei
1575 227 1581 247 z
1610 214 1699 248 sicut
1714 214 1874 248 videmus
1890 219 2037 247 conatus
2052 212 2241 258 Tyranno-

1260 279 1338 300 rum
1358 266 1476 299 irritos
1490 266 1594 299 fuisse
1613 272 1735 298 contra
1752 266 1841 310 pios,
1868 271 1907 299 ut
1921 263 2132 306 Pharaonis,
2156 266 2241 300 Sau-

1260 318 1301 351 lis
1320 324 1353 351 et
1370 317 1522 350 aliorum
1543 317 1749 350 multorum.

1363 367 1448 400 Item
1478 367 1666 412 (Proverl).
1694 367 1758 405 16,
1779 366 1831 413 4.)
1866 367 1996 400 Omnia
2021 373 2169 411 propter
2193 379 2245 400 se-

2149 418 2244 462 Ergo

1366 521 1463 563 Nego
1499 519 1809 564 consequentiam,
1850 526 1885 553 et
1917 520 2008 553 ratio
2036 525 2106 558 est,
2151 519 2248 564 quia,

1266 571 1402 605 etiamsi
1425 572 1519 604 Deus
1546 570 1665 603 condit
1690 576 1876 611 naturam,
1904 583 1971 616 qua
1998 577 2118 615 postea
2147 570 2249 615 impii

1267 624 1481 661 abutuntur,
1507 627 1627 655 tamen
1642 633 1715 654 non
1732 627 1782 654 est
1799 633 1901 654 causa
1921 622 2041 655 efficax
2059 621 2168 665 ipsius
2184 622 2249 654 im-

1268 674 1426 719 pietatis,
1453 684 1514 706 seu
1537 672 1682 718 peccati.

1270 738 1288 758 a
1311 731 1412 757 motu
1433 724 1645 763 voluntatis,
1673 723 1733 768 qui
1759 723 1873 756 oritur
1895 724 1938 756 ab
1964 723 2037 767 ipsa
2062 724 2171 757 libera
2188 735 2249 756 vo-

1270 777 1416 809 luntate.

1271 827 1398 860 tolerat
1422 825 1569 870 impios,
1602 832 1642 858 ut
1665 825 1773 870 aliqui
1800 832 2072 864 convertantur,
2108 831 2143 858 et
2166 825 2253 858 alio-

1272 890 1351 911 rum
1370 889 1484 921 poena
1503 877 1665 911 ostendat
1690 876 1858 910 iudicium
1876 876 1962 917 Dei,
1990 877 2079 910 sicut
2094 874 2254 910 Pharao-

1273 929 1327 962 nis
1340 955 1349 969 ,
1377 928 1491 961 Saulis
1508 934 1542 961 et
1558 927 1737 962 similium.

1734 671 1779 704 Et
1801 672 2034 705 discernenda
2056 679 2107 706 cst
2121 679 2249 706 natura

1468 774 1513 807 Et
1538 782 1656 808 tamen
1679 774 1775 807 Deus
1804 780 1951 818 propter
1974 786 2073 808 suam
2100 774 2251 818 gloriam

1374 978 1439 1012 Est
1459 985 1575 1012 autem
1594 978 1789 1011 verecunde
1812 978 2033 1011 sentiendum
2060 984 2090 1011 et
2108 978 2256 1023 loquen-

1275 1032 1359 1064 dum
1385 1031 1427 1063 de
1450 1028 1515 1063 hac
1540 1036 1613 1063 tota
1632 1029 1855 1074 quaestione,
1884 1029 1964 1074 quia
1984 1041 2083 1062 mens
2099 1027 2257 1062 humana

1276 1094 1349 1115 non
1366 1081 1534 1125 perspicit
1551 1082 1697 1113 niodum
1714 1080 1980 1123 gubernationis
1997 1080 2149 1114 divinae.
2189 1080 2260 1114 Sed

1277 1132 1467 1167 sententias
1498 1132 1535 1164 in
1559 1130 1623 1164 hac
1652 1132 1857 1176 quaestione
1886 1132 1988 1165 utiles
2014 1131 2191 1171 moribus,
2226 1138 2261 1164 et

1278 1189 1532 1217 consentaneas
1554 1182 1768 1225 scripturae,
1798 1188 1833 1215 et
1856 1189 2013 1226 receptas
2038 1182 2175 1216 iudiciis
2197 1182 2262 1215 bo-

1279 1245 1409 1267 norum
1434 1239 1468 1264 et
1492 1233 1655 1276 piorum,
1683 1238 1883 1273 teneamus,
1911 1234 2007 1279 quod
2030 1233 2195 1266 v1‹lelicet
2218 1233 2264 1268 sit

1279 1284 1400 1317 divina
1424 1282 1657 1326 praescientia
1683 1289 1718 1315 et
1740 1284 2011 1324 determinatio,
2039 1290 2073 1317 et
2095 1285 2190 1329 quod
2211 1291 2263 1318 ta-

1280 1346 1364 1367 men
1387 1332 1432 1366 sit
1457 1333 1698 1377 contingentia
1724 1339 1757 1365 et
1778 1333 1921 1367 libertas
1943 1335 2061 1379 aliqua
2084 1333 2262 1369 humanae

1282 1383 1475 1418 voluntatis
1489 1410 1497 1423 ,
1526 1384 1607 1429 quia
1626 1383 1721 1417 Deus
1734 1396 1807 1416 non
1823 1390 1873 1417 est
1888 1396 1989 1419 causa
2008 1386 2154 1429 peccati.

1385 1435 1511 1467 Dicam
1537 1441 1572 1467 et
1594 1435 1636 1467 dc
1658 1435 1769 1467 altero
1793 1436 1922 1475 modo,
1950 1449 2021 1481 quo
2045 1436 2189 1470 libertas
2207 1437 2266 1470 de-

1285 1484 1438 1520 trahitur
1452 1484 1630 1519 humanae
1649 1486 1843 1526 voluntati,
1870 1486 2033 1519 videlicet
2048 1494 2196 1531 propter
2213 1488 2267 1520 in-

1286 1537 1490 1571 firmitatem
1514 1537 1643 1570 virium
1666 1534 1904 1571 humanartun
1919 1564 1928 1577 ,
1955 1550 2024 1583 qua
2041 1539 2097 1579 fit,
2125 1551 2169 1571 ne
2186 1550 2268 1583 pos·

1288 1590 1396 1623 simus
1414 1600 1496 1622 vere
1518 1588 1661 1621 obedire
1679 1588 1746 1632 legi
1764 1587 1842 1622 Dei.
1886 1587 1972 1621 Item
1990 1595 2170 1633 praestare
2187 1602 2268 1635 per-

1754 1638 1808 1672 De
1841 1637 1909 1673 hoc
1939 1641 2047 1673 modo
2078 1641 2268 1686 praecipue

1290 1692 1445 1736 disputat
1461 1691 1610 1730 Paulus,
1637 1696 1671 1723 et
1690 1696 1883 1731 monstrat,
1915 1703 2005 1736 quae
2019 1691 2064 1725 sit
2082 1692 2270 1727 infirmitas

1291 1749 1495 1777 nostrarum
1526 1741 1677 1781 virium,
1713 1747 1885 1787 quatenus
1916 1748 2095 1786 praestent
2126 1749 2271 1777 externa

1294 1806 1401 1839 opera
1428 1794 1531 1837 legis,
1559 1799 1593 1826 et
1619 1794 1714 1838 quod
1734 1804 1808 1825 non
1831 1793 1965 1837 possint
1990 1793 2272 1837 integram.obe-

1294 1845 1463 1879 ‹lientiam
1486 1850 1676 1889 praestare.
1730 1844 1816 1877 Cum
1843 1844 1949 1887 igitur
1972 1845 2013 1877 de
2037 1845 2198 1880 libertate
2212 1858 2275 1879 vo·
2314 1864 2318 1867 -

1294 1896 1440 1931 luntatis
1462 1896 1680 1940 disputatur,
1705 1907 1770 1928 nos
1792 1895 1886 1939 ipsos
1903 1895 2125 1935 intueamur,
2151 1903 2185 1930 et
2198 1903 2275 1930 tan-

1297 1949 1404 1992 tisper
1433 1959 1646 1992 seponamus
1674 1946 1750 1979 illas
1779 1958 1924 1980 arcanas
1947 1946 2203 1991 disputationes
2233 1948 2275 1982 de

1298 2000 1405 2033 modo
1424 1997 1688 2042 gubernationis
1702 1997 1854 2032 divinae.

1399 2050 1455 2083 Sic
1477 2056 1593 2083 autem
1618 2049 1660 2081 de
1685 2046 1752 2081 hoc
1771 2049 1925 2082 secundo
1944 2049 2052 2082 modo
2065 2048 2278 2093 respondeo,

1301 2101 1396 2147 quod
1419 2101 1463 2134 sit
1485 2101 1626 2133 libertas
1649 2099 1766 2144 aliqua
1790 2100 1834 2133 ad
1859 2106 2019 2133 externas
2043 2100 2198 2133 actiones
2213 2097 2279 2133 ho-

1300 2158 1416 2185 nestas
1448 2152 1665 2190 efficiendas,
1700 2149 1767 2183 hoc
1789 2157 1856 2191 est,
1892 2151 1988 2196 quod
2020 2151 2183 2184 voluntas
2213 2148 2278 2185 hu-

1301 2215 1407 2236 mana
1440 2203 1515 2236 sine
1548 2202 1780 2236 renovatione
1811 2203 1921 2246 possit
1954 2203 2088 2236 efficere
2117 2208 2279 2236 externas

1302 2254 1457 2288 actiones
1480 2254 1574 2297 legis.
1625 2252 1707 2286 Ideo
1732 2253 1825 2286 enim
1845 2253 2016 2297 scriptura
2039 2252 2206 2286 discernit
2227 2253 2280 2287 iu-

1302 2305 1433 2339 stitiam
1454 2305 1567 2338 carnis
1583 2317 1601 2337 a
1620 2304 1831 2349 sprirituali‚
1859 2311 1899 2338 ut
1918 2304 2079 2338 ostendat
2097 2302 2279 2337 hominem

1303 2357 1377 2391 sine
1402 2356 1631 2389 renovatione
1648 2368 1749 2400 posse
1767 2355 1824 2388 illa
1847 2366 1955 2400 opera
1973 2355 2120 2389 efficere.
2171 2354 2281 2400 quue

1305 2409 1349 2441 ad
1368 2404 1519 2440 Ethicen
1543 2407 1625 2440 satis
1649 2414 1710 2441 est.
1762 2407 1853 2440 Nam
1875 2403 2100 2450 phssosophia
2123 2406 2282 2451 loquitur

1306 2460 1348 2492 de
1379 2458 1583 2503 disciplina,
1616 2471 1678 2492 seu
1707 2456 1863 2491 honestis
1894 2457 2044 2490 externis
2071 2457 2282 2496 actionibus,

1307 2521 1393 2555 quas
1418 2516 1535 2542 tamen
1564 2516 1597 2542 et
1621 2509 1714 2554 ipsas
1737 2507 1885 2553 requirit
1912 2507 2018 2541 Deus.
2071 2509 2138 2541 Sed
2164 2515 2284 2541 tamen

1309 2560 1392 2594 hacc
1418 2561 1492 2605 ipsa
1516 2561 1658 2594 libertas
1683 2572 1784 2603 saepe
1810 2558 2017 2602 impeditur,
2046 2572 2126 2593 cuin
2154 2566 2214 2593 aut
2232 2559 2284 2592 in-

1308 2612 1472 2645 firmitate
1500 2618 1627 2645 natura
1659 2617 1780 2643 nostra
1801 2609 1847 2653 49)
1886 2610 2059 2649 xincitur,
2096 2617 2156 2644 aut
2188 2617 2284 2654 pote-

1345 2728 1392 2756 49)
1413 2730 1510 2752 natura
1529 2727 1639 2756 nostra]
1660 2727 1699 2750 stc
1715 2726 1762 2751 ΕΔ,
1778 2726 1870 2755 1540.;
1888 2727 1936 2751 Ed.
1955 2727 2027 2752 1546.
2044 2729 2158 2751 naturae
2170 2727 2291 2751 nostrae.
