2347 3000
69 130 91 163 9
634 124 697 158 ET
726 123 1130 159 DlSSERTATlONES
1156 124 1213 159 lis
1239 126 1475 161 Aixmflxtii.
2049 134 2091 164 10

68 214 180 244 borum
204 210 407 250 praestigiis,
431 213 466 239 ut
489 209 541 238 alii
559 208 760 248 Epicuraeos
783 208 927 247 suroreS,
950 209 1001 238 alii
1017 210 1127 240 Stoica
1152 210 1379 249 deliramenta,
1402 212 1455 242 alii
1477 212 1557 242 alias
1582 216 1791 251 portentosas
1815 214 1980 252 opiniones
2004 217 2086 245 tueri

67 260 236 286 conantur.
291 252 378 282 Talis
401 251 603 282 consuetudo
633 252 717 291 parit
740 251 980 291 sycophantas,
1011 253 1127 282 artium
1150 259 1183 283 et
1208 254 1296 283 vitae
1318 256 1578 285 conturbatores.
1622 255 1778 284 Delectus
1803 257 1992 286 adhibeatur
2016 259 2086 296 opi-

68 299 214 335 nionum,
239 300 272 325 et
294 303 367 325 cum
389 303 469 324 vera
492 294 697 333 deprehensa
720 300 814 332 sunt,
846 293 962 323 modus
986 294 1029 323 sit
1053 294 1317 333 disputationum.
1363 298 1397 326 In
1422 299 1506 326 omni
1531 298 1599 327 vita
1622 304 1830 336 praeceptum
1853 299 1931 328 illud
1953 302 2086 339 gravis-

67 341 183 370 simum
213 347 373 376 amemus,
410 337 495 376 quod
518 337 603 375 apud
625 338 778 367 Plautum
808 338 925 366 recitat
953 338 1177 373 meretricula,
1207 348 1288 377 quae
1320 344 1353 368 et
1381 341 1453 378 ipsa
1476 341 1688 370 Aristotelico
1719 351 1806 370 more
1830 342 2085 372 mediocritatem

67 383 219 422 optimam
243 390 318 410 esse
342 380 475 419 statuit,
505 380 669 418 inquiens:
700 380 770 409 Hoc
794 379 900 409 satius
924 383 985 408 est.
1041 379 1132 409 Satis
1163 386 1232 415 est,
1263 382 1347 420 quod
1371 384 1453 412 satis
1484 388 1547 412 est.
1600 383 1686 412 [sus
1717 388 1825 412 autem
1858 386 1945 414 vitae
1976 385 2086 414 multis

67 423 342 462 disputationibus
367 422 464 452 addet
494 423 609 452 lucem.
664 423 740 452 Scio
764 421 823 451 has
847 430 964 460 operas
988 421 1204 452 scholasticas
1229 429 1261 453 et
1284 425 1345 453 1100
1369 435 1474 463 genus
1497 426 1736 455 enarrationum
1762 426 1899 455 fastidiri
1925 437 1943 456 a
1966 428 2084 457 multis.

67 467 134 497 Sed
158 475 274 496 revera
297 466 379 495 haec
403 466 537 504 puerilis
560 465 708 495 doctriua
731 465 821 493 utilis
845 469 914 501 cst,
944 468 979 492 ut
1002 464 1047 493 ita
1071 464 1191 501 dicam,
1219 469 1419 504 χωραγωγιά
1449 467 1488 497 ad
1513 469 1724 498 maximarum
1756 479 1859 498 rernm
1891 470 2086 507 explicatio-

66 519 149 538 nem.
193 508 270 538 Ideo
294 518 365 538 sum
389 508 533 537 hortator
558 508 705 537 omnibus
729 508 821 536 bonis
844 506 1000 545 ingeniis,
1025 511 1060 536 ut
1084 507 1164 536 haec
1179 508 1390 538 Aristotelica
1407 511 1534 549 legant,
1559 516 1684 547 ament,
1711 512 1841 549 propius
1861 512 2082 550 considerent,

66 561 168 590 eoque
199 551 272 589 tibi,
302 551 445 580 Arnolde
475 550 710 588 eruditissime,
740 550 824 578 hanc
855 548 1110 578 lucubrationem
1142 549 1356 580 dedicandam
1386 563 1459 580 esse
1484 554 1614 585 censui.
1646 553 1731 591 quod
1756 564 1828 583 cuin
1853 555 1953 584 sciam
1979 560 2010 583 te
2035 555 2084 583 his

64 593 286 624 Aristotelicis
309 594 398 623 libris
429 593 600 630 delectari,
631 592 778 629 exemplo
809 596 864 620 tuo
888 591 1006 620 multos
1036 591 1076 620 ad
1100 592 1214 621 horum
1238 593 1389 622 librorum
1414 595 1585 625 lectionem
1610 597 1751 625 invitare
1775 597 1878 634 cupio.
1925 598 1998 626 Etsi
2023 607 2084 626 au-

64 642 131 666 tem
154 637 185 665 in
208 636 269 665 hoc
291 636 553 665 commentariolo
576 635 677 663 multa
700 638 793 671 sunt,
824 642 906 672 quae
932 633 1123 663 fastidiosus
1149 635 1250 664 lector
1273 637 1518 674 aspernabitur,
1551 642 1659 666 tamen
1684 638 1789 668 iudico
1816 640 1929 668 bonam
1955 649 2084 678 operam

64 684 220 709 navatam
244 688 319 707 esse
342 679 370 707 in
397 678 600 707 enarratione
623 677 726 715 quinti
750 676 820 705 libri
845 675 884 705 de
908 676 1047 705 Iustitia.
1102 678 1156 706 Me
1181 678 1440 714 adolescentem,
1463 679 1568 717 ipsum
1593 681 1740 710 Iustitiae
1766 691 1881 711 nomen
1906 691 2006 720 saepe
2031 683 2083 711 in·-

63 723 202 759 vitavit,
234 726 269 750 ut
298 721 374 760 quid
399 721 438 749 de
461 721 582 749 virtute
605 718 820 758 pulcherrima
847 723 880 747 et
910 719 1048 747 recti-ico
1073 721 1162 749 vitae
1188 720 1327 750 dixisset
1350 722 1566 755 Aristoteles,
1597 732 1797 761 cognoscere
1828 734 1989 762 cuperem.
2042 725 2083 753 Et

63 764 257 804 ingredienti
288 763 484 792 vestibulum
515 762 638 800 operis,
669 762 790 800 primae
820 762 1032 799 partitioneS,
1064 770 1223 800 quaeres
1247 773 1384 803 magnas
1408 769 1606 803 proponunt,
1636 765 1840 795 mediocriter
1866 767 2083 796 blandiuntur.

62 807 135 837 Hae
158 805 371 844 cupiditatem
402 814 506 834 meam
534 803 761 834 incendebant.
815 803 881 833 Sed
905 803 1071 842 paululum
1095 814 1310 844 progressus,
1334 807 1508 836 haerebam
1535 807 1626 836 velut
1651 809 1682 836 in
1707 808 1790 843 luto,
1821 809 1929 838 sontes
1952 811 2085 839 nescie-

62 850 154 887 bam,
176 847 262 877 unde
285 847 345 876 has
368 848 608 886 proportionum
631 846 947 876 accommodationes
971 848 1110 885 sumpsit
1126 849 1344 885 Aristoteles,
1369 850 1421 888 (1111
1447 854 1524 879 sunt
1547 849 1631 888 apud
1649 849 1836 880 Platonem.
1860 851 1932 879 ideo
1956 857 1985 881 01
2004 862 2085 882 con-

61 892 167 920 silium
197 895 230 919 et
259 891 456 919 sententiam
487 899 549 919 11011
573 890 656 919 satis
680 889 864 928 perspicere
887 894 1034 927 poteram
1052 890 1095 928 Γ).
1146 890 1219 920 Nec
1243 892 1443 930 interpretes
1466 892 1684 926 habebamus,
1716 894 1768 931 (1111
1793 898 1849 922 aut
1873 894 2019 923 Platonis
2044 895 2085 923 li-

60 934 136 963 bros
159 933 366 972 attigissent,
391 937 447 962 aut
470 934 515 962 ita
538 932 659 962 exculti
684 932 825 961 fuissent
847 931 950 960 literis
974 936 1006 961 et
1029 933 1118 961 vitae
1142 935 1320 963 communis
1343 934 1624 974 consideratione,
1648 940 1684 964 ut
1701 936 1890 965 Aristotelis
1914 937 2083 966 consilium

60 976 152 1005 nobis
177 985 339 1014 exponere
364 980 508 1013 possent.
554 975 661 1014 Saepe
684 975 783 1014 igitur
806 974 1034 1003 stomachabar
1058 976 1128 1014 ipse
1152 986 1294 1015 mecum,
1318 986 1357 1006 ac
1381 977 1528 1007 dolebam
1552 988 1613 1007 uon
1638 987 1736 1017 posse
1759 988 1817 1007 nos
1836 979 1867 1007 in
1886 978 2084 1018 1100011100-

59 1019 187 1057 eipuam
211 1023 336 1057 partem
359 1018 428 1047 libri
451 1018 675 1056 Aristotelici,
700 1023 853 1056 tanquam
877 1022 1048 1046 vetustate
1072 1019 1176 1056 spinis
1199 1020 1262 1048 iam
1287 1020 1442 1053 obsitam.
1474 1026 1657 1059 penetrare.
1702 1020 1769 1050 Sed
1794 1026 1909 1059 postea
1933 1021 2083 1051 animad-

59 1062 146 1091 verti
168 1060 497 1091 accommodationem
520 1061 607 1091 illam
629 1061 866 1100 proportionum
891 1069 932 1089 ex
955 1065 1051 1089 sexto
1075 1061 1154 1089 libro
1177 1061 1324 1091 Platonis
1349 1062 1389 1092 de
1413 1064 1542 1102 legibus
1566 1069 1750 1093 extructam
1772 1073 1866 1102 esse,
1890 1073 1951 1102 quo
1969 1065 1999 1092 in
2016 1065 2085 1094 loco

57 1104 152 1134 Plato
182 1104 274 1143 quasi
303 1103 405 1143 digito
435 1104 560 1133 intento
591 1104 624 1132 in
653 1103 738 1133 hanc
760 1103 951 1132 Aristotelis
976 1104 1192 1133 narrationem
1217 1110 1378 1134 monstrat
1401 1111 1434 1135 et
1457 1106 1627 1135 consilium
1652 1112 1684 1136 et
1707 1107 1777 1134 eius
1802 1108 2018 1139 sententiam,
2051 1112 2085 1136 ut

56 1147 91 1176 111
115 1147 345 1176 commentario
369 1146 551 1176 recensuis
580 1146 677 1176 Nunc
708 1145 859 1175 discussa
882 1145 1040 1185 caligine,
1071 1152 1227 1185 quantum
1252 1157 1444 1186 possumus,
1474 1149 1559 1178 bona
1583 1150 1713 1188 ingenia
1738 1148 1777 1177 ad
1802 1149 1887 1178 hanc
1911 1150 2082 1178 lectionem

57 1190 245 1219 invitemus.
288 1189 459 1218 Neminem
483 1189 595 1228 opinor
619 1194 685 1218 tam
710 1188 812 1218 ferum
836 1197 928 1226 csse,
952 1189 1028 1226 quin
1053 1188 1231 1228 degustata
1250 1190 1421 1220 dulcedine
1438 1191 1551 1220 harum
1568 1186 1825 1230 disputationum
1843 1192 1944 1227 initio,
1968 1197 2084 1230 postea

56 1237 145 1262 totas
174 1232 345 1261 exhaurire
375 1233 494 1270 cupiat.
545 1231 610 1261 Sed
641 1232 792 1270 polliceor
821 1230 979 1259 studiosis
1009 1240 1071 1259 non
1105 1237 1230 1261 tantum
1260 1234 1432 1263 iucundam
1465 1234 1533 1263 sore
1558 1234 1641 1263 hanc
1672 1235 1862 1271 lectionem,
1895 1234 1953 1264 sed
1985 1235 2082 1263 etiam

55 1274 152 1305 valde
176 1275 286 1304 utilem
316 1275 347 1304 iu
376 1275 595 1313 explicatione
619 1274 792 1303 multarum
815 1274 1112 1302 controversiarum
1144 1275 1398 1314 theologicarum
1423 1281 1456 1305 et
1481 1277 1667 1305 forensium.
1721 1277 1793 1306 Hac
1818 1282 1910 1306 tanta
1941 1278 2082 1306 utilitate

56 1319 83 1348 si
114 1318 168 1356 qui
198 1327 261 1346 11011
291 1322 481 1354 moventur,
512 1316 682 1356 rigidiores
706 1320 781 1344 sunt
807 1315 1012 1353 asperrimis,
1043 1321 1074 1344 et
1101 1317 1185 1345 nullo
1209 1327 1291 1346 aevo
1317 1320 1412 1347 motis
1436 1319 1579 1357 5001111115
1604 1320 1635 1348 111
1660 1320 1738 1348 mari
1762 1320 1946 1357 stantibus,
1977 1329 2082 1357 quan-

55 1370 152 1399 quam
182 1359 323 1389 assiduis
353 1360 506 1388 ssnctibus
537 1359 727 1388 tunduntur.
779 1358 853 1387 Etsi
877 1358 1051 1386 Astraeam
1077 1364 1192 1395 poetae
1224 1359 1336 1389 dicunt
1368 1362 1463 1389 terris
1488 1362 1657 1399 expulsam
1683 1371 1776 1394 0550,
1808 1367 1915 1391 tamen
1940 1363 2082 1391 sciamus

55 1403 117 1432 Dei
147 1411 262 1431 vocem
293 1401 332 1431 de
362 1402 488 1431 iustitia
513 1402 778 1435 concionantem,
810 1408 870 1428 1100
901 1399 1000 1427 deleri
1033 1409 1092 1428 nec
1122 1402 1255 1439 opprimi
1288 1411 1395 1439 posse.
1452 1404 1493 1432 Et
1520 1404 1604 1432 hane
1628 1405 1690 1432 0151
1715 1404 1806 1432 multi
1833 1404 1978 1433 sui-enter
2001 1414 2082 1433 ροη-

55 1450 221 1481 temnunt,
250 1449 358 1473 tamen
382 1453 510 1481 semper
533 1443 643 1473 audiet
666 1442 834 1477 Ecclesia,
867 1450 929 1479 quo
953 1441 984 1469 111
1009 1446 1101 1471 coetu
1127 1444 1154 1471 si
1178 1444 1328 1473 volumus
1353 1454 1447 1481 esse,
1472 1450 1503 1473 ut
1531 1445 1704 1478 debemus,
1729 1446 1893 1475 discamus
1918 1456 1973 1485 ea,
1997 1456 2081 1485 quae

53 1497 121 1517 vox
151 1486 261 1516 divina
291 1486 330 1515 de
360 1487 484 1515 10511110
513 1490 625 1521 sonat,
658 1490 691 1514 et
721 1484 928 1513 conseramus
962 1492 1085 1522 genera
1115 1485 1345 1515 doctrinarum.
1401 1487 1446 1516 Te
1471 1487 1598 1526 quidem
1623 1488 1768 1517 ,111-1101(Ιο
1800 1489 1867 1517 scio
1892 1498 1955 1517 non
1979 1490 2081 1518 solum

53 1530 238 1567 doctrinae,
271 1528 329 1558 sed
361 1529 459 1558 etiam
490 1529 637 1558 iustitiae
667 1537 776 1557 amore
805 1527 866 1556 has
889 1527 983 1564 quasi
1015 1527 1158 1564 picturas
1184 1529 1420 1566 pulcherrimae
1450 1531 1584 1559 virtutis
1614 1530 1752 1559 libenter
1776 1530 1994 1560 considerare.
2039 1532 2081 1561 Et

50 1574 128 1613 quia
151 1571 190 1601 de
214 1572 339 1600 iustitia
364 1571 504 1610 dissere,
534 1571 606 1601 dedi
630 1580 777 1609 operam,
806 1574 842 1598 nt
871 1569 974 1605 iusta,
1004 1578 1084 1598 vera
1107 1575 1138 1599 et
1166 1571 1368 1601 discentibus
1393 1572 1485 1602 utilia
1515 1572 1671 1611 dicere-1113
1705 1574 1733 1602 si
1757 1573 1832 1611 quid
1855 1583 1934 1602 vero
1964 1574 2080 1603 alicubi

53 1615 273 1652 desideratur,
304 1614 463 1643 faciamus
487 1614 567 1644 haec
597 1614 743 1643 iustitiae
767 1612 876 1641 osticia
900 1612 984 1640 inton-
1009 1621 1067 1641 nos
1092 1613 1344 1653 honestissima,
1375 1615 1469 1644 amici
1492 1621 1646 1645 moneant
1670 1621 1850 1649 errantem,
1882 1625 1944 1655 ego
1968 1616 2081 1645 admo-

51 1660 140 1688 nitus
170 1657 307 1686 libenter
337 1661 444 1686 errata
474 1659 643 1695 corrigam.
688 1656 760 1685 Nec
783 1664 862 1684 vero
887 1654 1124 1693 sycophantias
1149 1657 1341 1686 iniustorum
1365 1666 1487 1696 moror,
1518 1659 1571 1696 qui
1596 1668 1676 1687 vera
1699 1663 1732 1687 et
1757 1663 1846 1688 reete
1871 1658 1958 1688 dicta
1981 1659 2081 1687 livore

50 1707 84 1732 et
113 1700 223 1730 morbo
253 1700 366 1734 auiini,
398 1696 572 1729 calumniis
594 1699 793 1738 depravant,
826 1705 886 1726 nec
923 1696 1041 1726 docent
1074 1698 1214 1728 meliora.
1266 1700 1357 1729 Bene
1381 1700 1456 1730 vale
1481 1701 1649 1730 carissime
1673 1701 1828 1730 Arnolde.
1873 1701 1990 1730 Mense
2013 1702 2080 1731 Fe-

49 1744 195 1780 bruario,
218 1743 315 1772 Anno
341 1742 433 1772 1545.

132 1794 226 1824 Hanc
259 1793 430 1832 epistolam
461 1793 729 1831 nuncupatoriam
760 1795 942 1829 sequuntur
966 1793 1192 1822 enarrationes
1223 1794 1253 1822 111
1279 1794 1302 1823 I.
1327 1794 1366 1822 II.
1391 1794 1448 1823 111.
1472 1799 1506 1824 et
1528 1794 1569 1824 V.
1594 1795 1708 1823 librum
1731 1794 1922 1823 Ethicorum
1945 1795 2079 1824 Aristo—

53 1837 146 1875 telis,
170 1837 285 1875 quibus
308 1837 339 1865 in
365 1835 429 1865 fine
453 1836 556 1874 quinti
578 1835 647 1864 libri
672 1834 754 1864 duae
777 1833 1000 1863 Melanthonis
1026 1834 1277 1866 dissertationes
1304 1837 1329 1866 1.
1344 1836 1384 1866 de
1401 1835 1622 1867 contractibus
1646 1842 1679 1866 et
1701 1837 1731 1866 2.
1748 1836 1786 1866 de
1803 1835 1923 1866 arbore
1938 1846 2079 1867 consan-

47 1878 226 1920 9tce‘nz'late‘s
248 1880 279 1908 et.
302 1875 504 1917 affinitatis,
527 1877 594 1908 sire
617 1877 655 1907 (le
674 1875 837 1916 yradibus
861 1876 991 1905 additae
1015 1882 1102 1907 sunt.

134 1922 226 1952 Alias
257 1920 418 1950 editiones
447 1926 480 1950 et
511 1921 729 1950 enarrationis
753 1920 865 1949 horum
890 1924 1028 1958 quatuor
1052 1920 1203 1949 librorum
1227 1925 1260 1950 et
1283 1921 1505 1950 commentarii
1530 1921 1562 1950 in
1585 1922 1732 1960 quintum
1756 1921 1962 1957 Ethicorum,
1996 1931 2077 1960 quae

49 1973 122 1995 cum
151 1964 372 2002 philosophiae
401 1964 531 1993 moralis
560 1964 700 2002 epitome
731 1967 787 1992 aut
816 1971 888 1992 cum
918 1961 1046 1992 ethicae
1079 1962 1245 1992 ‹loctrinae
1275 1964 1444 1994 elementis
1476 1969 1553 1993 sunt
1577 1965 1791 2003 coniunctae,
1817 1964 1971 2003 deinceps
1993 1975 2077 1993 enu-

49 2006 354 2086 111ιῖιὶΐὶ1111111111101111115
376 2048 534 2079 Melantli.
558 2048 659 2078 Basil.
683 2048 718 2077 T.
744 2047 801 2078 lV.
825 2056 854 2086 p.
880 2046 941 2076 126
965 2055 1034 2086 sqq.
1066 2047 1139 2087 (qui
1161 2048 1279 2087 prodiit
1304 2058 1331 2078 a.
1357 2048 1471 2088 1541.)
1502 2048 1579 2079 data
1603 2054 1655 2079 est
1679 2049 1780 2078 altera
1806 2048 1919 2078 harum
1939 2057 2075 2078 enarra-

47 2092 169 2122 tionum
195 2090 304 2120 editio.

1042 2151 1083 2180 ΙΙ.

129 2210 216 2239 Iluie
247 2209 468 2248 philosophiae
498 2211 581 2249 parti
612 2209 767 2240 colendae
791 2214 827 2240 ut
849 2210 955 2249 magis
978 2210 1077 2239 etiam
1100 2209 1319 2248 prospiceret,
1342 2208 1553 2248 Melantlion,
1587 2210 1696 2238 ethica
1720 2210 1910 2239 Aristotelis
1933 2210 2075 2249 imitans,

46 2252 201 2293 epitome-5·
225 2251 450 2291 philosophiae
479 2251 616 2283 moralis
643 2253 724 2283 duos
755 2253 853 2283 libros
883 2253 1031 2291 scripsit,
1060 2253 1093 2281 in
1116 2262 1250 2291 quorum
1273 2253 1378 2290 priore
1402 2262 1457 2290 ea,
1490 2262 1573 2291 quae
1598 2253 1795 2281 Aristoteles
1820 2254 1850 2281 in
1875 2253 1992 2291 primo,
2016 2262 2072 2282 se-

44 2295 151 2326 cundo
183 2299 216 2324 et
247 2296 342 2324 tertio
367 2295 446 2324 libro
468 2295 506 2324 de
530 2296 593 2325 fine
615 2295 772 2334 hominis,
804 2296 984 2324 virtutibus
1009 2300 1042 2324 et
1065 2295 1237 2324 affectibus
1261 2294 1360 2332 dixit,
1390 2295 1421 2323 in
1446 2295 1548 2324 altero
1571 2304 1627 2331 ea,
1658 2304 1740 2332 (1000
1764 2295 1816 2323 1110
1841 2295 1871 2323 111
1897 2296 2008 2334 (punto
2033 2295 2072 2324 de

43 2339 169 2369 iustitia
193 2342 226 2366 et
250 2338 319 2367 iure
342 2339 526 2377 enarravit,
551 2338 694 2368 breviter
718 2338 871 2377 explicat.
914 2338 1021 2367 Huius
1045 2338 1117 2366 libri
1142 2337 1242 2366 editio
1266 2338 1417 2375 princeps
1441 2337 1560 2375 prodiit
1585 2337 1675 2366 1535.
1700 2338 1872 2375 inscripta:

171 2378 401 2419 Philosophiae
447 2379 585 2410 moralis
632 2380 790 2419 epitome,
849 2377 1018 2420 Plu'llippo
1061 2377 1320 2409 Blelanclitleone
1367 2381 1502 2418 (littore,
1563 2378 1744 2419 Nunquam
1790 2381 1890 2408 antea
1935 2388 2070 2409 excusa.

211 2421 265 2453 M.
292 2423 337 2453 D.
354 2421 572 2452 XXXVIII.
619 2421 698 2453 Cum
717 2421 837 2453 Gratia
860 2425 891 2452 et
914 2421 1100 2460 Prim'lcffl'o
1123 2421 1206 2462 Imp.
1235 2438 1277 2444 ——
1330 2422 1386 2460 (In
1410 2422 1511 2461 finez)
1540 2420 1760 2461 Aryenloruti
1784 2421 1873 2461 (qnid
1896 2420 2070 2452 Crccionem

210 2463 360 2504 Mylium
383 2474 495 2495 mense
518 2464 668 2502 Martio,
690 2474 777 2495 anno
798 2463 852 2495 M.
878 2464 924 2495 D.
951 2463 1168 2494 XXXVIII.
1198 2465 1229 2494 8.
1274 2463 1367 2503 10¹s‘2
1391 2465 1501 2503 plagg.

126 2508 164 2537 In
186 2507 390 2537 dedicatione
414 2507 455 2537 ad
479 2508 703 2538 Christianum
725 2507 908 2537 Pontanum
931 2507 1134 2547 Vitebergae
1157 2516 1241 2536 anno
1264 2507 1310 2536 M.
1324 2507 1363 2536 D.
1380 2506 1551 2536 XXXVII.
1567 2505 1601 2544 2)
1625 2505 1747 2544 scripta
1771 2505 1867 2543 (data
1883 2506 1914 2534 in
1931 2506 2068 2544 Episto-

40 2550 101 2590 lis,
130 2550 203 2580 Vol.
227 2551 286 2580 111.
316 2560 346 2589 p.
366 2550 431 2580 359
453 2551 543 2591 sqq.)
574 2550 613 2580 de
636 2550 733 2580 huius
761 2550 832 2580 libri
854 2550 981 2591 origine
1003 2555 1036 2580 et
1060 2550 1186 2580 ratione
1208 2550 1291 2580 haec
1314 2549 1409 2579 dicit:
1439 2549 1553 2588 „Cum
1574 2548 1765 2578 Aristotelis
1788 2549 1908 2579 Ethica
1930 2558 2066 2579 enarra-

74 2661 103 2693 1)
123 2661 200 2686 Conf.
221 2667 254 2685 ea
271 2667 340 2691 quae
357 2661 458 2685 Leonli.
478 2659 558 2684 Eceio
577 2665 601 2684 a.
625 2659 697 2684 1535.
719 2658 833 2689 scripsit
847 2676 854 2687 ,
887 2659 968 2690 Corp.
988 2659 1047 2684 Ref.
1068 2659 1131 2683 Vol.
1152 2659 1183 2683 11.
1203 2665 1228 2688 p.
1247 2657 1305 2681 957.

72 2703 102 2736 2)
124 2705 181 2728 Hoc
200 2703 306 2734 quidem
324 2710 394 2727 anno
415 2704 533 2733 epistola
551 2702 748 2732 nuncupatoria
767 2702 870 2732 scripta
889 2704 951 2735 est,
974 2704 1002 2727 at
1019 2704 1089 2729 liber
1107 2704 1167 2734 ipse
1185 2709 1239 2727 non
1258 2702 1363 2728 Witeb.
1384 2702 1458 2733 1537,
1478 2701 1505 2726 id
1523 2702 1593 2732 quod
1613 2702 1674 2726 Vol.
1695 2701 1738 2726 111.
1758 2708 1784 2732 p.
1799 2701 1856 2725 359.
1878 2700 1956 2724 buius
1977 2701 2056 2730 Corp.

109 2738 228 2769 legitur,
247 2738 297 2762 secl
315 2739 430 2770 Argent.
453 2738 526 2762 1533.
545 2738 659 2768 primum
678 2737 784 2767 prodiit.
