2347 3000
85 129 133 163 73
636 125 662 160 Ι.
699 124 1048 160 PHILOSOPHLOE
1073 125 1286 161 MORALIS
1311 126 1540 162 EPITOME.
2048 129 2097 164 74

84 215 208 247 doceat
231 224 324 246 nunc
340 211 586 254 distinguenda
607 223 679 244 esse
696 211 876 253 dominia,
904 213 1062 246 dicemus

84 264 346 298 distinctionem
369 261 611 296 dominiorum
636 274 707 296 esse
730 263 816 296 iuris
833 269 1000 303 naturae,
1028 263 1063 295 id

84 322 153 356 est,
184 315 275 348 tradi
298 327 317 347 a
334 313 471 346 ratione
489 313 654 347 naturali.
706 313 839 348 Verum
855 314 1062 348 Aristotcles

84 368 266 412 aliquanto
291 365 438 398 crassius
459 364 648 398 discrimen
666 365 823 399 tradidit.
877 366 1061 410 Quaedam

83 418 260 451 naturalia
284 422 366 450 sunt
397 415 446 448 ita
475 417 689 456 necessaria,
723 423 781 456 ut,
814 416 844 450 si
868 423 1061 456 mutentur,

83 468 292 513 praesertim
313 466 578 507 ui'iiversaliter,
606 474 774 512 sequatur
797 468 978 512 corruptio
1000 479 1061 500 na-

83 526 195 553 turae.
246 519 341 552 Haec
365 518 509 562 proprie
534 525 616 552 suut
640 518 894 559 immutabilia,
923 525 957 551 et
981 525 1062 551 sunt

82 582 164 604 vere
186 570 361 615 principia
384 569 557 614 practica,
582 576 643 603 ant
667 569 909 602 conclusiones
931 582 971 602 ex
994 570 1061 602 illis

81 621 275 655 necessaria
310 620 559 666 consequentia
592 622 736 660 ductae,
771 626 830 653 ut:
871 620 1060 654 Neminem

81 673 220 712 laedas,
249 673 310 717 qui
333 672 422 705 nulli
445 671 580 705 nocuit:
606 671 776 704 Parentes
803 671 952 705 educent
975 671 1060 705 libe-

82 736 158 757 ros:
187 724 310 757 Serves
333 721 480 756 honesta
502 729 614 766 pacta.
668 721 795 755 Statim
822 723 915 756 enim
937 735 1061 768 seque—

81 781 179 808 retur
204 773 379 808 humanae
403 779 550 806 naturae
567 772 750 817 dissipatio
772 779 806 806 et
823 773 1004 813 interitus,
1032 774 1061 807 si

80 825 343 871 permitteretur
370 824 511 857 cuilibet
534 836 599 868 pro
623 836 685 857 sua
703 824 849 858 libidine
865 826 979 858 facere
997 825 1061 858 im-

80 884 201 922 petum
225 877 262 909 in
288 876 439 909 aliorum
460 876 620 909 fortunas
639 881 673 908 et
692 888 853 919 corpora.
906 876 975 909 Sed
992 876 1059 909 alia

81 929 256 974 quaedam
285 933 366 961 sunt
389 927 565 959 naturalia
587 926 754 960 inferiore
774 928 906 970 gradu,
932 928 1060 973 quibus

79 979 242 1019 mutatis,
270 991 343 1011 non
365 977 483 1011 statim
509 977 667 1023 sequitur
694 984 842 1011 naturae
865 979 1059 1023 corruptio,

79 1036 142 1063 aut
163 1030 309 1073 insignis
331 1029 556 1073 depravatio,
583 1035 623 1062 ut
645 1035 772 1062 natura
794 1030 906 1073 magis
924 1030 1059 1063 utimur

79 1082 200 1114 dextra
226 1094 332 1126 quam
356 1080 519 1120 sinistra,
547 1086 580 1113 et
605 1086 723 1113 tamen
746 1081 821 1113 fieri
846 1087 963 1125 potest
984 1081 1058 1114 sine

77 1139 225 1166 naturae
249 1131 496 1176 corruptione,
523 1137 563 1165 ut
581 1131 708 1176 aliquis
726 1132 851 1165 melius
870 1138 991 1165 utatur
1014 1132 1058 1166 si-

77 1183 200 1216 nistra.
253 1183 365 1216 Huius
388 1184 514 1226 gradus
539 1184 714 1227 quaedam
738 1189 873 1216 mutata
905 1184 1059 1216 toleran-

78 1241 155 1275 tur,
181 1234 263 1279 quia
288 1247 351 1267 nec
374 1233 571 1276 corrumpit
591 1240 757 1266 naturam
781 1233 931 1266 mutatio
954 1232 1058 1267 huius

78 1285 235 1329 generis,
269 1298 333 1318 nec
357 1284 482 1329 procul
505 1283 651 1316 discedit
674 1296 692 1316 a
716 1295 799 1316 vera
828 1290 861 1316 et
882 1285 1058 1317 severiore

77 1336 229 1369 ratione.
280 1336 353 1369 Nec
382 1335 476 1367 enim
504 1334 596 1377 leges
620 1334 755 1367 mederi
777 1334 941 1368 omnibus
964 1335 1058 1368 vitiis

78 1393 244 1431 possunt,
273 1398 381 1432 quare
409 1385 542 1418 leviora
568 1386 743 1429 quaedam
767 1385 990 1418 dissimulant
1017 1398 1057 1418 ac

77 1438 242 1470 tolerant.
300 1436 349 1469 Ita
377 1448 455 1469 cum
486 1447 559 1467 non
586 1435 733 1468 omnino
758 1442 901 1478 possent
922 1443 1056 1469 veteres

74 1488 323 1531 legumlator-es
340 1499 462 1520 usuras
478 1483 665 1529 prohibere
678 1513 687 1525 ,
709 1486 889 1518 moderari
907 1498 964 1520 eas
985 1493 1056 1520 stu-

76 1539 248 1577 duerunt,
276 1544 309 1570 et
331 1538 533 1570 moderatas
556 1537 718 1576 tolerari,
747 1537 811 1570 etsi
835 1544 949 1570 essent
973 1550 1055 1570 con-

73 1596 128 1622 tra
154 1595 330 1622 naturam.
383 1588 450 1621 Sed
474 1588 679 1620 moderatae
703 1600 777 1620 non
801 1588 906 1621 nimis
931 1590 1055 1633 procul

73 1652 92 1673 a
121 1646 249 1673 natura
279 1640 524 1678 discedebant,
560 1645 594 1671 et
621 1636 707 1671 haec
732 1640 949 1672 consuetudo
981 1652 1054 1673 non

72 1691 321 1735 corrumpebat
336 1697 513 1724 naturam.
549 1689 607 1722 Sic
618 1690 870 1734 polygamiam,
895 1691 957 1724 etsi
972 1704 1053 1724 vere

71 1748 122 1776 est
139 1748 259 1775 contra
278 1748 462 1780 naturam,
490 1747 609 1774 tamen
624 1741 720 1774 Deus
736 1740 773 1773 in
790 1742 923 1785 populo
941 1741 1052 1777 Israe-

70 1793 165 1827 litico
191 1793 366 1826 tolerarit.
420 1792 489 1826 Sed
516 1792 553 1824 in
576 1790 630 1826 his
654 1793 758 1825 rebus
782 1794 975 1836 prudenter
1000 1794 1051 1826 iu-

69 1844 259 1878 dicandum
285 1850 354 1883 est,
388 1856 453 1877 nec
481 1855 523 1875 ex
555 1843 722 1887 exemplis
747 1844 838 1886 leges
868 1844 1051 1878 faciendae

69 1902 169 1935 sunt,
204 1908 268 1928 nec
296 1895 366 1928 ulla
398 1894 555 1938 exempla
585 1894 660 1928 sine
694 1895 815 1927 divino
845 1896 1049 1929 testimonio

69 1947 298 1991 approbanda
315 1953 407 1980 sunt.
458 1945 552 1979 Nam
569 1958 647 1979 cnm
665 1946 759 1979 solus
774 1945 868 1980 Deus
886 1947 1049 1980 conditor

68 1999 112 2031 sit
136 2004 305 2037 naturae,
340 1998 375 2030 in
399 1997 507 2041 ipsius
537 1997 641 2031 unius
666 2003 839 2041 potestate
865 1998 972 2031 etiam
999 2005 1049 2032 est

66 2049 120 2082 ius
143 2055 301 2081 naturae.
353 2046 443 2082 Illud
468 2047 574 2080 etiam
598 2048 835 2082 adiiciendum
859 2055 921 2082 est.
973 2049 1048 2083 Etsi

64 2100 240 2145 principia
259 2099 408 2132 moralia
426 2105 508 2132 sunt
524 2099 637 2140 firma,
659 2100 749 2133 sicut
763 2099 937 2144 prIncipia
958 2098 1047 2146 phy-

65 2151 154 2185 sica:
189 2152 305 2185 Grave
331 2150 443 2184 fertur
467 2151 633 2183 deorsum
658 2157 741 2191 etc„
776 2157 896 2184 tamen
920 2158 970 2184 est
994 2153 1047 2185 in-

64 2203 201 2236 firmior
235 2214 394 2235 assensus
426 2200 636 2241 moralium,
672 2207 820 2246 propter
847 2203 1045 2247 corruptio-

63 2266 146 2287 nem
170 2259 330 2286 naturae.
384 2251 476 2297 Quia
492 2251 585 2286 enim
607 2264 681 2285 non
698 2253 782 2286 satis
799 2253 969 2286 obediunt
983 2266 1045 2287 na-

64 2312 184 2345 turae,
215 2316 376 2337 assensus
404 2304 443 2336 fit
472 2302 667 2343 infirmior,
702 2310 735 2336 et
765 2304 861 2347 ipsae
894 2305 1043 2338 notitiae

62 2362 144 2389 sunt
172 2355 410 2395 obscuriores,
437 2360 471 2387 et
494 2353 595 2387 facile
621 2353 833 2388 assentimur
858 2356 1044 2390 contrariis

62 2406 386 2451 imaginationibus.

63 2483 159 2526 Quid
173 2486 333 2518 interest
349 2485 403 2517 int
409 2494 449 2517 er
459 2493 644 2517 szmmmm
656 2484 714 2517 ius
728 2485 765 2516 et
782 2479 972 2518 ἐπιείκειαν
984 2481 1042 2529 ⁹⁹).

163 2551 349 2585 Summum
372 2551 425 2584 ius
452 2563 525 2583 non
548 2555 598 2585 est
622 2549 839 2582 calumniosa
870 2549 1042 2594 interpre—

61 2602 146 2635 tatio
174 2602 278 2642 iuris,
304 2602 417 2647 qualis
438 2601 523 2641 suit,
550 2613 629 2634 cum
656 2606 778 2644 pactus
805 2600 949 2643 triginta
971 2601 1042 2634 die-

93 2694 138 2724 99)
159 2695 185 2718 et
204 2692 364 2723 ἐπιείκειαν]
385 2694 424 2718 sic
442 2695 509 2720 Edd.
531 2694 605 2719 1540.
624 2695 651 2718 et
672 2693 762 2724 1546.;
781 2693 830 2717 Ed.
853 2693 925 2717 15³8.
945 2695 973 2719 et
991 2701 1042 2718 ae-

127 2730 266 2760 quitatem
285 2735 335 2755 seu.
352 2728 509 2754 ἐπιείκειαν.

1116 224 1196 246 rum
1218 212 1376 247 inducias
1398 220 1507 246 noctu
1532 213 1770 258 populabatur
1800 213 1954 249 hostium
1979 228 2092 257 agros,

1116 270 1177 296 aut
1206 276 1285 298 cum
1318 265 1452 307 legatus
1486 264 1670 298 Romanus
1700 273 1821 310 pactus
1860 279 1939 299 cum
1969 267 2093 299 Antio-

1116 311 1181 346 cho
1200 313 1276 360 ¹⁰⁰),
1300 322 1339 349 ut
1356 315 1501 349 dimidia
1518 328 1599 360 pars
1615 317 1756 350 navium
1775 317 1806 350 ei
1822 318 2094 363 relinqueretur,

1115 365 1224 397 secuit
1253 379 1378 407 uaxes,
1413 373 1452 401 ut
1483 368 1591 400 classe
1616 367 1779 401 universa
1814 381 1893 401 eum
1926 369 2093 413 privaret.

1115 415 1220 448 Tales
1248 418 1388 451 fraudes
1417 430 1491 451 non
1516 425 1598 452 sunt
1629 432 1807 452 summum
1838 420 1910 458 ius,
1952 421 2012 453 sed
2040 432 2095 451 ca-

1113 466 1281 501 lumniae.
1326 468 1389 501 Est
1407 476 1524 503 autem
1544 483 1721 503 summum
1741 471 1812 511 ius,
1839 483 1916 503 cum
1935 471 2025 513 leges
2044 484 2094 504 se-

1113 528 1196 549 vere
1216 518 1290 550 sine
1309 519 1529 562 mitigatione
1546 521 1759 562 retinentur,
1789 521 1924 555 etiamsi
1943 534 2011 566 qua
2030 522 2095 554 cir-

1114 569 1324 602 cumstantia
1342 571 1497 603 admittit
1514 572 1795 613 mitigationem,
1822 580 1861 606 ut
1878 573 1906 606 si
1923 573 2027 605 iudex
2042 574 2095 605 su—

1113 630 1189 651 rcm
1205 620 1463 654 adolescentem
1481 628 1514 654 et
1529 623 1665 666 lapsum
1685 624 1805 669 aliquo
1823 636 1904 657 casu
1923 624 2095 667 egestatis,

1113 669 1188 703 sine
1222 670 1353 715 insigni
1384 673 1589 713 atrocitate,
1627 681 1687 707 aut
1718 675 1932 718 petulantia,
1968 674 2096 707 afficiat

1114 721 1256 765 capitali
1272 723 1456 767 supplicio.
1497 723 1573 757 Etsi
1590 731 1706 758 autem
1725 726 1914 758 discrimen
1933 732 1983 759 est
2002 725 2093 758 inter

1114 772 1307 806 calumnias
1337 779 1371 806 et
1400 787 1579 808 summum
1612 775 1684 814 ius,
1719 782 1837 809 tamen
1865 777 1922 808 ubi
1949 777 2096 809 circum-

1113 823 1263 856 stantiae
1279 824 1440 868 ssagitant
1455 825 1712 870 mitigationem
1727 853 1735 865 ,
1762 840 1864 871 saepe
1882 828 2021 859 difficile
2046 835 2097 861 est

1114 876 1297 908 ostendere
1328 876 1528 910 discrimen.
1597 877 1685 910 Cum
1714 877 1860 911 Fulvius
1880 878 1906 923 ¹)
1943 880 2093 911 afficeret

1113 926 1254 970 capitali
1277 927 1450 971 supplicio
1467 934 1647 961 senatores
1668 928 1876 972 Capuanos,
1907 935 1998 961 recte
2014 942 2096 962 usus

1113 983 1164 1009 est
1183 990 1322 1010 summo
1347 978 1442 1018 iure,
1472 979 1553 1024 quia
1575 985 1677 1012 erant
1695 977 1830 1020 hostes,
1853 981 1917 1013 etsi
1939 981 2096 1013 fortassis

1111 1040 1186 1060 non
1216 1040 1338 1062 omnes
1368 1029 1502 1074 pariter
1532 1031 1674 1063 fuerant
1705 1037 1846 1064 autores
1879 1031 2096 1069 desectioms,

1113 1091 1234 1112 omnes
1259 1086 1378 1113 tamen
1411 1081 1630 1119 defecerant,
1667 1087 1701 1113 et
1726 1081 1762 1115 iu
1790 1094 1912 1115 omnes
1937 1082 2096 1114 animad-

1111 1131 1202 1163 verti
1233 1131 1331 1178 licet..
1378 1132 1447 1164 Sed
1479 1145 1558 1165 cuin
1588 1132 1744 1166 Manlius
1776 1140 1876 1176 pater
1891 1133 1922 1177 2)
1954 1134 1995 1165 de.
2027 1133 2095 1165 tilio

1111 1181 1322 1226 supplicium
1344 1189 1516 1221 sumeret,
1545 1183 1725 1227 gratiores
1742 1184 2026 1218 circumstantiae
2046 1185 2095 1216 xi-

1111 1233 1238 1266 dentur
1262 1233 1436 1276 flagitasse
1462 1234 1733 1278 mitigationem.
1786 1234 1837 1268 Ita
1868 1242 1902 1268 et
1930 1235 1967 1268 in
1990 1235 2095 1268 Milo-

1111 1283 1165 1316 nis
1187 1296 1269 1316 casn
1287 1284 1570 1318 circumstantiae
1587 1286 1818 1330 requirebant
1834 1286 2094 1328 mitigationem

1110 1346 1245 1376 poenae
1266 1334 1309 1378 ³).
1366 1335 1441 1368 Etsi
1466 1335 1559 1368 enim
1585 1348 1659 1369 non
1682 1336 1906 1370 interfecerat
1930 1338 2093 1370 Clodium

1110 1384 1147 1415 in
1169 1385 1384 1425 continenti,
1419 1392 1538 1418 tamen
1562 1386 1618 1419 ille
1647 1387 1861 1431 principium
1886 1400 2025 1432 pugnae
2047 1389 2094 1421 fe-

1110 1441 1223 1475 cerat,
1251 1442 1290 1467 ut
1306 1435 1396 1468 iusto
1413 1437 1536 1469 dolore
1562 1443 1696 1477 motus,
1726 1439 1888 1471 videatur
1907 1439 1994 1471 Milo
2013 1452 2093 1472 euni

1108 1485 1306 1518 latitantem
1329 1492 1531 1529 persecutus
1555 1499 1645 1527 esse,
1680 1489 1741 1521 scd
1767 1487 1891 1522 habuit
1915 1490 2004 1522 Milo
2031 1491 2094 1523 du-

1108 1536 1220 1569 riores
1241 1536 1393 1576 iudices,
1427 1537 1489 1582 qui
1512 1550 1689 1571 summum
1708 1539 1759 1572 ius
1776 1541 1969 1583 urgebant,
1998 1542 2094 1586 quod

1108 1587 1269 1620 xidelicet
1292 1600 1366 1620 non
1391 1588 1620 1622 interfecisset
1638 1589 1801 1623 Clodium
1826 1591 1863 1623 in
1887 1591 2093 1626 continenti.

1107 1638 1239 1672 Verum
1258 1637 1426 1673 ἐπιείκεια
1446 1646 1496 1673 est
1511 1641 1710 1674 moderatio
1728 1642 1813 1685 legis
1830 1642 1866 1674 in
1888 1643 2006 1687 aliqua
2026 1643 2091 1675 cir-

1107 1689 1336 1730 cumstantia,
1361 1691 1568 1734 praesertim
1584 1692 1621 1724 iu
1640 1704 1733 1732 casu,
1758 1694 1799 1725 de
1816 1705 1886 1738 quo
1906 1706 1980 1726 non
1994 1694 2091 1738 prin-

1106 1741 1267 1785 cipaliter
1287 1741 1342 1773 lex
1367 1742 1547 1786 loquitur,
1574 1749 1614 1776 ut
1638 1756 1717 1776 cum
1742 1744 1797 1776 lex
1816 1745 1913 1777 iubet
1929 1751 2091 1788 strangu-

1104 1793 1172 1825 lari
1196 1793 1331 1832 furem,
1358 1793 1518 1837 loquitur
1543 1794 1585 1826 de
1616 1806 1677 1833 eo,
1711 1795 1808 1828 cuius
1839 1801 1933 1829 aetas
1958 1802 2009 1829 est
2035 1797 2090 1828 fir-

1104 1844 1215 1884 mior,
1251 1849 1284 1876 et
1314 1844 1375 1888 qui
1401 1844 1601 1887 petulanter
1630 1846 1779 1879 furatur.
1840 1845 1986 1879 lnterim
2011 1859 2090 1890 per-

1103 1895 1213 1928 mittit
1238 1894 1294 1927 lex
1316 1894 1446 1928 iudicio
1472 1896 1656 1939 prudentis
1680 1896 1804 1929 iudicIs
1827 1897 2088 1941 mitigationem

1102 1944 1206 1980 huius
1228 1958 1386 1989 poenae,
1413 1945 1451 1979 iu
1472 1959 1572 1986 casu,
1600 1949 1641 1979 de
1658 1960 1728 1992 quo
1750 1948 1805 1980 lex
1821 1960 1894 1981 non
1910 1948 2088 1992 principa-

1101 1998 1181 2030 liter
1205 1997 1383 2041 loquitur‚
1410 2003 1449 2030 ut
1473 1997 1501 2030 si
1522 1997 1600 2043 quis
1620 2004 1732 2031 aetate
1756 1999 1895 2042 lapsus,
1921 2000 2006 2032 etin
2026 2000 2089 2031 ali-

1102 2062 1170 2093 qua
1187 2048 1308 2091 iuopia
1327 2048 1558 2081 commisisset
1574 2050 1707 2082 furtum
1723 2049 1887 2093 exiguum
1902 2050 1976 2083 sine
1993 2057 2087 2083 atro-

1100 2100 1215 2139 citate,
1240 2099 1347 2131 iudici
1364 2099 1534 2142 permissa
1552 2107 1602 2133 est
1620 2100 1794 2144 mitigatio
1812 2113 1961 2145 poenae.
1995 2101 2086 2134 Hinc

1098 2157 1214 2195 potest
1231 2150 1391 2193 intelligi,
1415 2150 1475 2183 ubi
1494 2149 1662 2185 ἐπιὲίκεια
1682 2151 1869 2195 praecipue
1888 2153 2004 2185 locum
2024 2150 2085 2185 ba-

1097 2203 1200 2242 beat,
1227 2214 1300 2234 non
1323 2201 1417 2234 enim
1442 2202 1618 2245 approbat
1643 2202 1790 2243 delicta,
1814 2215 1878 2235 nec
1904 2203 2021 2236 abolet
2036 2203 2084 2236 le-

1132 2322 1195 2349 100)
1215 2322 1364 2346 Antiochus
1379 2323 1421 2346 111.
1441 2323 1575 2353 Magnus,
1596 2323 1696 2353 Syn-tae
1715 2329 1772 2349 rex,
1793 2328 1817 2346 a.
1837 2324 1892 2347 189.
1911 2329 1936 2349 a.
1952 2324 2014 2348 Chr.
2033 2330 2082 2354 pa-

1165 2363 1222 2380 cem
1247 2356 1334 2380 iniens
1361 2364 1420 2380 cum
1443 2358 1587 2385 Romanis,
1613 2358 1656 2387 qui
1682 2363 1705 2380 a.
1728 2358 1783 2380 191.
1809 2358 1836 2380 et
1861 2359 1918 2381 190.
1942 2359 2028 2387 ipsum
2048 2360 2082 2382 ad

1165 2391 1364 2420 Thermopylas
1386 2393 1412 2414 et
1425 2392 1605 2422 Magnesiam,
1625 2398 1738 2421 eiusque
1756 2392 1872 2415 classem
1891 2392 1924 2415 ad
1944 2392 2081 2423 Corycum

1165 2427 1191 2448 et
1210 2426 1392 2454 Myonnesum
1409 2425 1543 2448 vicerant.

1133 2467 1159 2499 1)
1183 2470 1212 2497 Q.
1233 2468 1346 2491 Fulvius
1365 2468 1495 2495 Flaccus,
1521 2467 1564 2497 qui
1589 2467 1616 2490 in
1643 2467 1761 2491 secundo
1782 2467 1883 2492 Punico
1909 2469 1980 2493 bello
2004 2475 2029 2494 a,
2055 2477 2081 2494 u.

1163 2503 1222 2527 543.
1243 2502 1360 2531 Capuam
1380 2502 1559 2532 expugnavit,
1579 2502 1649 2525 conf.
1670 2502 1732 2524 Liv.
1750 2502 1799 2532 23,
1820 2503 1859 2526 14.
1883 2503 1922 2527 16.

1129 2545 1160 2572 2)
1180 2545 1208 2568 Τ.
1228 2544 1344 2567 Manlius
1363 2545 1516 2573 Torquatus
1535 2544 1631 2566 consul
1650 2545 1713 2567 ante
1732 2550 1850 2574 pugnam
1868 2545 1902 2568 ad
1917 2545 2078 2573 Vesuvium,

1164 2586 1215 2609 qua
1240 2585 1299 2601 cuin
1326 2579 1438 2601 consule
1458 2578 1486 2600 P.
1504 2578 1585 2600 Decio
1606 2579 1682 2600 Mure
1701 2579 1808 2608 collega
1826 2580 1939 2602 Latinos·
1967 2586 2078 2603 eorum-

1164 2620 1214 2643 que
1233 2612 1324 2636 socios
1344 2612 1497 2641 Campanos
1517 2612 1543 2634 et
1563 2612 1681 2635 Volscos
1705 2619 1729 2635 a.
1750 2619 1773 2634 u.
1794 2613 1852 2636 340.
1874 2614 1957 2643 vixit,
1985 2614 2078 2644 filium,

1165 2647 1208 2677 qni
1232 2647 1368 2669 adversus
1386 2647 1529 2668 consulare
1549 2646 1664 2669 edictum
1684 2648 1762 2670 extra
1781 2647 1901 2671 ordinem
1929 2648 1955 2671 iu
1973 2648 2078 2671 hostem

1162 2681 1351 2710 pugnaverat,
1371 2679 1485 2703 interfici
1505 2680 1601 2709 iussit,
1621 2680 1690 2703 conf.
1707 2681 1766 2705 [ΛΥ.
1787 2682 1813 2711 6,
1833 2681 1858 2705 7.

1127 2723 1157 2755 3)
1178 2724 1255 2748 Cous.
1277 2722 1417 2748 Ciceronis
1436 2723 1524 2747 oratio
1544 2728 1592 2753 pro
1611 2722 1724 2746 Milone.
