2347 3000
238 800 358 843 XVI.
424 798 522 843 PH.
562 797 721 841 MEL.
768 795 1076 841 SCHOLIA
1120 794 1191 838 IN
1237 794 1617 839 CICERONIS
1663 797 2083 841 ORATIONEM
2130 797 2261 841 PRO

1046 878 1097 929 Q.
1141 877 1447 921 LIGARIO.

237 1014 346 1070 Haec
368 1033 565 1067 Melanthonis
586 1031 695 1061 scholia
717 1036 830 1060 tantum
852 1032 882 1059 in
905 1032 994 1060 tribus
1016 1031 1074 1059 illis
1097 1030 1289 1069 scholiorum,
1311 1038 1386 1068 quae
1410 1030 1447 1058 ad
1470 1030 1570 1067 plures
1590 1030 1638 1058 vel
1661 1039 1761 1059 omnes
1775 1030 1924 1059 Ciceronis
1939 1031 2084 1061 orationes
2099 1033 2260 1070 pertinent,

237 1081 454 1113 collectionibus
492 1077 529 1105 ad
566 1076 726 1103 orationem
763 1084 816 1112 pro
845 1073 949 1101 Archia
985 1082 1015 1110 p.
1044 1071 1238 1102 893-896,
1274 1073 1429 1109 descriptis
1465 1073 1643 1109 invenimus,
1679 1074 1755 1101 scil-z
1794 1071 1827 1111 1)
1851 1071 2044 1102 Basileensi
2074 1073 2168 1104 1553.
2198 1074 2260 1111 sol„

237 1126 274 1165 2)
299 1121 520 1160 Lugdunensi
546 1116 638 1148 1554.
662 1116 730 1152 fol.,
754 1122 783 1144 et
805 1114 842 1153 3)
867 1114 1039 1154 Lipse'cnsi
1062 1114 1154 1145 1568.
1177 1115 1226 1151 8.,
1249 1124 1320 1152 quas
1342 1116 1409 1142 solis
1432 1124 1572 1142 annorum
1596 1116 1724 1143 numeris
1740 1116 1924 1153 signabimus.
1969 1116 2078 1144 Harum
2100 1117 2259 1145 editionum

240 1168 346 1202 tertia,
368 1163 543 1204 Lipsiensis,
564 1170 582 1189 a
605 1160 715 1188 duobus
737 1159 881 1197 prioribus
904 1167 939 1187 eo
962 1158 1089 1186 maxime
1112 1157 1227 1194 differt,
1257 1157 1350 1195 quod,
1380 1163 1498 1196 praeter
1521 1167 1620 1186 earum
1642 1157 1767 1195 scholia,
1797 1159 1854 1187 alia
1876 1159 1965 1187 etiam
1986 1158 2116 1188 eiusdem
2138 1160 2262 1188 auctoris

239 1211 376 1240 continet.

497 1432 531 1468 1.
596 1428 659 1465 IN
700 1425 1028 1465 CICERONIS
1073 1424 1192 1463 PRO
1236 1426 1280 1471 Q.
1323 1425 1585 1462 LIGARIO
1631 1425 2008 1463 ORATIONEM

675 1497 887 1527 Pfflmrri
924 1495 1275 1525 MELANTHOle
1311 1495 1762 1526 COMMENTAmoLUs
1785 1494 1825 1535 1).

482 1592 660 1627 Summa
702 1589 994 1634 Ligarianae.

239 1659 377 1716 Valde
399 1676 578 1711 dissimilis
608 1680 659 1708 est
689 1673 839 1706 aliarum
877 1672 1080 1705 orationum
1111 1670 1225 1703 oratio

242 1746 308 1780 pro
334 1729 490 1773 Ligario.
543 1726 689 1761 Gratior
716 1731 766 1758 est
789 1724 882 1756 enim
898 1725 928 1767 ²)
956 1723 1059 1755 iudici
1076 1722 1224 1766 sapienti

243 1792 278 1819 et
301 1780 438 1828 potenti
463 1779 578 1813 oratio
600 1776 798 1809 verecunda
824 1782 857 1807 et
883 1775 1055 1817 ingenua,
1083 1786 1167 1817 prae
1191 1786 1226 1805 se

244 1838 360 1870 serens
395 1829 692 1876 simplicissimam
731 1827 902 1871 speciem,
958 1831 992 1857 et
1029 1824 1143 1857 aliena
1183 1824 1226 1855 al)

246 1884 504 1923 ostentatione,
539 1892 646 1927 quam
668 1878 853 1911 ambitiose
883 1877 1063 1910 elaborata
1089 1875 1143 1907 rel
1170 1886 1227 1907 or-

246 1945 342 1973 nata.
393 1934 477 1968 Ideo
502 1939 536 1966 et
560 1931 617 1965 hic
642 1929 764 1963 Cicero
792 1930 866 1963 sine
885 1928 1015 1961 usitato
1039 1927 1226 1971 splendore

244 1987 396 2026 forensi,
429 1984 531 2031 (prasi
559 1982 784 2016 familiariter
813 1980 1016 2024 colloquens
1040 1991 1117 2011 cum
1143 1977 1227 2010 Cae-

245 2053 343 2079 sare,
371 2036 567 2070 verecunde
593 2039 733 2067 excusat
755 2032 926 2070 amicum,
955 2037 988 2063 et
1012 2042 1076 2073 pro
1104 2041 1144 2061 eo
1169 2029 1227 2060 (le-

247 2097 423 2138 precatur.
474 2087 519 2120 Et
537 2095 753 2131 quamquam
773 2084 815 2117 ad
833 2082 918 2115 artis
934 2086 1120 2126 praecepta
1145 2091 1227 2111 con-

247 2143 342 2187 gruit
364 2151 503 2174 summa
518 2137 549 2184 ³)
567 2135 700 2180 negotii
722 2135 876 2180 (necesse
897 2140 947 2165 cst
965 2133 1056 2165 enim
1073 2131 1225 2175 aliquem

246 2187 352 2229 finem
375 2203 394 2224 a
417 2191 554 2224 dicente
577 2186 752 2233 prospici,
788 2198 851 2218 nec
883 2191 994 2217 totam
1027 2182 1225 2215 orastionem

246 2253 377 2280 temere
402 2241 564 2288 vagari),
602 2246 720 2272 tamen
744 2236 879 2281 singula
911 2235 1067 2268 membra
1092 2233 1228 2266 usitatis

247 2304 282 2331 et
315 2294 511 2341 puerilibus
543 2287 740 2336 praeceptis
773 2287 1042 2321 accommodare
1068 2285 1226 2340 ineptum

362 2346 414 2379 De
440 2356 576 2379 summa
607 2342 733 2375 (licam.
787 2340 908 2373 Genus
940 2348 1065 2370 causae
1095 2342 1145 2369 est
1177 2347 1228 2367 ιιι-

437 2395 630 2428 Accusatur
659 2392 751 2424 enim
774 2389 958 2433 Ligarius,
987 2388 1082 2433 quod
1105 2392 1227 2419 contra

820 2442 938 2474 Status
957 2445 1008 2472 est
1025 2437 1230 2471 iuridicialis

248 2355 309 2382 est.

247 2398 385 2433 diciale.

248 2450 434 2484 Caesarem
459 2446 495 2480 in
508 2445 625 2478 Africa
649 2443 767 2477 suerit.

284 2563 376 2594 1)Sic
404 2564 470 2586 haec
497 2560 589 2591 priora
616 2559 720 2584 scholia
748 2558 774 2582 tn
803 2557 885 2582 Editt.
915 2555 1006 2587 1553„
1035 2555 1126 2585 ¹554,
1155 2553 1229 2578 1569.

315 2600 378 2622 sunt
396 2595 536 2626 inscripta.

282 2652 314 2681 2)
334 2651 378 2675 est
398 2647 484 2676 enim]
504 2647 543 2670 sic
561 2646 645 2670 Editt.
666 2644 758 2668 1553..
779 2644 874 2673 ¹554.;
893 2642 941 2667 Ed.
964 2641 1036 2664 1568.
1056 2641 1126 2665 enirn
1146 2643 1197 2664 est.

280 2703 312 2732 3)
330 2699 456 2731 congruit
471 2699 588 2726 summa]
604 2697 643 2721 sie
655 2696 736 2720 Editt.
755 2694 839 2718 1553..
861 2694 949 2717 155⁴.:
971 2692 1016 2716 Ed.
1034 2692 1107 2716 1563.
1129 2697 1231 2715 summe

315 2733 449 2767 congruit.

1281 1601 1342 1622 seu
1372 1585 1723 1636 612a107.0712693⁸).
1801 1589 1875 1623 Etsi
1913 1588 2027 1627 enim,
2077 1595 2116 1622 ut
2146 1587 2262 1620 decuit

1281 1641 1374 1683 apud
1399 1640 1639 1673 adversarium
1662 1647 1695 1673 ct
1720 1638 1911 1680 victorem,
1939 1652 2065 1682 magna
2081 1652 2162 1684 pars
2179 1651 2263 1672 con-

1279 1691 1431 1723 sumitur
1463 1691 1497 1723 in
1531 1690 1797 1734 deprecatione,
1840 1698 1957 1723 tamen
1991 1689 2057 1724 hoc
2088 1691 2166 1723 loco
2195 1689 2263 1722 fuit

1280 1743 1536 1775 occurrendum
1556 1741 1795 1776 calumniosae
1813 1742 2039 1775 accusationi.
2077 1741 2139 1775 Est
2156 1740 2262 1784 igitur

1279 1799 1388 1825 status
1405 1793 1609 1826 iuridicialis
1626 1794 1880 1838 assumptivus:
1899 1793 2074 1826 concessio
2089 1792 2262 1831 videlicet,

1281 1857 1357 1876 cum
1376 1844 1598 1886 purgatione,
1618 1856 1678 1877 seu
1695 1844 1894 1877 remotione
1911 1843 2079 1878 criminis.
2119 1843 2262 1881 Fateor,

1281 1895 1395 1940 inquit
1413 1895 1554 1935 Cicero,
1582 1895 1686 1928 fuisse
1704 1895 1740 1927 in
1755 1895 1872 1929 Africa
1890 1894 2091 1938 Ligarium;
2119 1895 2179 1928 sed
2196 1905 2259 1927 nec

1282 1947 1457 1990 profectus
1482 1952 1551 1986 est,
1578 1958 1642 1978 nec
1660 1947 1810 1987 mansit,
1837 1953 1876 1979 ut
1899 1959 1995 1979 arma
2020 1952 2155 1990 gereret
2178 1957 2261 1978 con-

1282 2004 1333 2029 tra
1362 1997 1560 2030 Caesarem.
1623 1997 1684 2031 Est
1709 2004 1741 2030 et
1771 1998 1923 2031 remotio
1953 1997 2130 2037 criminis,
2166 1997 2263 2042 quod

1281 2049 1424 2081 Tubero
1451 2049 1561 2082 scelus
1586 2049 1836 2082 nominaverat
1855 2049 2010 2083 studium
2029 2048 2138 2093 partis
2155 2048 2262 2081 Pom—

1282 2100 1439 2144 peianae.
1516 2099 1617 2133 Hanc
1655 2101 1865 2144 particulam
1904 2100 2091 2143 diligenter
2131 2100 2261 2133 refutat

1282 2151 1403 2184 Cicero
1434 2163 1498 2195 per
1529 2151 1795 2189 translationes;
1836 2151 1921 2185 dicit
1952 2163 2110 2184 errorem
2143 2151 2260 2184 fuisse.

1281 2202 1404 2235 Tertio
1429 2209 1461 2235 et
1485 2202 1688 2242 translatio,
1724 2215 1831 2248 quam
1862 2215 1956 2236 nunc
1983 2203 2179 2236 diceremus
2204 2214 2260 2235 ex—

1282 2254 1497 2298 ceptionem:
1532 2253 1615 2288 Non
1640 2260 1740 2298 potes
1767 2266 1929 2288 accusare
1953 2253 2134 2298 Ligarium
2165 2253 2260 2297 apud

1282 2305 1489 2345 Caesarem,
1517 2317 1596 2338 cum
1624 2305 1773 2339 iniurias
1793 2317 1866 2338 non
1891 2305 2068 2345 Caesaris,
2101 2305 2161 2338 scd
2182 2311 2261 2338 tuas

1282 2356 1437 2401 privatas
1462 2357 1697 2402 persequaris.
1750 2356 1846 2401 Quid
1878 2356 1970 2389 enirn
2003 2357 2047 2389 ad
2073 2356 2260 2394 Caesarem

1283 2407 1428 2447 attinet,
1464 2408 1559 2453 quod
1586 2407 1648 2440 tibi
1672 2420 1745 2441 non
1770 2408 1900 2441 tradidi
1923 2407 2166 2452 provinciam,
2201 2406 2262 2453 qui

1284 2471 1360 2492 eras
1397 2458 1664 2503 Pompeianus?
1723 2458 1818 2491 Haec
1847 2459 2002 2503 exceptio
2035 2459 2175 2492 sortiter
2207 2470 2261 2491 rc-

1283 2510 1382 2554 pellit
1409 2509 1650 2545 Tuberonem.
1711 2509 1831 2554 Turpe
1865 2516 1914 2543 cst
1946 2510 2040 2543 enim
2056 2510 2086 2556 ⁸)
2120 2509 2260 2554 privato

1317 2637 1369 2664 3³)
1392 2636 1431 2659 De
1450 2636 1501 2659 hoc
1518 2635 1593 2659 statu
1617 2631 1688 2657 conf.
1706 2630 1887 2655 Melanthouts
1905 2631 1989 2656 Etem.
2008 2633 2119 2658 Rhetor.
2137 2633 2157 2659 1.
2176 2633 2211 2666 1.‚
2234 2634 2263 2660 h

1354 2670 1432 2693 huius
1453 2670 1534 2700 Coi-p.
1553 2668 1673 2692 Reform.
1693 2666 1755 2689 Vol.
1775 2666 1846 2690 xm.
1866 2673 1890 2696 p.
1908 2667 1968 2692 436.

1323 2724 1354 2751 4)
1373 2723 1415 2747 cst
1431 2721 1516 2751 enim]
1535 2719 1574 2744 sic
1591 2717 1676 2743 mitt.
1695 2715 1788 2745 1553..
1808 2717 1898 2747 1554.;
1917 2717 1965 2742 Ed.
1985 2718 2058 2743 1568.
2076 2718 2146 2745 enlm
2165 2722 2215 2745 eet.
