<?xml version="1.0" encoding="UTF-8"?>
<!DOCTYPE html PUBLIC "-//W3C//DTD XHTML 1.0 Transitional//EN"
    "http://www.w3.org/TR/xhtml1/DTD/xhtml1-transitional.dtd">
<html xmlns="http://www.w3.org/1999/xhtml" xml:lang="en" lang="en">
 <head>
  <title>
</title>
<meta http-equiv="Content-Type" content="text/html;charset=utf-8" />
  <meta name='ocr-system' content='tesseract 3.04.00' />
  <meta name='ocr-capabilities' content='ocr_page ocr_carea ocr_par ocr_line ocrx_word'/>
</head>
<body>
  <div class='ocr_page' id='page_1' title='image "./operaquaesupersu16melauoft/operaquaesupersu16melauoft_0192.png"; bbox 0 0 2347 3000; ppageno 0'>
   <div class='ocr_carea' id='block_1_1' title="bbox 241 103 314 139">
    <p class='ocr_par' dir='ltr' id='par_1_1' title="bbox 241 103 314 139">
     <span class='ocr_line' id='line_1_1' title="bbox 241 103 314 139; baseline -0.014 0"><span class='ocrx_word' id='word_1_1' title='bbox 241 103 314 139; x_wconf 86' lang='lat'>355</span> 
     </span>
    </p>
   </div>
   <div class='ocr_carea' id='block_1_2' title="bbox 238 190 1226 902">
    <p class='ocr_par' dir='ltr' id='par_1_2' title="bbox 238 190 1226 902">
     <span class='ocr_line' id='line_1_2' title="bbox 241 190 1224 235; baseline -0.002 -12"><span class='ocrx_word' id='word_1_2' title='bbox 241 198 358 235; x_wconf 71' lang='lat' dir='ltr'>togata</span> <span class='ocrx_word' id='word_1_3' title='bbox 389 192 614 233; x_wconf 86' lang='lat' dir='ltr'>fortitudine,</span> <span class='ocrx_word' id='word_1_4' title='bbox 655 207 716 227; x_wconf 89' lang='lat' dir='ltr'>seu</span> <span class='ocrx_word' id='word_1_5' title='bbox 748 193 942 226; x_wconf 77' lang='lat' dir='ltr'>constantia</span> <span class='ocrx_word' id='word_1_6' title='bbox 971 197 1003 222; x_wconf 89' lang='lat' dir='ltr'>et</span> <span class='ocrx_word' id='word_1_7' title='bbox 1026 190 1224 229; x_wconf 85' lang='lat' dir='ltr'>tolerantia,</span> 
     </span>
     <span class='ocr_line' id='line_1_3' title="bbox 242 239 1223 290; baseline -0.004 -14"><span class='ocrx_word' id='word_1_8' title='bbox 242 255 301 276; x_wconf 82' lang='lat' dir='ltr'>seu</span> <span class='ocrx_word' id='word_1_9' title='bbox 322 243 504 286; x_wconf 87' lang='lat' dir='ltr'>patientia,</span> <span class='ocrx_word' id='word_1_10' title='bbox 532 258 637 290; x_wconf 84' lang='lat' dir='ltr'>quam</span> <span class='ocrx_word' id='word_1_11' title='bbox 658 257 761 288; x_wconf 84' lang='lat' dir='ltr'>supra</span> <span class='ocrx_word' id='word_1_12' title='bbox 780 243 933 281; x_wconf 73' lang='lat' dir='ltr'>deiiuixi,</span> <span class='ocrx_word' id='word_1_13' title='bbox 961 240 1046 274; x_wconf 87' lang='lat' dir='ltr'>haec</span> <span class='ocrx_word' id='word_1_14' title='bbox 1065 239 1223 273; x_wconf 89' lang='lat' dir='ltr'>inchoari</span> 
     </span>
     <span class='ocr_line' id='line_1_4' title="bbox 243 293 1223 339; baseline -0.001 -14"><span class='ocrx_word' id='word_1_15' title='bbox 243 300 275 325; x_wconf 88' lang='grc'>01</span> <span class='ocrx_word' id='word_1_16' title='bbox 301 296 503 327; x_wconf 81' lang='lat' dir='ltr'>conlirmari</span> <span class='ocrx_word' id='word_1_17' title='bbox 528 303 636 339; x_wconf 75' lang='lat' dir='ltr'>potest</span> <span class='ocrx_word' id='word_1_18' title='bbox 666 296 843 333; x_wconf 84' lang='lat' dir='ltr'>doctrina,</span> <span class='ocrx_word' id='word_1_19' title='bbox 871 300 903 325; x_wconf 86' lang='lat' dir='ltr'>et</span> <span class='ocrx_word' id='word_1_20' title='bbox 922 306 1004 331; x_wconf 81' lang='lat' dir='ltr'>usn,</span> <span class='ocrx_word' id='word_1_21' title='bbox 1033 293 1111 325; x_wconf 89' lang='lat' dir='ltr'>ideo</span> <span class='ocrx_word' id='word_1_22' title='bbox 1131 293 1223 325; x_wconf 92' lang='lat' dir='ltr'>enim</span> 
     </span>
     <span class='ocr_line' id='line_1_5' title="bbox 241 344 1225 390; baseline -0.001 -14"><span class='ocrx_word' id='word_1_23' title='bbox 241 344 337 378; x_wconf 78' lang='lat' dir='ltr'>Deus</span> <span class='ocrx_word' id='word_1_24' title='bbox 354 347 523 390; x_wconf 71' lang='lat' dir='ltr'>praecipit</span> <span class='ocrx_word' id='word_1_25' title='bbox 543 349 584 379; x_wconf 92' lang='lat' dir='ltr'>de</span> <span class='ocrx_word' id='word_1_26' title='bbox 605 345 840 390; x_wconf 57' lang='lat' dir='ltr'>pamhwgogiai,</span> <span class='ocrx_word' id='word_1_27' title='bbox 876 345 964 377; x_wconf 83' lang='lat' dir='ltr'>sicut</span> <span class='ocrx_word' id='word_1_28' title='bbox 988 345 1153 377; x_wconf 76' lang='lat' dir='ltr'>laborans</span> <span class='ocrx_word' id='word_1_29' title='bbox 1178 346 1225 377; x_wconf 84' lang='lat' dir='ltr'>se—</span> 
     </span>
     <span class='ocr_line' id='line_1_6' title="bbox 239 396 1225 440; baseline 0 -13"><span class='ocrx_word' id='word_1_30' title='bbox 239 396 314 435; x_wconf 79' lang='lat' dir='ltr'>bri,</span> <span class='ocrx_word' id='word_1_31' title='bbox 357 398 545 430; x_wconf 86' lang='lat' dir='ltr'>adsuesacit</span> <span class='ocrx_word' id='word_1_32' title='bbox 569 410 603 429; x_wconf 80' lang='lat' dir='ltr'>se</span> <span class='ocrx_word' id='word_1_33' title='bbox 630 398 671 428; x_wconf 90' lang='lat' dir='ltr'>ad</span> <span class='ocrx_word' id='word_1_34' title='bbox 697 396 908 428; x_wconf 86' lang='lat' dir='ltr'>mediocrem</span> <span class='ocrx_word' id='word_1_35' title='bbox 942 396 1225 440; x_wconf 87' lang='lat' dir='ltr'>temperantiam,</span> 
     </span>
     <span class='ocr_line' id='line_1_7' title="bbox 241 447 1225 490; baseline -0.001 -11"><span class='ocrx_word' id='word_1_36' title='bbox 241 448 377 481; x_wconf 82' lang='lat' dir='ltr'>dualms</span> <span class='ocrx_word' id='word_1_37' title='bbox 394 449 514 486; x_wconf 81' lang='lat' dir='ltr'>reims,</span> <span class='ocrx_word' id='word_1_38' title='bbox 549 448 710 479; x_wconf 83' lang='lat' dir='ltr'>doctrina</span> <span class='ocrx_word' id='word_1_39' title='bbox 729 454 759 479; x_wconf 92' lang='lat' dir='ltr'>et</span> <span class='ocrx_word' id='word_1_40' title='bbox 777 460 853 481; x_wconf 82' lang='lat' dir='ltr'>usu.</span> <span class='ocrx_word' id='word_1_41' title='bbox 913 447 1023 479; x_wconf 73' lang='lat' dir='ltr'>Audit</span> <span class='ocrx_word' id='word_1_42' title='bbox 1046 447 1138 479; x_wconf 89' lang='lat' dir='ltr'>enim</span> <span class='ocrx_word' id='word_1_43' title='bbox 1170 460 1225 490; x_wconf 86' lang='lat' dir='ltr'>pe-</span> 
     </span>
     <span class='ocr_line' id='line_1_8' title="bbox 241 498 1225 542; baseline -0.001 -12"><span class='ocrx_word' id='word_1_44' title='bbox 241 498 388 531; x_wconf 89' lang='lat' dir='ltr'>riculum</span> <span class='ocrx_word' id='word_1_45' title='bbox 421 499 510 530; x_wconf 65' lang='lat' dir='ltr'>vitae</span> <span class='ocrx_word' id='word_1_46' title='bbox 539 511 628 538; x_wconf 78' lang='lat' dir='ltr'>esse,</span> <span class='ocrx_word' id='word_1_47' title='bbox 671 499 696 531; x_wconf 87' lang='lat' dir='ltr'>si</span> <span class='ocrx_word' id='word_1_48' title='bbox 723 498 872 531; x_wconf 76' lang='lat' dir='ltr'>niinium</span> <span class='ocrx_word' id='word_1_49' title='bbox 897 505 957 531; x_wconf 85' lang='lat' dir='ltr'>aut</span> <span class='ocrx_word' id='word_1_50' title='bbox 982 499 1225 542; x_wconf 62' lang='lat' dir='ltr'>intempestive</span> 
     </span>
     <span class='ocr_line' id='line_1_9' title="bbox 240 549 1225 590; baseline 0 -10"><span class='ocrx_word' id='word_1_51' title='bbox 240 549 348 582; x_wconf 81' lang='lat' dir='ltr'>hibat.</span> <span class='ocrx_word' id='word_1_52' title='bbox 404 549 535 581; x_wconf 82' lang='lat' dir='ltr'>Deinde</span> <span class='ocrx_word' id='word_1_53' title='bbox 555 551 695 582; x_wconf 81' lang='lat' dir='ltr'>accedat.</span> <span class='ocrx_word' id='word_1_54' title='bbox 713 563 806 590; x_wconf 78' lang='lat' dir='ltr'>usus,</span> <span class='ocrx_word' id='word_1_55' title='bbox 835 550 997 583; x_wconf 61' lang='lat' dir='ltr'>voluntas</span> <span class='ocrx_word' id='word_1_56' title='bbox 1018 550 1145 582; x_wconf 82' lang='lat' dir='ltr'>iudicio</span> <span class='ocrx_word' id='word_1_57' title='bbox 1165 550 1225 581; x_wconf 85' lang='lat' dir='ltr'>oh-</span> 
     </span>
     <span class='ocr_line' id='line_1_10' title="bbox 242 602 1226 644; baseline -0.001 -12"><span class='ocrx_word' id='word_1_58' title='bbox 242 606 431 643; x_wconf 74' lang='lat' dir='ltr'>tenqwret,</span> <span class='ocrx_word' id='word_1_59' title='bbox 475 602 619 632; x_wconf 88' lang='lat' dir='ltr'>mandet</span> <span class='ocrx_word' id='word_1_60' title='bbox 643 602 824 640; x_wconf 77' lang='lat' dir='ltr'>manibus,</span> <span class='ocrx_word' id='word_1_61' title='bbox 860 614 903 633; x_wconf 89' lang='lat' dir='ltr'>ne</span> <span class='ocrx_word' id='word_1_62' title='bbox 930 602 1140 633; x_wconf 66' lang='lat' dir='ltr'>admoxeant</span> <span class='ocrx_word' id='word_1_63' title='bbox 1166 614 1226 644; x_wconf 84' lang='lat' dir='ltr'>po-</span> 
     </span>
     <span class='ocr_line' id='line_1_11' title="bbox 239 649 1223 697; baseline 0.001 -15"><span class='ocrx_word' id='word_1_64' title='bbox 239 657 326 683; x_wconf 89' lang='lat' dir='ltr'>tum.</span> <span class='ocrx_word' id='word_1_65' title='bbox 386 649 434 682; x_wconf 81' lang='lat' dir='ltr'>lta</span> <span class='ocrx_word' id='word_1_66' title='bbox 462 664 559 684; x_wconf 86' lang='lat' dir='ltr'>mens</span> <span class='ocrx_word' id='word_1_67' title='bbox 581 651 751 697; x_wconf 55' lang='lat' dir='ltr'>Aiacis-⁶³)</span> <span class='ocrx_word' id='word_1_68' title='bbox 778 653 888 684; x_wconf 76' lang='lat' dir='ltr'>delixa</span> <span class='ocrx_word' id='word_1_69' title='bbox 915 653 950 684; x_wconf 90' lang='lat' dir='ltr'>iu</span> <span class='ocrx_word' id='word_1_70' title='bbox 975 652 1223 693; x_wconf 66' lang='lat' dir='ltr'>cogitationem</span> 
     </span>
     <span class='ocr_line' id='line_1_12' title="bbox 238 699 1225 741; baseline 0.002 -7"><span class='ocrx_word' id='word_1_71' title='bbox 238 699 341 734; x_wconf 85' lang='lat' dir='ltr'>huius</span> <span class='ocrx_word' id='word_1_72' title='bbox 360 702 542 735; x_wconf 78' lang='lat' dir='ltr'>doctrinae</span> <span class='ocrx_word' id='word_1_73' title='bbox 560 716 630 736; x_wconf 91' lang='lat' dir='ltr'>esse</span> <span class='ocrx_word' id='word_1_74' title='bbox 648 705 814 741; x_wconf 81' lang='lat' dir='ltr'>debehat,</span> <span class='ocrx_word' id='word_1_75' title='bbox 844 716 917 736; x_wconf 88' lang='lat' dir='ltr'>non</span> <span class='ocrx_word' id='word_1_76' title='bbox 935 704 1134 736; x_wconf 76' lang='lat' dir='ltr'>faciendum</span> <span class='ocrx_word' id='word_1_77' title='bbox 1153 716 1225 736; x_wconf 79' lang='grc'><strong>0550</strong></span> 
     </span>
     <span class='ocr_line' id='line_1_13' title="bbox 238 753 1226 798; baseline 0.001 -13"><span class='ocrx_word' id='word_1_78' title='bbox 238 759 359 785; x_wconf 90' lang='lat' dir='ltr'>contra</span> <span class='ocrx_word' id='word_1_79' title='bbox 388 753 554 786; x_wconf 86' lang='lat' dir='ltr'>iustitiam</span> <span class='ocrx_word' id='word_1_80' title='bbox 581 761 726 798; x_wconf 89' lang='lat' dir='ltr'>propter</span> <span class='ocrx_word' id='word_1_81' title='bbox 749 755 908 787; x_wconf 91' lang='lat' dir='ltr'>dolorem</span> <span class='ocrx_word' id='word_1_82' title='bbox 942 761 1103 798; x_wconf 88' lang='lat' dir='ltr'>acceptae</span> <span class='ocrx_word' id='word_1_83' title='bbox 1136 754 1226 786; x_wconf 88' lang='lat' dir='ltr'>iniu-</span> 
     </span>
     <span class='ocr_line' id='line_1_14' title="bbox 238 803 1226 849; baseline 0.002 -14"><span class='ocrx_word' id='word_1_84' title='bbox 238 803 330 843; x_wconf 85' lang='lat' dir='ltr'>riae,</span> <span class='ocrx_word' id='word_1_85' title='bbox 359 803 442 837; x_wconf 89' lang='lat' dir='ltr'>item</span> <span class='ocrx_word' id='word_1_86' title='bbox 466 807 725 838; x_wconf 64' lang='lat' dir='ltr'>moder-audiun</span> <span class='ocrx_word' id='word_1_87' title='bbox 752 818 824 839; x_wconf 78' lang='lat' dir='ltr'>esse</span> <span class='ocrx_word' id='word_1_88' title='bbox 849 807 1029 845; x_wconf 87' lang='lat' dir='ltr'>dolorem,</span> <span class='ocrx_word' id='word_1_89' title='bbox 1064 806 1226 849; x_wconf 72' lang='lat' dir='ltr'>colligere</span> 
     </span>
     <span class='ocr_line' id='line_1_15' title="bbox 239 855 1226 902; baseline 0.002 -16"><span class='ocrx_word' id='word_1_90' title='bbox 239 855 446 897; x_wconf 70' lang='lat' dir='ltr'>argumenta</span> <span class='ocrx_word' id='word_1_91' title='bbox 476 863 510 889; x_wconf 87' lang='lat' dir='ltr'>et</span> <span class='ocrx_word' id='word_1_92' title='bbox 534 858 691 901; x_wconf 81' lang='lat' dir='ltr'>exempla</span> <span class='ocrx_word' id='word_1_93' title='bbox 718 858 753 890; x_wconf 90' lang='lat' dir='ltr'>in</span> <span class='ocrx_word' id='word_1_94' title='bbox 778 864 965 902; x_wconf 85' lang='lat' dir='ltr'>utramque</span> <span class='ocrx_word' id='word_1_95' title='bbox 993 864 1149 900; x_wconf 84' lang='lat' dir='ltr'>partem,</span> <span class='ocrx_word' id='word_1_96' title='bbox 1194 863 1226 889; x_wconf 90' lang='lat' dir='ltr'>et</span> 
     </span>
    </p>
   </div>
   <div class='ocr_carea' id='block_1_3' title="bbox 239 907 1224 1003">
    <p class='ocr_par' dir='ltr' id='par_1_3' title="bbox 239 907 1224 1003">
     <span class='ocr_line' id='line_1_16' title="bbox 240 907 1224 947; baseline 0.002 -10"><span class='ocrx_word' id='word_1_97' title='bbox 240 907 400 939; x_wconf 80' lang='lat' dir='ltr'>conferre</span> <span class='ocrx_word' id='word_1_98' title='bbox 418 908 587 947; x_wconf 79' lang='lat' dir='ltr'>debehat,</span> <span class='ocrx_word' id='word_1_99' title='bbox 623 916 661 941; x_wconf 94' lang='lat' dir='ltr'>ut</span> <span class='ocrx_word' id='word_1_100' title='bbox 679 910 841 941; x_wconf 68' lang='lat' dir='ltr'>voluntas</span> <span class='ocrx_word' id='word_1_101' title='bbox 860 909 1049 941; x_wconf 82' lang='lat' dir='ltr'>abduceret</span> <span class='ocrx_word' id='word_1_102' title='bbox 1067 909 1224 941; x_wconf 89' lang='lat' dir='ltr'>animum</span> 
     </span>
     <span class='ocr_line' id='line_1_17' title="bbox 239 958 1223 1003; baseline 0.002 -14"><span class='ocrx_word' id='word_1_103' title='bbox 239 970 257 989; x_wconf 93' lang='lat' dir='ltr'>a</span> <span class='ocrx_word' id='word_1_104' title='bbox 275 958 418 997; x_wconf 89' lang='lat' dir='ltr'>dolore,</span> <span class='ocrx_word' id='word_1_105' title='bbox 447 965 479 991; x_wconf 89' lang='lat' dir='ltr'>et</span> <span class='ocrx_word' id='word_1_106' title='bbox 496 959 685 1003; x_wconf 87' lang='lat' dir='ltr'>imperaret</span> <span class='ocrx_word' id='word_1_107' title='bbox 703 960 877 997; x_wconf 77' lang='lat' dir='ltr'>manibus,</span> <span class='ocrx_word' id='word_1_108' title='bbox 903 973 945 993; x_wconf 90' lang='lat' dir='ltr'>ne</span> <span class='ocrx_word' id='word_1_109' title='bbox 962 960 997 991; x_wconf 94' lang='lat' dir='ltr'>in</span> <span class='ocrx_word' id='word_1_110' title='bbox 1015 972 1049 992; x_wconf 88' lang='lat' dir='ltr'>se</span> <span class='ocrx_word' id='word_1_111' title='bbox 1069 960 1223 1001; x_wconf 64' lang='lat' dir='ltr'>gladium</span> 
     </span>
    </p>
   </div>
   <div class='ocr_carea' id='block_1_4' title="bbox 231 1009 1226 2384">
    <p class='ocr_par' dir='ltr' id='par_1_4' title="bbox 234 1009 1226 1823">
     <span class='ocr_line' id='line_1_18' title="bbox 237 1009 1225 1055; baseline 0.003 -15"><span class='ocrx_word' id='word_1_112' title='bbox 237 1009 518 1055; x_wconf 65' lang='lat' dir='ltr'>stringerentffl).</span> <span class='ocrx_word' id='word_1_113' title='bbox 563 1011 618 1043; x_wconf 75' lang='lat' dir='ltr'>Sic</span> <span class='ocrx_word' id='word_1_114' title='bbox 633 1012 733 1044; x_wconf 91' lang='lat' dir='ltr'>multi</span> <span class='ocrx_word' id='word_1_115' title='bbox 752 1012 786 1043; x_wconf 93' lang='lat' dir='ltr'>in</span> <span class='ocrx_word' id='word_1_116' title='bbox 805 1011 940 1053; x_wconf 69' lang='lat' dir='ltr'>magnis</span> <span class='ocrx_word' id='word_1_117' title='bbox 956 1011 1225 1049; x_wconf 77' lang='lat' dir='ltr'>calaiiiitatilms‚</span> 
     </span>
     <span class='ocr_line' id='line_1_19' title="bbox 237 1061 1226 1105; baseline 0.002 -14"><span class='ocrx_word' id='word_1_118' title='bbox 237 1061 413 1093; x_wconf 88' lang='lat' dir='ltr'>moderati</span> <span class='ocrx_word' id='word_1_119' title='bbox 433 1068 515 1093; x_wconf 85' lang='lat' dir='ltr'>sunt</span> <span class='ocrx_word' id='word_1_120' title='bbox 538 1062 709 1096; x_wconf 88' lang='lat' dir='ltr'>dolorem.</span> <span class='ocrx_word' id='word_1_121' title='bbox 769 1062 815 1096; x_wconf 72' lang='lat' dir='ltr'>Et</span> <span class='ocrx_word' id='word_1_122' title='bbox 839 1075 916 1095; x_wconf 93' lang='lat' dir='ltr'>cum</span> <span class='ocrx_word' id='word_1_123' title='bbox 942 1074 1044 1105; x_wconf 85' lang='lat' dir='ltr'>saepe</span> <span class='ocrx_word' id='word_1_124' title='bbox 1070 1074 1168 1095; x_wconf 83' lang='lat' dir='ltr'>mens</span> <span class='ocrx_word' id='word_1_125' title='bbox 1193 1068 1226 1093; x_wconf 88' lang='lat' dir='ltr'>et</span> 
     </span>
     <span class='ocr_line' id='line_1_20' title="bbox 237 1110 1225 1157; baseline 0.002 -15"><span class='ocrx_word' id='word_1_126' title='bbox 237 1111 402 1145; x_wconf 71' lang='lat' dir='ltr'>voluntas</span> <span class='ocrx_word' id='word_1_127' title='bbox 419 1112 465 1144; x_wconf 85' lang='lat' dir='ltr'>sic.</span> <span class='ocrx_word' id='word_1_128' title='bbox 485 1120 710 1154; x_wconf 77' lang='lat' dir='ltr'>exercentur,</span> <span class='ocrx_word' id='word_1_129' title='bbox 743 1114 872 1157; x_wconf 84' lang='lat' dir='ltr'>gradus</span> <span class='ocrx_word' id='word_1_130' title='bbox 895 1113 1002 1157; x_wconf 86' lang='lat' dir='ltr'>aliqui</span> <span class='ocrx_word' id='word_1_131' title='bbox 1028 1110 1131 1145; x_wconf 81' lang='lat' dir='ltr'>liuius</span> <span class='ocrx_word' id='word_1_132' title='bbox 1155 1113 1225 1144; x_wconf 66' lang='lat' dir='ltr'>vir-</span> 
     </span>
     <span class='ocr_line' id='line_1_21' title="bbox 239 1162 1223 1208; baseline 0.002 -14"><span class='ocrx_word' id='word_1_133' title='bbox 239 1162 321 1196; x_wconf 82' lang='lat' dir='ltr'>tutis</span> <span class='ocrx_word' id='word_1_134' title='bbox 340 1163 373 1195; x_wconf 91' lang='lat' dir='ltr'>in</span> <span class='ocrx_word' id='word_1_135' title='bbox 393 1164 511 1195; x_wconf 89' lang='lat' dir='ltr'>animo</span> <span class='ocrx_word' id='word_1_136' title='bbox 530 1164 746 1204; x_wconf 73' lang='lat' dir='ltr'>excitantur,</span> <span class='ocrx_word' id='word_1_137' title='bbox 775 1171 808 1196; x_wconf 86' lang='lat' dir='ltr'>et</span> <span class='ocrx_word' id='word_1_138' title='bbox 833 1177 893 1196; x_wconf 83' lang='lat' dir='ltr'>cor</span> <span class='ocrx_word' id='word_1_139' title='bbox 921 1166 957 1196; x_wconf 75' lang='lat' dir='ltr'>sit</span> <span class='ocrx_word' id='word_1_140' title='bbox 981 1163 1223 1208; x_wconf 68' lang='lat' dir='ltr'>tranquillius:</span> 
     </span>
     <span class='ocr_line' id='line_1_22' title="bbox 238 1214 1223 1257; baseline 0.001 -12"><span class='ocrx_word' id='word_1_141' title='bbox 238 1214 319 1257; x_wconf 86' lang='lat' dir='ltr'>quia</span> <span class='ocrx_word' id='word_1_142' title='bbox 339 1215 504 1257; x_wconf 73' lang='lat' dir='ltr'>cogitatio</span> <span class='ocrx_word' id='word_1_143' title='bbox 524 1216 621 1248; x_wconf 88' lang='lat' dir='ltr'>sedat</span> <span class='ocrx_word' id='word_1_144' title='bbox 640 1223 754 1249; x_wconf 89' lang='lat' dir='ltr'>aestus</span> <span class='ocrx_word' id='word_1_145' title='bbox 774 1216 888 1247; x_wconf 80' lang='lat' dir='ltr'>cordis</span> <span class='ocrx_word' id='word_1_146' title='bbox 905 1222 937 1247; x_wconf 95' lang='lat' dir='ltr'>et</span> <span class='ocrx_word' id='word_1_147' title='bbox 954 1215 1039 1247; x_wconf 85' lang='lat' dir='ltr'>soris</span> <span class='ocrx_word' id='word_1_148' title='bbox 1064 1215 1223 1246; x_wconf 78' lang='lat' dir='ltr'>membra</span> 
     </span>
     <span class='ocr_line' id='line_1_23' title="bbox 237 1264 1223 1310; baseline 0.001 -14"><span class='ocrx_word' id='word_1_149' title='bbox 237 1265 370 1297; x_wconf 89' lang='lat' dir='ltr'>domita</span> <span class='ocrx_word' id='word_1_150' title='bbox 400 1271 432 1297; x_wconf 91' lang='lat' dir='ltr'>et</span> <span class='ocrx_word' id='word_1_151' title='bbox 456 1266 555 1310; x_wconf 87' lang='lat' dir='ltr'>quasi</span> <span class='ocrx_word' id='word_1_152' title='bbox 580 1266 696 1299; x_wconf 71' lang='lat' dir='ltr'>vincta</span> <span class='ocrx_word' id='word_1_153' title='bbox 722 1264 965 1299; x_wconf 83' lang='lat' dir='ltr'>cohercentur.</span> <span class='ocrx_word' id='word_1_154' title='bbox 1026 1266 1121 1298; x_wconf 89' lang='lat' dir='ltr'>Haec</span> <span class='ocrx_word' id='word_1_155' title='bbox 1144 1266 1223 1298; x_wconf 89' lang='lat' dir='ltr'>ideo</span> 
     </span>
     <span class='ocr_line' id='line_1_24' title="bbox 236 1316 1223 1361; baseline 0.002 -14"><span class='ocrx_word' id='word_1_156' title='bbox 236 1316 365 1355; x_wconf 88' lang='lat' dir='ltr'>adieci,</span> <span class='ocrx_word' id='word_1_157' title='bbox 406 1317 487 1361; x_wconf 89' lang='lat' dir='ltr'>quia</span> <span class='ocrx_word' id='word_1_158' title='bbox 513 1318 615 1349; x_wconf 86' lang='lat' dir='ltr'>multi</span> <span class='ocrx_word' id='word_1_159' title='bbox 638 1318 880 1350; x_wconf 81' lang='lat' dir='ltr'>fortitudinem</span> <span class='ocrx_word' id='word_1_160' title='bbox 916 1317 1044 1356; x_wconf 91' lang='lat' dir='ltr'>animi,</span> <span class='ocrx_word' id='word_1_161' title='bbox 1086 1323 1223 1349; x_wconf 88' lang='lat' dir='ltr'>tantmn</span> 
     </span>
     <span class='ocr_line' id='line_1_25' title="bbox 236 1367 1224 1412; baseline 0.002 -14"><span class='ocrx_word' id='word_1_162' title='bbox 236 1367 392 1410; x_wconf 81' lang='lat' dir='ltr'>cogitant</span> <span class='ocrx_word' id='word_1_163' title='bbox 409 1380 479 1401; x_wconf 81' lang='lat' dir='ltr'>esse</span> <span class='ocrx_word' id='word_1_164' title='bbox 497 1375 645 1402; x_wconf 85' lang='lat' dir='ltr'>naturae</span> <span class='ocrx_word' id='word_1_165' title='bbox 662 1370 795 1402; x_wconf 78' lang='lat' dir='ltr'>bonum</span> <span class='ocrx_word' id='word_1_166' title='bbox 809 1396 817 1409; x_wconf 96' lang='lat'>,</span> <span class='ocrx_word' id='word_1_167' title='bbox 852 1369 939 1401; x_wconf 87' lang='lat' dir='ltr'>sient</span> <span class='ocrx_word' id='word_1_168' title='bbox 965 1369 1074 1400; x_wconf 79' lang='lat' dir='ltr'>robur</span> <span class='ocrx_word' id='word_1_169' title='bbox 1099 1381 1224 1412; x_wconf 83' lang='lat' dir='ltr'>corpo-</span> 
     </span>
     <span class='ocr_line' id='line_1_26' title="bbox 235 1418 1224 1464; baseline 0.001 -14"><span class='ocrx_word' id='word_1_170' title='bbox 235 1418 302 1458; x_wconf 84' lang='lat' dir='ltr'>ris,</span> <span class='ocrx_word' id='word_1_171' title='bbox 332 1425 365 1451; x_wconf 91' lang='lat' dir='ltr'>et</span> <span class='ocrx_word' id='word_1_172' title='bbox 380 1431 570 1462; x_wconf 73' lang='lat' dir='ltr'>generosae</span> <span class='ocrx_word' id='word_1_173' title='bbox 593 1427 740 1453; x_wconf 86' lang='lat' dir='ltr'>naturae</span> <span class='ocrx_word' id='word_1_174' title='bbox 767 1432 933 1464; x_wconf 68' lang='lat' dir='ltr'>magnam</span> <span class='ocrx_word' id='word_1_175' title='bbox 958 1419 1028 1451; x_wconf 77' lang='lat' dir='ltr'>vim</span> <span class='ocrx_word' id='word_1_176' title='bbox 1054 1432 1125 1453; x_wconf 84' lang='lat' dir='ltr'>esse</span> <span class='ocrx_word' id='word_1_177' title='bbox 1151 1432 1224 1452; x_wconf 90' lang='lat' dir='ltr'>non</span> 
     </span>
     <span class='ocr_line' id='line_1_27' title="bbox 235 1470 1224 1515; baseline 0.002 -14"><span class='ocrx_word' id='word_1_178' title='bbox 235 1471 437 1513; x_wconf 84' lang='lat' dir='ltr'>negandum</span> <span class='ocrx_word' id='word_1_179' title='bbox 459 1477 527 1510; x_wconf 87' lang='lat' dir='ltr'>est,</span> <span class='ocrx_word' id='word_1_180' title='bbox 555 1472 615 1504; x_wconf 88' lang='lat' dir='ltr'>sed</span> <span class='ocrx_word' id='word_1_181' title='bbox 638 1478 757 1504; x_wconf 85' lang='lat' dir='ltr'>tamen</span> <span class='ocrx_word' id='word_1_182' title='bbox 784 1472 890 1504; x_wconf 87' lang='lat' dir='ltr'>etiam</span> <span class='ocrx_word' id='word_1_183' title='bbox 916 1484 981 1504; x_wconf 88' lang='lat' dir='ltr'>nos</span> <span class='ocrx_word' id='word_1_184' title='bbox 1005 1470 1133 1515; x_wconf 77' lang='lat' dir='ltr'>reliqui</span> <span class='ocrx_word' id='word_1_185' title='bbox 1160 1471 1224 1503; x_wconf 91' lang='lat' dir='ltr'>im-</span> 
     </span>
     <span class='ocr_line' id='line_1_28' title="bbox 234 1521 1224 1568; baseline 0.002 -16"><span class='ocrx_word' id='word_1_186' title='bbox 234 1521 432 1555; x_wconf 86' lang='lat' dir='ltr'>becilliores</span> <span class='ocrx_word' id='word_1_187' title='bbox 449 1521 642 1562; x_wconf 85' lang='lat' dir='ltr'>discamus,</span> <span class='ocrx_word' id='word_1_188' title='bbox 671 1524 851 1568; x_wconf 89' lang='lat' dir='ltr'>quomodo</span> <span class='ocrx_word' id='word_1_189' title='bbox 875 1534 1134 1567; x_wconf 73' lang='lat' dir='ltr'>consequamur</span> <span class='ocrx_word' id='word_1_190' title='bbox 1158 1522 1224 1555; x_wconf 87' lang='lat' dir='ltr'>sal-</span> 
     </span>
     <span class='ocr_line' id='line_1_29' title="bbox 236 1570 1224 1608; baseline 0.001 -4"><span class='ocrx_word' id='word_1_191' title='bbox 236 1578 305 1605; x_wconf 90' lang='lat' dir='ltr'>tem</span> <span class='ocrx_word' id='word_1_192' title='bbox 326 1570 509 1606; x_wconf 85' lang='lat' dir='ltr'>inchoatas</span> <span class='ocrx_word' id='word_1_193' title='bbox 535 1573 693 1608; x_wconf 71' lang='lat' dir='ltr'>virtutes.</span> <span class='ocrx_word' id='word_1_194' title='bbox 751 1572 833 1606; x_wconf 89' lang='lat' dir='ltr'>Ideo</span> <span class='ocrx_word' id='word_1_195' title='bbox 859 1574 951 1606; x_wconf 87' lang='lat' dir='ltr'>enim</span> <span class='ocrx_word' id='word_1_196' title='bbox 975 1573 1070 1606; x_wconf 90' lang='lat' dir='ltr'>Dens</span> <span class='ocrx_word' id='word_1_197' title='bbox 1094 1573 1224 1605; x_wconf 89' lang='lat' dir='ltr'>doctri-</span> 
     </span>
     <span class='ocr_line' id='line_1_30' title="bbox 234 1624 1223 1669; baseline 0.001 -14"><span class='ocrx_word' id='word_1_198' title='bbox 234 1635 318 1656; x_wconf 97' lang='lat' dir='ltr'>nam</span> <span class='ocrx_word' id='word_1_199' title='bbox 339 1624 501 1665; x_wconf 73' lang='lat' dir='ltr'>tradidit,</span> <span class='ocrx_word' id='word_1_200' title='bbox 530 1631 563 1657; x_wconf 87' lang='lat' dir='ltr'>et</span> <span class='ocrx_word' id='word_1_201' title='bbox 582 1625 801 1669; x_wconf 84' lang='lat' dir='ltr'>disciplinam</span> <span class='ocrx_word' id='word_1_202' title='bbox 827 1638 866 1658; x_wconf 89' lang='lat' dir='ltr'>ac</span> <span class='ocrx_word' id='word_1_203' title='bbox 891 1624 1145 1669; x_wconf 65' lang='lat' dir='ltr'>paedagogium</span> <span class='ocrx_word' id='word_1_204' title='bbox 1171 1624 1223 1656; x_wconf 88' lang='lat' dir='ltr'>in-</span> 
     </span>
     <span class='ocr_line' id='line_1_31' title="bbox 236 1675 1223 1715; baseline 0 -8"><span class='ocrx_word' id='word_1_205' title='bbox 236 1675 367 1715; x_wconf 78' lang='lat' dir='ltr'>stituit,</span> <span class='ocrx_word' id='word_1_206' title='bbox 395 1682 433 1708; x_wconf 87' lang='lat' dir='ltr'>ut</span> <span class='ocrx_word' id='word_1_207' title='bbox 451 1676 656 1709; x_wconf 74' lang='lat' dir='ltr'>assuefactio</span> <span class='ocrx_word' id='word_1_208' title='bbox 674 1677 787 1709; x_wconf 88' lang='lat' dir='ltr'>ssectat</span> <span class='ocrx_word' id='word_1_209' title='bbox 805 1689 869 1710; x_wconf 87' lang='lat' dir='ltr'>nos</span> <span class='ocrx_word' id='word_1_210' title='bbox 886 1677 928 1708; x_wconf 87' lang='lat' dir='ltr'>ad</span> <span class='ocrx_word' id='word_1_211' title='bbox 946 1676 1124 1709; x_wconf 69' lang='lat' dir='ltr'>virtutem.</span> <span class='ocrx_word' id='word_1_212' title='bbox 1173 1675 1223 1707; x_wconf 81' lang='lat' dir='ltr'>Ac</span> 
     </span>
     <span class='ocr_line' id='line_1_32' title="bbox 236 1725 1222 1761; baseline 0.001 -3"><span class='ocrx_word' id='word_1_213' title='bbox 236 1727 278 1759; x_wconf 85' lang='lat' dir='ltr'>de</span> <span class='ocrx_word' id='word_1_214' title='bbox 305 1727 560 1760; x_wconf 83' lang='lat' dir='ltr'>consuetudine</span> <span class='ocrx_word' id='word_1_215' title='bbox 582 1728 692 1760; x_wconf 89' lang='lat' dir='ltr'>multa</span> <span class='ocrx_word' id='word_1_216' title='bbox 721 1728 887 1761; x_wconf 86' lang='lat' dir='ltr'>dicuntur</span> <span class='ocrx_word' id='word_1_217' title='bbox 909 1728 945 1760; x_wconf 91' lang='lat' dir='ltr'>in</span> <span class='ocrx_word' id='word_1_218' title='bbox 969 1725 1061 1760; x_wconf 90' lang='lat' dir='ltr'>hanc</span> <span class='ocrx_word' id='word_1_219' title='bbox 1084 1733 1222 1759; x_wconf 85' lang='lat' dir='ltr'>senten-</span> 
     </span>
     <span class='ocr_line' id='line_1_33' title="bbox 237 1778 395 1823; baseline 0 -13"><span class='ocrx_word' id='word_1_220' title='bbox 237 1778 321 1810; x_wconf 84' lang='lat' dir='ltr'>tiam</span> <span class='ocrx_word' id='word_1_221' title='bbox 333 1778 395 1823; x_wconf 67' lang='lat'>⁶³):</span> 
     </span>
    </p>

    <p class='ocr_par' dir='ltr' id='par_1_5' title="bbox 278 1837 1201 1875">
     <span class='ocr_line' id='line_1_34' title="bbox 278 1837 1201 1875; baseline 0 -11"><span class='ocrx_word' id='word_1_222' title='bbox 278 1838 362 1870; x_wconf 80' lang='lat' dir='ltr'>Quod</span> <span class='ocrx_word' id='word_1_223' title='bbox 380 1838 456 1866; x_wconf 80' lang='lat' dir='ltr'>male</span> <span class='ocrx_word' id='word_1_224' title='bbox 471 1837 548 1875; x_wconf 80' lang='lat' dir='ltr'>fers,</span> <span class='ocrx_word' id='word_1_225' title='bbox 570 1838 726 1873; x_wconf 86' lang='lat' dir='ltr'>adsuesce;</span> <span class='ocrx_word' id='word_1_226' title='bbox 752 1838 831 1866; x_wconf 85' lang='lat' dir='ltr'>seres</span> <span class='ocrx_word' id='word_1_227' title='bbox 846 1838 931 1866; x_wconf 88' lang='lat' dir='ltr'>bene.</span> <span class='ocrx_word' id='word_1_228' title='bbox 967 1837 1059 1865; x_wconf 79' lang='lat' dir='ltr'>Multa</span> <span class='ocrx_word' id='word_1_229' title='bbox 1074 1842 1201 1865; x_wconf 78' lang='lat' dir='ltr'>vetustas</span> 
     </span>
    </p>

    <p class='ocr_par' dir='ltr' id='par_1_6' title="bbox 231 1888 1220 2384">
     <span class='ocr_line' id='line_1_35' title="bbox 276 1888 431 1927; baseline -0.006 -10"><span class='ocrx_word' id='word_1_230' title='bbox 276 1889 361 1917; x_wconf 66' lang='lat' dir='ltr'>Lena</span> <span class='ocrx_word' id='word_1_231' title='bbox 375 1888 431 1927; x_wconf 73' lang='lat'>1⁵⁶).</span> 
     </span>
     <span class='ocr_line' id='line_1_36' title="bbox 235 1939 1220 1985; baseline -0.001 -13"><span class='ocrx_word' id='word_1_232' title='bbox 235 1947 269 1973; x_wconf 86' lang='lat' dir='ltr'>et</span> <span class='ocrx_word' id='word_1_233' title='bbox 285 1939 443 1984; x_wconf 80' lang='lat' dir='ltr'>Oedipus</span> <span class='ocrx_word' id='word_1_234' title='bbox 461 1942 554 1985; x_wconf 86' lang='lat' dir='ltr'>apud</span> <span class='ocrx_word' id='word_1_235' title='bbox 571 1939 800 1985; x_wconf 83' lang='lat' dir='ltr'>Sophoclem:</span> <span class='ocrx_word' id='word_1_236' title='bbox 829 1939 927 1984; x_wconf 81' lang='lat' dir='ltr'>Ipsae</span> <span class='ocrx_word' id='word_1_237' title='bbox 942 1952 998 1973; x_wconf 82' lang='lat' dir='ltr'>me</span> <span class='ocrx_word' id='word_1_238' title='bbox 1017 1951 1220 1979; x_wconf 87' lang='lat' dir='ltr'>aerumnae,</span> 
     </span>
     <span class='ocr_line' id='line_1_37' title="bbox 234 1991 1220 2036; baseline -0.001 -12"><span class='ocrx_word' id='word_1_239' title='bbox 234 1998 267 2024; x_wconf 89' lang='lat' dir='ltr'>et</span> <span class='ocrx_word' id='word_1_240' title='bbox 292 1992 436 2034; x_wconf 74' lang='lat' dir='ltr'>longum</span> <span class='ocrx_word' id='word_1_241' title='bbox 464 1998 601 2036; x_wconf 83' lang='lat' dir='ltr'>tempus</span> <span class='ocrx_word' id='word_1_242' title='bbox 627 1993 824 2024; x_wconf 82' lang='lat' dir='ltr'>docuerunt</span> <span class='ocrx_word' id='word_1_243' title='bbox 847 1991 1086 2025; x_wconf 74' lang='lat' dir='ltr'>tolerantiam.</span> <span class='ocrx_word' id='word_1_244' title='bbox 1147 1991 1220 2025; x_wconf 58' lang='lat' dir='ltr'>Nos</span> 
     </span>
     <span class='ocr_line' id='line_1_38' title="bbox 234 2040 1219 2087; baseline 0 -12"><span class='ocrx_word' id='word_1_245' title='bbox 234 2055 319 2076; x_wconf 80' lang='lat' dir='ltr'>vero</span> <span class='ocrx_word' id='word_1_246' title='bbox 342 2040 534 2076; x_wconf 78' lang='lat' dir='ltr'>Christiani</span> <span class='ocrx_word' id='word_1_247' title='bbox 560 2044 709 2076; x_wconf 83' lang='lat' dir='ltr'>sciamus</span> <span class='ocrx_word' id='word_1_248' title='bbox 734 2043 770 2075; x_wconf 88' lang='lat' dir='ltr'>in</span> <span class='ocrx_word' id='word_1_249' title='bbox 795 2041 860 2075; x_wconf 87' lang='lat' dir='ltr'>hac</span> <span class='ocrx_word' id='word_1_250' title='bbox 882 2043 1135 2076; x_wconf 79' lang='lat' dir='ltr'>assuefactione</span> <span class='ocrx_word' id='word_1_251' title='bbox 1162 2056 1219 2087; x_wconf 91' lang='lat' dir='ltr'>pe-</span> 
     </span>
     <span class='ocr_line' id='line_1_39' title="bbox 232 2094 1220 2137; baseline 0 -10"><span class='ocrx_word' id='word_1_252' title='bbox 232 2096 377 2127; x_wconf 85' lang='lat' dir='ltr'>tendum</span> <span class='ocrx_word' id='word_1_253' title='bbox 414 2106 486 2127; x_wconf 88' lang='lat' dir='ltr'>esse</span> <span class='ocrx_word' id='word_1_254' title='bbox 521 2094 690 2127; x_wconf 78' lang='lat' dir='ltr'>auxilium</span> <span class='ocrx_word' id='word_1_255' title='bbox 719 2094 805 2133; x_wconf 85' lang='lat' dir='ltr'>Dei,</span> <span class='ocrx_word' id='word_1_256' title='bbox 840 2095 930 2127; x_wconf 87' lang='lat' dir='ltr'>sicut</span> <span class='ocrx_word' id='word_1_257' title='bbox 963 2094 1132 2137; x_wconf 80' lang='lat' dir='ltr'>scriptum</span> <span class='ocrx_word' id='word_1_258' title='bbox 1170 2100 1220 2127; x_wconf 80' lang='lat' dir='ltr'>est</span> 
     </span>
     <span class='ocr_line' id='line_1_40' title="bbox 233 2143 1218 2190; baseline 0 -12"><span class='ocrx_word' id='word_1_259' title='bbox 233 2145 374 2190; x_wconf 84' lang='lat' dir='ltr'>(Ioann.</span> <span class='ocrx_word' id='word_1_260' title='bbox 393 2144 458 2185; x_wconf 85' lang='lat'>15,</span> <span class='ocrx_word' id='word_1_261' title='bbox 484 2143 552 2190; x_wconf 87' lang='lat'>5.):</span> <span class='ocrx_word' id='word_1_262' title='bbox 601 2146 682 2178; x_wconf 89' lang='lat' dir='ltr'>Sine</span> <span class='ocrx_word' id='word_1_263' title='bbox 710 2158 765 2177; x_wconf 89' lang='lat' dir='ltr'>me</span> <span class='ocrx_word' id='word_1_264' title='bbox 793 2143 881 2177; x_wconf 84' lang='lat' dir='ltr'>nihil</span> <span class='ocrx_word' id='word_1_265' title='bbox 917 2146 1063 2189; x_wconf 77' lang='lat' dir='ltr'>potestis</span> <span class='ocrx_word' id='word_1_266' title='bbox 1094 2146 1218 2178; x_wconf 83' lang='lat' dir='ltr'>facere.</span> 
     </span>
     <span class='ocr_line' id='line_1_41' title="bbox 232 2196 1219 2243; baseline -0.001 -14"><span class='ocrx_word' id='word_1_267' title='bbox 232 2196 318 2230; x_wconf 86' lang='lat' dir='ltr'>Item</span> <span class='ocrx_word' id='word_1_268' title='bbox 343 2197 464 2241; x_wconf 76' lang='lat' dir='ltr'>(Rom.</span> <span class='ocrx_word' id='word_1_269' title='bbox 481 2196 521 2236; x_wconf 87' lang='lat'>8,</span> <span class='ocrx_word' id='word_1_270' title='bbox 544 2196 639 2243; x_wconf 48' lang='lat'>260:</span> <span class='ocrx_word' id='word_1_271' title='bbox 683 2197 833 2241; x_wconf 86' lang='lat' dir='ltr'>Spiritus</span> <span class='ocrx_word' id='word_1_272' title='bbox 856 2203 996 2230; x_wconf 82' lang='lat' dir='ltr'>sanctus</span> <span class='ocrx_word' id='word_1_273' title='bbox 1025 2197 1219 2241; x_wconf 85' lang='lat' dir='ltr'>opitulatur</span> 
     </span>
     <span class='ocr_line' id='line_1_42' title="bbox 232 2248 1217 2292; baseline 0.001 -13"><span class='ocrx_word' id='word_1_274' title='bbox 232 2248 429 2281; x_wconf 80' lang='lat' dir='ltr'>infirmitati</span> <span class='ocrx_word' id='word_1_275' title='bbox 459 2254 600 2281; x_wconf 90' lang='lat' dir='ltr'>nostrae</span> <span class='ocrx_word' id='word_1_276' title='bbox 633 2255 696 2281; x_wconf 90' lang='lat' dir='ltr'>etc.</span> <span class='ocrx_word' id='word_1_277' title='bbox 764 2248 998 2292; x_wconf 83' lang='lat' dir='ltr'>Experiemnr</span> <span class='ocrx_word' id='word_1_278' title='bbox 1032 2254 1148 2281; x_wconf 87' lang='lat' dir='ltr'>autem</span> <span class='ocrx_word' id='word_1_279' title='bbox 1181 2248 1217 2280; x_wconf 92' lang='lat' dir='ltr'>in</span> 
     </span>
     <span class='ocr_line' id='line_1_43' title="bbox 231 2297 1216 2344; baseline 0.002 -13"><span class='ocrx_word' id='word_1_280' title='bbox 231 2297 285 2332; x_wconf 84' lang='lat' dir='ltr'>his</span> <span class='ocrx_word' id='word_1_281' title='bbox 302 2300 384 2343; x_wconf 89' lang='lat' dir='ltr'>ipsis</span> <span class='ocrx_word' id='word_1_282' title='bbox 402 2299 593 2340; x_wconf 81' lang='lat' dir='ltr'>exercitiis,</span> <span class='ocrx_word' id='word_1_283' title='bbox 620 2299 874 2344; x_wconf 82' lang='lat' dir='ltr'>promissiones</span> <span class='ocrx_word' id='word_1_284' title='bbox 891 2300 1029 2333; x_wconf 63' lang='lat' dir='ltr'>divinas</span> <span class='ocrx_word' id='word_1_285' title='bbox 1047 2312 1120 2333; x_wconf 85' lang='lat' dir='ltr'>non</span> <span class='ocrx_word' id='word_1_286' title='bbox 1145 2312 1216 2333; x_wconf 86' lang='lat' dir='ltr'>esse</span> 
     </span>
     <span class='ocr_line' id='line_1_44' title="bbox 231 2357 360 2384; baseline 0.016 -2"><span class='ocrx_word' id='word_1_287' title='bbox 231 2357 360 2384; x_wconf 78' lang='lat' dir='ltr'>lrrltas.</span> 
     </span>
    </p>
   </div>
   <div class='ocr_carea' id='block_1_5' title="bbox 262 2449 1214 2670">
    <p class='ocr_par' dir='ltr' id='par_1_7' title="bbox 265 2449 1214 2551">
     <span class='ocr_line' id='line_1_45' title="bbox 265 2449 1214 2482; baseline 0.003 -11"><span class='ocrx_word' id='word_1_288' title='bbox 265 2449 313 2477; x_wconf 83' lang='grc'>63)</span> <span class='ocrx_word' id='word_1_289' title='bbox 336 2451 398 2474; x_wconf 68' lang='lat' dir='ltr'>Seii.</span> <span class='ocrx_word' id='word_1_290' title='bbox 415 2451 506 2476; x_wconf 73' lang='lat' dir='ltr'>Aiacis</span> <span class='ocrx_word' id='word_1_291' title='bbox 518 2452 683 2478; x_wconf 79' lang='lat' dir='ltr'>Teiamonii.</span> <span class='ocrx_word' id='word_1_292' title='bbox 703 2451 747 2482; x_wconf 83' lang='lat' dir='ltr'>qui</span> <span class='ocrx_word' id='word_1_293' title='bbox 767 2453 800 2476; x_wconf 87' lang='lat' dir='ltr'>ob</span> <span class='ocrx_word' id='word_1_294' title='bbox 812 2451 925 2476; x_wconf 79' lang='lat' dir='ltr'>Achillis</span> <span class='ocrx_word' id='word_1_295' title='bbox 943 2457 1018 2476; x_wconf 82' lang='lat' dir='ltr'>arma</span> <span class='ocrx_word' id='word_1_296' title='bbox 1036 2452 1069 2475; x_wconf 85' lang='lat' dir='ltr'>ab</span> <span class='ocrx_word' id='word_1_297' title='bbox 1087 2451 1146 2481; x_wconf 71' lang='lat' dir='ltr'>ipso</span> <span class='ocrx_word' id='word_1_298' title='bbox 1165 2458 1214 2481; x_wconf 76' lang='lat' dir='ltr'>pe-</span> 
     </span>
     <span class='ocr_line' id='line_1_46' title="bbox 300 2484 1213 2515; baseline 0.003 -9"><span class='ocrx_word' id='word_1_299' title='bbox 300 2484 350 2507; x_wconf 86' lang='lat' dir='ltr'>tita</span> <span class='ocrx_word' id='word_1_300' title='bbox 371 2485 463 2515; x_wconf 50' lang='lat' dir='ltr'>fij-ssi</span> <span class='ocrx_word' id='word_1_301' title='bbox 481 2489 513 2510; x_wconf 79' lang='lat' dir='ltr'>ab</span> <span class='ocrx_word' id='word_1_302' title='bbox 532 2489 735 2515; x_wconf 61' lang='lat' dir='ltr'>Agamemnone</span> <span class='ocrx_word' id='word_1_303' title='bbox 754 2488 817 2510; x_wconf 83' lang='lat' dir='ltr'>data</span> <span class='ocrx_word' id='word_1_304' title='bbox 843 2487 1008 2515; x_wconf 62' lang='lat' dir='ltr'>gravissime</span> <span class='ocrx_word' id='word_1_305' title='bbox 1034 2487 1213 2513; x_wconf 73' lang='lat' dir='ltr'>irascebatur,</span> 
     </span>
     <span class='ocr_line' id='line_1_47' title="bbox 300 2519 1039 2551; baseline 0.005 -11"><span class='ocrx_word' id='word_1_306' title='bbox 300 2519 353 2542; x_wconf 82' lang='lat' dir='ltr'>vid.</span> <span class='ocrx_word' id='word_1_307' title='bbox 374 2520 449 2544; x_wconf 80' lang='lat' dir='ltr'>llum.</span> <span class='ocrx_word' id='word_1_308' title='bbox 470 2522 571 2551; x_wconf 65' lang='lat' dir='ltr'>odyss.</span> <span class='ocrx_word' id='word_1_309' title='bbox 588 2523 636 2550; x_wconf 71' lang='lat' dir='ltr'>XI,</span> <span class='ocrx_word' id='word_1_310' title='bbox 656 2522 796 2545; x_wconf 71' lang='lat'>5⁴2-64.</span> <span class='ocrx_word' id='word_1_311' title='bbox 817 2524 842 2544; x_wconf 79' lang='lat' dir='ltr'>et</span> <span class='ocrx_word' id='word_1_312' title='bbox 862 2522 942 2550; x_wconf 69' lang='lat' dir='ltr'>soph.</span> <span class='ocrx_word' id='word_1_313' title='bbox 962 2522 1039 2544; x_wconf 81' lang='lat' dir='ltr'>Aiax.</span> 
     </span>
    </p>

    <p class='ocr_par' dir='ltr' id='par_1_8' title="bbox 262 2559 1212 2628">
     <span class='ocr_line' id='line_1_48' title="bbox 262 2559 1212 2593; baseline 0.002 -10"><span class='ocrx_word' id='word_1_314' title='bbox 262 2559 309 2588; x_wconf 72' lang='grc'>64)</span> <span class='ocrx_word' id='word_1_315' title='bbox 330 2561 390 2584; x_wconf 72' lang='lat' dir='ltr'>Vid.</span> <span class='ocrx_word' id='word_1_316' title='bbox 417 2563 496 2591; x_wconf 65' lang='lat' dir='ltr'>soph.</span> <span class='ocrx_word' id='word_1_317' title='bbox 522 2564 589 2586; x_wconf 85' lang='lat' dir='ltr'>Aiax</span> <span class='ocrx_word' id='word_1_318' title='bbox 613 2565 664 2587; x_wconf 68' lang='lat'>5⁴15</span> <span class='ocrx_word' id='word_1_319' title='bbox 682 2571 738 2593; x_wconf 74' lang='lat' dir='ltr'>sqq.</span> <span class='ocrx_word' id='word_1_320' title='bbox 788 2564 862 2587; x_wconf 80' lang='lat' dir='ltr'>Pind.</span> <span class='ocrx_word' id='word_1_321' title='bbox 887 2563 962 2586; x_wconf 74' lang='lat' dir='ltr'>Nem.</span> <span class='ocrx_word' id='word_1_322' title='bbox 984 2562 1044 2592; x_wconf 81' lang='lat' dir='ltr'>vn,</span> <span class='ocrx_word' id='word_1_323' title='bbox 1063 2562 1104 2587; x_wconf 84' lang='lat'>25.</span> <span class='ocrx_word' id='word_1_324' title='bbox 1129 2562 1212 2592; x_wconf 56' lang='lat'>(360.</span> 
     </span>
     <span class='ocr_line' id='line_1_49' title="bbox 298 2595 988 2628; baseline 0.004 -11"><span class='ocrx_word' id='word_1_325' title='bbox 298 2595 434 2625; x_wconf 67' lang='lat' dir='ltr'>Lycophr.</span> <span class='ocrx_word' id='word_1_326' title='bbox 454 2598 512 2621; x_wconf 74' lang='lat'>454.</span> <span class='ocrx_word' id='word_1_327' title='bbox 549 2599 626 2621; x_wconf 81' lang='lat' dir='ltr'>Ovid.</span> <span class='ocrx_word' id='word_1_328' title='bbox 646 2600 754 2621; x_wconf 82' lang='lat' dir='ltr'>Metam.</span> <span class='ocrx_word' id='word_1_329' title='bbox 770 2598 844 2628; x_wconf 82' lang='lat' dir='ltr'>xm,</span> <span class='ocrx_word' id='word_1_330' title='bbox 861 2598 910 2621; x_wconf 73' lang='lat'>:391</span> <span class='ocrx_word' id='word_1_331' title='bbox 929 2604 988 2627; x_wconf 86' lang='lat' dir='ltr'>sqq.</span> 
     </span>
    </p>

    <p class='ocr_par' dir='ltr' id='par_1_9' title="bbox 263 2637 754 2670">
     <span class='ocr_line' id='line_1_50' title="bbox 263 2637 754 2670; baseline 0.006 -9"><span class='ocrx_word' id='word_1_332' title='bbox 263 2637 309 2668; x_wconf 80' lang='lat'>65)</span> <span class='ocrx_word' id='word_1_333' title='bbox 331 2638 410 2662; x_wconf 78' lang='lat' dir='ltr'>Ovid.</span> <span class='ocrx_word' id='word_1_334' title='bbox 429 2641 480 2663; x_wconf 79' lang='lat' dir='ltr'>art.</span> <span class='ocrx_word' id='word_1_335' title='bbox 500 2643 580 2664; x_wconf 78' lang='lat' dir='ltr'>amat.</span> <span class='ocrx_word' id='word_1_336' title='bbox 600 2642 631 2664; x_wconf 80' lang='lat'>11.</span> <span class='ocrx_word' id='word_1_337' title='bbox 650 2641 699 2664; x_wconf 66' lang='lat'>647</span> <span class='ocrx_word' id='word_1_338' title='bbox 715 2648 754 2670; x_wconf 78' lang='lat' dir='ltr'>sq.</span> 
     </span>
    </p>
   </div>
   <div class='ocr_carea' id='block_1_6' title="bbox 262 2680 1210 2740">
    <p class='ocr_par' dir='ltr' id='par_1_10' title="bbox 262 2680 1210 2740">
     <span class='ocr_line' id='line_1_51' title="bbox 262 2680 1210 2740; baseline 0.001 -36"><span class='ocrx_word' id='word_1_339' title='bbox 262 2680 317 2740; x_wconf 51' lang='grc' dir='ltr'>(ἰδὲ</span> <span class='ocrx_word' id='word_1_340' title='bbox 329 2681 421 2709; x_wconf 80' lang='lat' dir='ltr'>Lenit]</span> <span class='ocrx_word' id='word_1_341' title='bbox 449 2681 488 2706; x_wconf 81' lang='lat' dir='ltr'>sic</span> <span class='ocrx_word' id='word_1_342' title='bbox 508 2682 584 2707; x_wconf 70' lang='lat' dir='ltr'>ovid.</span> <span class='ocrx_word' id='word_1_343' title='bbox 612 2684 735 2714; x_wconf 72' lang='lat' dir='ltr'>sci-ipsit;</span> <span class='ocrx_word' id='word_1_344' title='bbox 768 2683 852 2707; x_wconf 85' lang='lat' dir='ltr'>Editt.</span> <span class='ocrx_word' id='word_1_345' title='bbox 877 2684 997 2707; x_wconf 84' lang='lat' dir='ltr'>enarrat.</span> <span class='ocrx_word' id='word_1_346' title='bbox 1014 2682 1076 2706; x_wconf 81' lang='lat' dir='ltr'>Mel.</span> <span class='ocrx_word' id='word_1_347' title='bbox 1097 2682 1210 2706; x_wconf 81' lang='lat' dir='ltr'>habent:</span> 
     </span>
     <span class='ocr_line' id='line_1_52' title="bbox 320 2716 394 2740; baseline -0.014 0"><span class='ocrx_word' id='word_1_348' title='bbox 320 2716 394 2740; x_wconf 80' lang='lat' dir='ltr'>eniit.</span> 
     </span>
    </p>
   </div>
   <div class='ocr_carea' id='block_1_7' title="bbox 506 102 1993 141">
    <p class='ocr_par' dir='ltr' id='par_1_11' title="bbox 506 102 1993 141">
     <span class='ocr_line' id='line_1_53' title="bbox 506 102 1993 141; baseline 0 -1"><span class='ocrx_word' id='word_1_349' title='bbox 506 106 705 141; x_wconf 69' lang='lat' dir='ltr'>SCRIPTA</span> <span class='ocrx_word' id='word_1_350' title='bbox 732 106 807 141; x_wconf 85' lang='lat' dir='ltr'>PII.</span> <span class='ocrx_word' id='word_1_351' title='bbox 835 106 947 141; x_wconf 79' lang='lat' dir='ltr'>MEL.</span> <span class='ocrx_word' id='word_1_352' title='bbox 974 105 1039 139; x_wconf 72' lang='lat' dir='ltr'>AD</span> <span class='ocrx_word' id='word_1_353' title='bbox 1066 102 1276 138; x_wconf 82' lang='lat' dir='ltr'>ETIIICEN</span> <span class='ocrx_word' id='word_1_354' title='bbox 1303 102 1368 137; x_wconf 87' lang='lat' dir='ltr'>ET</span> <span class='ocrx_word' id='word_1_355' title='bbox 1396 102 1653 140; x_wconf 85' lang='lat' dir='ltr'>POLITICEN</span> <span class='ocrx_word' id='word_1_356' title='bbox 1682 104 1993 140; x_wconf 70' lang='lat' dir='ltr'>SPECTA&#39;NTIA.</span> 
     </span>
    </p>
   </div>
   <div class='ocr_carea' id='block_1_8' title="bbox 1528 106 2263 239">
    <p class='ocr_par' dir='ltr' id='par_1_12' title="bbox 1528 106 2263 239">
     <span class='ocr_line' id='line_1_54' title="bbox 2189 106 2263 144; baseline 0.014 -1"><span class='ocrx_word' id='word_1_357' title='bbox 2189 106 2263 144; x_wconf 80' lang='lat'>356</span> 
     </span>
     <span class='ocr_line' id='line_1_55' title="bbox 1528 191 2021 239; baseline 0 -14"><span class='ocrx_word' id='word_1_358' title='bbox 1528 191 1589 225; x_wconf 90' lang='lat' dir='ltr'>De</span> <span class='ocrx_word' id='word_1_359' title='bbox 1625 192 2021 239; x_wconf 63' lang='grc' dir='ltr'>ΓΓο11η101111111367).</span> 
     </span>
    </p>
   </div>
   <div class='ocr_carea' id='block_1_9' title="bbox 1270 264 2268 2359">
    <p class='ocr_par' dir='ltr' id='par_1_13' title="bbox 1279 264 2268 562">
     <span class='ocr_line' id='line_1_56' title="bbox 1379 264 2264 313; baseline 0.008 -17"><span class='ocrx_word' id='word_1_360' title='bbox 1379 264 1632 310; x_wconf 73' lang='lat' dir='ltr'>Temperantia</span> <span class='ocrx_word' id='word_1_361' title='bbox 1650 274 1699 301; x_wconf 88' lang='lat' dir='ltr'>est</span> <span class='ocrx_word' id='word_1_362' title='bbox 1716 268 1826 301; x_wconf 66' lang='lat' dir='ltr'>virtus</span> <span class='ocrx_word' id='word_1_363' title='bbox 1839 295 1848 307; x_wconf 84' lang='lat'>,</span> <span class='ocrx_word' id='word_1_364' title='bbox 1876 280 1965 313; x_wconf 86' lang='lat' dir='ltr'>quae</span> <span class='ocrx_word' id='word_1_365' title='bbox 1982 268 2264 303; x_wconf 76' lang='lat' dir='ltr'>mediocritatem</span> 
     </span>
     <span class='ocr_line' id='line_1_57' title="bbox 1279 315 2266 364; baseline 0.006 -17"><span class='ocrx_word' id='word_1_366' title='bbox 1279 315 1381 347; x_wconf 82' lang='lat' dir='ltr'>eflicit</span> <span class='ocrx_word' id='word_1_367' title='bbox 1397 319 1587 350; x_wconf 90' lang='lat' dir='ltr'>secundum</span> <span class='ocrx_word' id='word_1_368' title='bbox 1606 326 1737 351; x_wconf 82' lang='lat' dir='ltr'>rectam</span> <span class='ocrx_word' id='word_1_369' title='bbox 1755 320 1929 352; x_wconf 85' lang='lat' dir='ltr'>rationem</span> <span class='ocrx_word' id='word_1_370' title='bbox 1950 320 1985 352; x_wconf 93' lang='lat' dir='ltr'>in</span> <span class='ocrx_word' id='word_1_371' title='bbox 2011 319 2087 351; x_wconf 84' lang='lat' dir='ltr'>cibo</span> <span class='ocrx_word' id='word_1_372' title='bbox 2113 326 2146 352; x_wconf 88' lang='lat' dir='ltr'>et</span> <span class='ocrx_word' id='word_1_373' title='bbox 2170 327 2266 364; x_wconf 89' lang='lat' dir='ltr'>potu.</span> 
     </span>
     <span class='ocr_line' id='line_1_58' title="bbox 1279 366 2267 415; baseline 0.005 -16"><span class='ocrx_word' id='word_1_374' title='bbox 1279 367 1369 399; x_wconf 55' lang='lat' dir='ltr'>Nam</span> <span class='ocrx_word' id='word_1_375' title='bbox 1395 367 1428 398; x_wconf 92' lang='lat' dir='ltr'>in</span> <span class='ocrx_word' id='word_1_376' title='bbox 1457 366 1509 401; x_wconf 77' lang='lat' dir='ltr'>his</span> <span class='ocrx_word' id='word_1_377' title='bbox 1530 368 1645 401; x_wconf 78' lang='lat' dir='ltr'>Latini</span> <span class='ocrx_word' id='word_1_378' title='bbox 1672 370 1814 414; x_wconf 88' lang='lat' dir='ltr'>proprie</span> <span class='ocrx_word' id='word_1_379' title='bbox 1837 377 1986 403; x_wconf 89' lang='lat' dir='ltr'>utuntur</span> <span class='ocrx_word' id='word_1_380' title='bbox 2010 372 2267 415; x_wconf 74' lang='lat' dir='ltr'>temperantiae</span> 
     </span>
     <span class='ocr_line' id='line_1_59' title="bbox 1281 418 2267 457; baseline 0.007 -8"><span class='ocrx_word' id='word_1_381' title='bbox 1281 418 1443 457; x_wconf 78' lang='lat' dir='ltr'>omnine,</span> <span class='ocrx_word' id='word_1_382' title='bbox 1478 421 1536 451; x_wconf 80' lang='lat' dir='ltr'>sed</span> <span class='ocrx_word' id='word_1_383' title='bbox 1555 420 1761 454; x_wconf 81' lang='lat' dir='ltr'>Aristoteles</span> <span class='ocrx_word' id='word_1_384' title='bbox 1785 419 1842 454; x_wconf 89' lang='lat' dir='ltr'>hic</span> <span class='ocrx_word' id='word_1_385' title='bbox 1865 423 1962 455; x_wconf 89' lang='lat' dir='ltr'>addit</span> <span class='ocrx_word' id='word_1_386' title='bbox 1986 423 2267 456; x_wconf 66' lang='lat' dir='ltr'>mediocritatem</span> 
     </span>
     <span class='ocr_line' id='line_1_60' title="bbox 1282 468 2268 508; baseline 0.007 -8"><span class='ocrx_word' id='word_1_387' title='bbox 1282 469 1314 501; x_wconf 92' lang='lat' dir='ltr'>in</span> <span class='ocrx_word' id='word_1_388' title='bbox 1337 470 1504 508; x_wconf 68' lang='lat' dir='ltr'>xenereis,</span> <span class='ocrx_word' id='word_1_389' title='bbox 1533 468 1624 503; x_wconf 81' lang='lat' dir='ltr'>lianc</span> <span class='ocrx_word' id='word_1_390' title='bbox 1641 472 1767 504; x_wconf 81' lang='lat' dir='ltr'>usitate</span> <span class='ocrx_word' id='word_1_391' title='bbox 1786 473 2040 506; x_wconf 84' lang='lat' dir='ltr'>continentiam</span> <span class='ocrx_word' id='word_1_392' title='bbox 2058 480 2187 507; x_wconf 66' lang='lat' dir='ltr'>meant</span> <span class='ocrx_word' id='word_1_393' title='bbox 2204 487 2268 507; x_wconf 89' lang='lat' dir='ltr'>no-</span> 
     </span>
     <span class='ocr_line' id='line_1_61' title="bbox 1281 521 1540 562; baseline 0.012 -10"><span class='ocrx_word' id='word_1_394' title='bbox 1281 521 1373 552; x_wconf 89' lang='lat' dir='ltr'>mine</span> <span class='ocrx_word' id='word_1_395' title='bbox 1392 522 1540 562; x_wconf 63' lang='lat' dir='ltr'>generis.</span> 
     </span>
    </p>

    <p class='ocr_par' dir='ltr' id='par_1_14' title="bbox 1270 573 2268 2359">
     <span class='ocr_line' id='line_1_62' title="bbox 1384 573 2267 620; baseline 0.002 -15"><span class='ocrx_word' id='word_1_396' title='bbox 1384 573 1529 605; x_wconf 74' lang='lat' dir='ltr'>Prodest</span> <span class='ocrx_word' id='word_1_397' title='bbox 1558 573 1695 612; x_wconf 68' lang='lat' dir='ltr'>xidere,</span> <span class='ocrx_word' id='word_1_398' title='bbox 1723 574 1904 618; x_wconf 88' lang='lat' dir='ltr'>quomodo</span> <span class='ocrx_word' id='word_1_399' title='bbox 1934 574 1967 606; x_wconf 93' lang='lat' dir='ltr'>in</span> <span class='ocrx_word' id='word_1_400' title='bbox 1992 588 2155 608; x_wconf 86' lang='lat' dir='ltr'>sermone</span> <span class='ocrx_word' id='word_1_401' title='bbox 2182 587 2267 620; x_wconf 77' lang='lat' dir='ltr'>apo-</span> 
     </span>
     <span class='ocr_line' id='line_1_63' title="bbox 1279 623 2267 671; baseline 0.004 -16"><span class='ocrx_word' id='word_1_402' title='bbox 1279 623 1402 655; x_wconf 86' lang='lat' dir='ltr'>stolico</span> <span class='ocrx_word' id='word_1_403' title='bbox 1427 624 1573 657; x_wconf 68' lang='lat' dir='ltr'>xirtutes</span> <span class='ocrx_word' id='word_1_404' title='bbox 1596 631 1864 668; x_wconf 84' lang='lat' dir='ltr'>nuncupentur,</span> <span class='ocrx_word' id='word_1_405' title='bbox 1909 631 1943 657; x_wconf 83' lang='lat' dir='ltr'>et</span> <span class='ocrx_word' id='word_1_406' title='bbox 1971 626 2015 657; x_wconf 88' lang='lat' dir='ltr'>ad</span> <span class='ocrx_word' id='word_1_407' title='bbox 2047 638 2136 671; x_wconf 88' lang='lat' dir='ltr'>quae</span> <span class='ocrx_word' id='word_1_408' title='bbox 2165 639 2267 670; x_wconf 86' lang='lat' dir='ltr'>prae-</span> 
     </span>
     <span class='ocr_line' id='line_1_64' title="bbox 1280 676 2267 720; baseline 0.004 -16"><span class='ocrx_word' id='word_1_409' title='bbox 1280 681 1376 718; x_wconf 88' lang='lat' dir='ltr'>cepta</span> <span class='ocrx_word' id='word_1_410' title='bbox 1396 676 1554 717; x_wconf 64' lang='lat' dir='ltr'>decalogi</span> <span class='ocrx_word' id='word_1_411' title='bbox 1572 677 1776 708; x_wconf 70' lang='lat' dir='ltr'>referendae</span> <span class='ocrx_word' id='word_1_412' title='bbox 1803 676 1891 715; x_wconf 89' lang='lat' dir='ltr'>sint,</span> <span class='ocrx_word' id='word_1_413' title='bbox 1927 682 1965 708; x_wconf 88' lang='lat' dir='ltr'>ut</span> <span class='ocrx_word' id='word_1_414' title='bbox 1987 689 2092 720; x_wconf 88' lang='lat' dir='ltr'>supra</span> <span class='ocrx_word' id='word_1_415' title='bbox 2118 677 2267 710; x_wconf 89' lang='lat' dir='ltr'>contuli-</span> 
     </span>
     <span class='ocr_line' id='line_1_65' title="bbox 1282 724 2266 770; baseline 0.005 -14"><span class='ocrx_word' id='word_1_416' title='bbox 1282 738 1357 757; x_wconf 77' lang='lat' dir='ltr'>mus</span> <span class='ocrx_word' id='word_1_417' title='bbox 1388 724 1616 760; x_wconf 71' lang='lat' dir='ltr'>christianam</span> <span class='ocrx_word' id='word_1_418' title='bbox 1650 734 1683 759; x_wconf 89' lang='lat' dir='ltr'>et</span> <span class='ocrx_word' id='word_1_419' title='bbox 1721 725 2002 770; x_wconf 82' lang='lat' dir='ltr'>philosophicam</span> <span class='ocrx_word' id='word_1_420' title='bbox 2027 728 2266 762; x_wconf 88' lang='lat' dir='ltr'>tolerantiam.</span> 
     </span>
     <span class='ocr_line' id='line_1_66' title="bbox 1279 776 2267 823; baseline 0.004 -15"><span class='ocrx_word' id='word_1_421' title='bbox 1279 777 1427 820; x_wconf 82' lang='lat' dir='ltr'>Proprie</span> <span class='ocrx_word' id='word_1_422' title='bbox 1454 785 1571 811; x_wconf 89' lang='lat' dir='ltr'>autem</span> <span class='ocrx_word' id='word_1_423' title='bbox 1597 776 1786 811; x_wconf 79' lang='lat' dir='ltr'>christiana</span> <span class='ocrx_word' id='word_1_424' title='bbox 1813 778 1999 810; x_wconf 84' lang='lat' dir='ltr'>tolerantia</span> <span class='ocrx_word' id='word_1_425' title='bbox 2027 779 2133 823; x_wconf 90' lang='lat' dir='ltr'>primi</span> <span class='ocrx_word' id='word_1_426' title='bbox 2166 791 2267 823; x_wconf 87' lang='lat' dir='ltr'>prae-</span> 
     </span>
     <span class='ocr_line' id='line_1_67' title="bbox 1280 828 2267 875; baseline 0.006 -17"><span class='ocrx_word' id='word_1_427' title='bbox 1280 828 1369 871; x_wconf 88' lang='lat' dir='ltr'>cepti</span> <span class='ocrx_word' id='word_1_428' title='bbox 1388 829 1498 861; x_wconf 60' lang='lat' dir='ltr'>x‘irtus</span> <span class='ocrx_word' id='word_1_429' title='bbox 1516 836 1561 862; x_wconf 75' lang='lat' dir='ltr'>est</span> <span class='ocrx_word' id='word_1_430' title='bbox 1575 857 1583 869; x_wconf 97' lang='lat'>,</span> <span class='ocrx_word' id='word_1_431' title='bbox 1617 831 1697 875; x_wconf 86' lang='lat' dir='ltr'>quia</span> <span class='ocrx_word' id='word_1_432' title='bbox 1720 837 1770 863; x_wconf 76' lang='lat' dir='ltr'>est</span> <span class='ocrx_word' id='word_1_433' title='bbox 1788 829 1987 862; x_wconf 85' lang='lat' dir='ltr'>ohedientia</span> <span class='ocrx_word' id='word_1_434' title='bbox 2012 829 2048 862; x_wconf 89' lang='lat' dir='ltr'>in</span> <span class='ocrx_word' id='word_1_435' title='bbox 2073 830 2267 871; x_wconf 86' lang='lat' dir='ltr'>doloribus,</span> 
     </span>
     <span class='ocr_line' id='line_1_68' title="bbox 1280 880 2267 925; baseline 0.004 -15"><span class='ocrx_word' id='word_1_436' title='bbox 1280 892 1369 923; x_wconf 86' lang='lat' dir='ltr'>quae</span> <span class='ocrx_word' id='word_1_437' title='bbox 1388 880 1588 913; x_wconf 88' lang='lat' dir='ltr'>immediate</span> <span class='ocrx_word' id='word_1_438' title='bbox 1610 881 1682 913; x_wconf 86' lang='lat' dir='ltr'>l)eo</span> <span class='ocrx_word' id='word_1_439' title='bbox 1703 887 1920 924; x_wconf 68' lang='lat' dir='ltr'>praestatur,</span> <span class='ocrx_word' id='word_1_440' title='bbox 1959 887 1991 913; x_wconf 90' lang='lat' dir='ltr'>et</span> <span class='ocrx_word' id='word_1_441' title='bbox 2015 894 2093 914; x_wconf 88' lang='lat' dir='ltr'>cum</span> <span class='ocrx_word' id='word_1_442' title='bbox 2119 893 2179 925; x_wconf 87' lang='lat' dir='ltr'>spe</span> <span class='ocrx_word' id='word_1_443' title='bbox 2205 893 2267 915; x_wconf 83' lang='lat' dir='ltr'>au-</span> 
     </span>
     <span class='ocr_line' id='line_1_69' title="bbox 1280 931 2266 966; baseline 0.005 -5"><span class='ocrx_word' id='word_1_444' title='bbox 1280 931 1351 962; x_wconf 73' lang='lat' dir='ltr'>xilii</span> <span class='ocrx_word' id='word_1_445' title='bbox 1379 932 1487 963; x_wconf 74' lang='lat' dir='ltr'>dixini</span> <span class='ocrx_word' id='word_1_446' title='bbox 1513 932 1697 964; x_wconf 89' lang='lat' dir='ltr'>coniuncta</span> <span class='ocrx_word' id='word_1_447' title='bbox 1724 939 1785 966; x_wconf 85' lang='grc'><strong>051,</strong></span> <span class='ocrx_word' id='word_1_448' title='bbox 1837 932 2025 964; x_wconf 71' lang='lat' dir='ltr'>Fortitudo</span> <span class='ocrx_word' id='word_1_449' title='bbox 2042 945 2126 965; x_wconf 73' lang='lat' dir='ltr'>vero</span> <span class='ocrx_word' id='word_1_450' title='bbox 2142 932 2266 966; x_wconf 81' lang='lat' dir='ltr'>bellica</span> 
     </span>
     <span class='ocr_line' id='line_1_70' title="bbox 1279 983 2267 1028; baseline 0.003 -15"><span class='ocrx_word' id='word_1_451' title='bbox 1279 983 1320 1013; x_wconf 91' lang='lat' dir='ltr'>ad</span> <span class='ocrx_word' id='word_1_452' title='bbox 1339 990 1563 1026; x_wconf 60' lang='lat' dir='ltr'>przueceptum</span> <span class='ocrx_word' id='word_1_453' title='bbox 1580 983 1761 1028; x_wconf 87' lang='lat' dir='ltr'>quintum,</span> <span class='ocrx_word' id='word_1_454' title='bbox 1788 984 1881 1027; x_wconf 88' lang='lat' dir='ltr'>quod</span> <span class='ocrx_word' id='word_1_455' title='bbox 1900 984 2020 1023; x_wconf 88' lang='lat' dir='ltr'>docet,</span> <span class='ocrx_word' id='word_1_456' title='bbox 2056 985 2199 1028; x_wconf 88' lang='lat' dir='ltr'>qnando</span> <span class='ocrx_word' id='word_1_457' title='bbox 2222 984 2267 1017; x_wconf 84' lang='lat' dir='ltr'>sit</span> 
     </span>
     <span class='ocr_line' id='line_1_71' title="bbox 1280 1034 2268 1079; baseline 0.004 -16"><span class='ocrx_word' id='word_1_458' title='bbox 1280 1035 1529 1076; x_wconf 69' lang='lat' dir='ltr'>pugnandum,</span> <span class='ocrx_word' id='word_1_459' title='bbox 1571 1036 1714 1079; x_wconf 89' lang='lat' dir='ltr'>quando</span> <span class='ocrx_word' id='word_1_460' title='bbox 1749 1046 1831 1066; x_wconf 91' lang='lat' dir='ltr'>non.</span> <span class='ocrx_word' id='word_1_461' title='bbox 1899 1034 1992 1065; x_wconf 89' lang='lat' dir='ltr'>Haec</span> <span class='ocrx_word' id='word_1_462' title='bbox 2021 1035 2208 1067; x_wconf 86' lang='lat' dir='ltr'>nominum</span> <span class='ocrx_word' id='word_1_463' title='bbox 2234 1040 2268 1067; x_wconf 88' lang='lat' dir='ltr'>et</span> 
     </span>
     <span class='ocr_line' id='line_1_72' title="bbox 1279 1085 2266 1126; baseline 0.003 -11"><span class='ocrx_word' id='word_1_464' title='bbox 1279 1085 1435 1126; x_wconf 63' lang='lat' dir='ltr'>decalogi</span> <span class='ocrx_word' id='word_1_465' title='bbox 1454 1085 1595 1116; x_wconf 88' lang='lat' dir='ltr'>collatio</span> <span class='ocrx_word' id='word_1_466' title='bbox 1613 1086 1781 1117; x_wconf 88' lang='lat' dir='ltr'>admonet</span> <span class='ocrx_word' id='word_1_467' title='bbox 1798 1097 1862 1116; x_wconf 86' lang='lat' dir='ltr'>nos</span> <span class='ocrx_word' id='word_1_468' title='bbox 1879 1085 1920 1116; x_wconf 88' lang='lat' dir='ltr'>de</span> <span class='ocrx_word' id='word_1_469' title='bbox 1938 1085 2115 1118; x_wconf 87' lang='lat' dir='ltr'>mandatis</span> <span class='ocrx_word' id='word_1_470' title='bbox 2125 1085 2203 1125; x_wconf 90' lang='lat' dir='ltr'>Dei,</span> <span class='ocrx_word' id='word_1_471' title='bbox 2232 1092 2266 1118; x_wconf 85' lang='lat' dir='ltr'>et</span> 
     </span>
     <span class='ocr_line' id='line_1_73' title="bbox 1279 1134 2267 1179; baseline 0.003 -13"><span class='ocrx_word' id='word_1_472' title='bbox 1279 1135 1411 1179; x_wconf 88' lang='lat' dir='ltr'>aliquid</span> <span class='ocrx_word' id='word_1_473' title='bbox 1433 1136 1517 1169; x_wconf 80' lang='lat' dir='ltr'>lucis</span> <span class='ocrx_word' id='word_1_474' title='bbox 1535 1136 1630 1167; x_wconf 89' lang='lat' dir='ltr'>addit</span> <span class='ocrx_word' id='word_1_475' title='bbox 1652 1134 1731 1168; x_wconf 88' lang='lat' dir='ltr'>huic</span> <span class='ocrx_word' id='word_1_476' title='bbox 1750 1135 1814 1167; x_wconf 90' lang='lat' dir='ltr'>toti</span> <span class='ocrx_word' id='word_1_477' title='bbox 1831 1135 2025 1175; x_wconf 86' lang='lat' dir='ltr'>doctrinae,</span> <span class='ocrx_word' id='word_1_478' title='bbox 2048 1142 2080 1168; x_wconf 89' lang='lat' dir='ltr'>et</span> <span class='ocrx_word' id='word_1_479' title='bbox 2098 1148 2267 1170; x_wconf 84' lang='lat' dir='ltr'>numerus</span> 
     </span>
     <span class='ocr_line' id='line_1_74' title="bbox 1278 1185 2265 1231; baseline 0.004 -14"><span class='ocrx_word' id='word_1_480' title='bbox 1278 1186 1469 1226; x_wconf 66' lang='lat' dir='ltr'>virtutum,</span> <span class='ocrx_word' id='word_1_481' title='bbox 1515 1187 1760 1219; x_wconf 56' lang='lat' dir='ltr'>animadx‘ersa</span> <span class='ocrx_word' id='word_1_482' title='bbox 1786 1185 1850 1219; x_wconf 86' lang='lat' dir='ltr'>hac</span> <span class='ocrx_word' id='word_1_483' title='bbox 1874 1186 2121 1219; x_wconf 78' lang='lat' dir='ltr'>distributione</span> <span class='ocrx_word' id='word_1_484' title='bbox 2150 1187 2265 1231; x_wconf 83' lang='lat' dir='ltr'>aptius</span> 
     </span>
     <span class='ocr_line' id='line_1_75' title="bbox 1726 1237 2265 1282; baseline 0.002 -12"><span class='ocrx_word' id='word_1_485' title='bbox 1726 1237 1765 1270; x_wconf 92' lang='lat' dir='ltr'>ln</span> <span class='ocrx_word' id='word_1_486' title='bbox 1784 1250 1946 1271; x_wconf 83' lang='lat' dir='ltr'>sermone</span> <span class='ocrx_word' id='word_1_487' title='bbox 1966 1238 2159 1282; x_wconf 86' lang='lat' dir='ltr'>apostolico</span> <span class='ocrx_word' id='word_1_488' title='bbox 2178 1245 2265 1271; x_wconf 90' lang='lat' dir='ltr'>tem-</span> 
     </span>
     <span class='ocr_line' id='line_1_76' title="bbox 2158 1290 2265 1334; baseline 0 -12"><span class='ocrx_word' id='word_1_489' title='bbox 2158 1290 2265 1334; x_wconf 85' lang='lat' dir='ltr'>Quod</span> 
     </span>
     <span class='ocr_line' id='line_1_77' title="bbox 1278 1339 2264 1385; baseline 0.002 -14"><span class='ocrx_word' id='word_1_490' title='bbox 1278 1352 1362 1371; x_wconf 64' lang='lat' dir='ltr'>vero</span> <span class='ocrx_word' id='word_1_491' title='bbox 1388 1339 1506 1372; x_wconf 87' lang='lat' dir='ltr'>Latini</span> <span class='ocrx_word' id='word_1_492' title='bbox 1538 1341 1682 1385; x_wconf 84' lang='lat' dir='ltr'>proprie</span> <span class='ocrx_word' id='word_1_493' title='bbox 1716 1340 1921 1385; x_wconf 85' lang='lat' dir='ltr'>pudicitiam</span> <span class='ocrx_word' id='word_1_494' title='bbox 1948 1340 2089 1381; x_wconf 86' lang='lat' dir='ltr'>dicunt,</span> <span class='ocrx_word' id='word_1_495' title='bbox 2130 1341 2264 1374; x_wconf 78' lang='lat' dir='ltr'>Paulus</span> 
     </span>
     <span class='ocr_line' id='line_1_78' title="bbox 1278 1389 2265 1438; baseline 0.003 -16"><span class='ocrx_word' id='word_1_496' title='bbox 1278 1391 1363 1424; x_wconf 88' lang='lat' dir='ltr'>alias</span> <span class='ocrx_word' id='word_1_497' title='bbox 1387 1391 1474 1423; x_wconf 78' lang='lat' dir='ltr'>dixit</span> <span class='ocrx_word' id='word_1_498' title='bbox 1497 1389 1669 1438; x_wconf 48' lang='lat' dir='ltr'>aymam»,</span> <span class='ocrx_word' id='word_1_499' title='bbox 1704 1392 1790 1425; x_wconf 86' lang='lat' dir='ltr'>alias</span> <span class='ocrx_word' id='word_1_500' title='bbox 1815 1391 2140 1426; x_wconf 81' lang='lat' dir='ltr'>sanctificationem.</span> <span class='ocrx_word' id='word_1_501' title='bbox 2194 1391 2265 1425; x_wconf 68' lang='lat' dir='ltr'>Vo-</span> 
     </span>
     <span class='ocr_line' id='line_1_79' title="bbox 1278 1441 2265 1489; baseline 0.002 -15"><span class='ocrx_word' id='word_1_502' title='bbox 1278 1442 1441 1475; x_wconf 73' lang='lat' dir='ltr'>cabulum</span> <span class='ocrx_word' id='word_1_503' title='bbox 1461 1455 1544 1475; x_wconf 56' lang='lat' dir='ltr'>xero</span> <span class='ocrx_word' id='word_1_504' title='bbox 1564 1441 1788 1489; x_wconf 67' lang='lat' dir='ltr'>owrspoov&#39;m]</span> <span class='ocrx_word' id='word_1_505' title='bbox 1805 1443 1908 1476; x_wconf 89' lang='lat' dir='ltr'>latius</span> <span class='ocrx_word' id='word_1_506' title='bbox 1934 1449 2029 1486; x_wconf 88' lang='lat' dir='ltr'>patet</span> <span class='ocrx_word' id='word_1_507' title='bbox 2055 1445 2148 1487; x_wconf 91' lang='lat' dir='ltr'>apud</span> <span class='ocrx_word' id='word_1_508' title='bbox 2171 1456 2265 1484; x_wconf 88' lang='lat' dir='ltr'>eum,</span> 
     </span>
     <span class='ocr_line' id='line_1_80' title="bbox 1278 1494 2264 1537; baseline 0.002 -12"><span class='ocrx_word' id='word_1_509' title='bbox 1278 1500 1309 1525; x_wconf 86' lang='lat' dir='ltr'>et</span> <span class='ocrx_word' id='word_1_510' title='bbox 1335 1494 1546 1536; x_wconf 72' lang='lat' dir='ltr'>generaliter</span> <span class='ocrx_word' id='word_1_511' title='bbox 1571 1495 1743 1537; x_wconf 76' lang='lat' dir='ltr'>significat</span> <span class='ocrx_word' id='word_1_512' title='bbox 1765 1494 1996 1534; x_wconf 70' lang='lat' dir='ltr'>modestiam,</span> <span class='ocrx_word' id='word_1_513' title='bbox 2032 1494 2066 1527; x_wconf 86' lang='lat' dir='ltr'>id</span> <span class='ocrx_word' id='word_1_514' title='bbox 2093 1501 2161 1534; x_wconf 90' lang='lat' dir='ltr'>cst,</span> <span class='ocrx_word' id='word_1_515' title='bbox 2188 1507 2264 1527; x_wconf 90' lang='lat' dir='ltr'>mo-</span> 
     </span>
     <span class='ocr_line' id='line_1_81' title="bbox 1277 1545 2265 1588; baseline 0.004 -12"><span class='ocrx_word' id='word_1_516' title='bbox 1277 1545 1496 1577; x_wconf 85' lang='lat' dir='ltr'>derationem</span> <span class='ocrx_word' id='word_1_517' title='bbox 1522 1546 1557 1577; x_wconf 87' lang='lat' dir='ltr'>in</span> <span class='ocrx_word' id='word_1_518' title='bbox 1585 1546 1682 1578; x_wconf 90' lang='lat' dir='ltr'>omni</span> <span class='ocrx_word' id='word_1_519' title='bbox 1705 1552 1822 1588; x_wconf 75' lang='lat' dir='ltr'>gestu,</span> <span class='ocrx_word' id='word_1_520' title='bbox 1857 1558 2038 1585; x_wconf 90' lang='lat' dir='ltr'>sermone,</span> <span class='ocrx_word' id='word_1_521' title='bbox 2073 1545 2207 1579; x_wconf 84' lang='lat' dir='ltr'>incessu</span> <span class='ocrx_word' id='word_1_522' title='bbox 2231 1552 2265 1580; x_wconf 75' lang='lat' dir='ltr'>et</span> 
     </span>
     <span class='ocr_line' id='line_1_82' title="bbox 1277 1596 2263 1641; baseline 0.003 -14"><span class='ocrx_word' id='word_1_523' title='bbox 1277 1596 1516 1640; x_wconf 69' lang='lat' dir='ltr'>voluptatibus</span> <span class='ocrx_word' id='word_1_524' title='bbox 1538 1597 1824 1641; x_wconf 81' lang='lat' dir='ltr'>quilmscunque,</span> <span class='ocrx_word' id='word_1_525' title='bbox 1852 1597 1974 1640; x_wconf 87' lang='lat' dir='ltr'>plane,</span> <span class='ocrx_word' id='word_1_526' title='bbox 2002 1604 2040 1629; x_wconf 91' lang='lat' dir='ltr'>ut</span> <span class='ocrx_word' id='word_1_527' title='bbox 2063 1597 2263 1639; x_wconf 79' lang='lat' dir='ltr'>germanice</span> 
     </span>
     <span class='ocr_line' id='line_1_83' title="bbox 1277 1647 2261 1693; baseline 0.003 -15"><span class='ocrx_word' id='word_1_528' title='bbox 1277 1647 1426 1693; x_wconf 73' lang='grc'><strong>(1101111115</strong></span> <span class='ocrx_word' id='word_1_529' title='bbox 1449 1649 1603 1690; x_wconf 73' lang='lat' dir='ltr'>zuclm&#39;y,</span> <span class='ocrx_word' id='word_1_530' title='bbox 1641 1654 1694 1685; x_wconf 88' lang='lat' dir='ltr'>et,</span> <span class='ocrx_word' id='word_1_531' title='bbox 1730 1654 1767 1680; x_wconf 86' lang='lat' dir='ltr'>ut</span> <span class='ocrx_word' id='word_1_532' title='bbox 1784 1648 1906 1679; x_wconf 88' lang='lat' dir='ltr'>Cicero</span> <span class='ocrx_word' id='word_1_533' title='bbox 1928 1649 1969 1679; x_wconf 86' lang='lat' dir='ltr'>de</span> <span class='ocrx_word' id='word_1_534' title='bbox 1987 1655 2112 1693; x_wconf 88' lang='lat' dir='ltr'>quarta</span> <span class='ocrx_word' id='word_1_535' title='bbox 2131 1649 2261 1681; x_wconf 71' lang='lat' dir='ltr'>virtute</span> 
     </span>
     <span class='ocr_line' id='line_1_84' title="bbox 1277 1698 2261 1744; baseline 0.001 -14"><span class='ocrx_word' id='word_1_536' title='bbox 1277 1698 1311 1730; x_wconf 86' lang='lat' dir='ltr'>in</span> <span class='ocrx_word' id='word_1_537' title='bbox 1339 1698 1460 1730; x_wconf 80' lang='lat' dir='ltr'>osticiis</span> <span class='ocrx_word' id='word_1_538' title='bbox 1494 1698 1726 1744; x_wconf 59' lang='lat' dir='ltr'>loquiturffl).</span> <span class='ocrx_word' id='word_1_539' title='bbox 1794 1698 1962 1741; x_wconf 74' lang='lat' dir='ltr'>Exempla</span> <span class='ocrx_word' id='word_1_540' title='bbox 1994 1699 2122 1742; x_wconf 85' lang='lat' dir='ltr'>passim</span> <span class='ocrx_word' id='word_1_541' title='bbox 2157 1699 2261 1732; x_wconf 65' lang='lat' dir='ltr'>obxia</span> 
     </span>
     <span class='ocr_line' id='line_1_85' title="bbox 1275 1747 2262 1795; baseline 0.001 -13"><span class='ocrx_word' id='word_1_542' title='bbox 1275 1755 1372 1782; x_wconf 82' lang='lat' dir='ltr'>sunt:</span> <span class='ocrx_word' id='word_1_543' title='bbox 1404 1750 1434 1782; x_wconf 87' lang='lat'>1.</span> <span class='ocrx_word' id='word_1_544' title='bbox 1455 1748 1613 1782; x_wconf 90' lang='lat' dir='ltr'>Timoth.</span> <span class='ocrx_word' id='word_1_545' title='bbox 1631 1752 1666 1789; x_wconf 72' lang='grc'>2,</span> <span class='ocrx_word' id='word_1_546' title='bbox 1684 1747 1778 1795; x_wconf 85' lang='grc'><strong>(15.)</strong></span> <span class='ocrx_word' id='word_1_547' title='bbox 1795 1750 1925 1794; x_wconf 83' lang='lat' dir='ltr'>inquit:</span> <span class='ocrx_word' id='word_1_548' title='bbox 1961 1749 2128 1783; x_wconf 81' lang='lat' dir='ltr'>Mulieres</span> <span class='ocrx_word' id='word_1_549' title='bbox 2147 1750 2262 1784; x_wconf 73' lang='lat' dir='ltr'>salvas</span> 
     </span>
     <span class='ocr_line' id='line_1_86' title="bbox 1275 1801 2262 1844; baseline 0.003 -13"><span class='ocrx_word' id='word_1_550' title='bbox 1275 1801 1348 1832; x_wconf 77' lang='lat' dir='ltr'>fieri</span> <span class='ocrx_word' id='word_1_551' title='bbox 1366 1813 1428 1843; x_wconf 86' lang='lat' dir='ltr'>per</span> <span class='ocrx_word' id='word_1_552' title='bbox 1444 1801 1554 1832; x_wconf 79' lang='lat' dir='ltr'>officia</span> <span class='ocrx_word' id='word_1_553' title='bbox 1573 1808 1713 1844; x_wconf 89' lang='lat' dir='ltr'>partus,</span> <span class='ocrx_word' id='word_1_554' title='bbox 1741 1801 1767 1834; x_wconf 80' lang='lat' dir='ltr'>si</span> <span class='ocrx_word' id='word_1_555' title='bbox 1787 1807 1905 1833; x_wconf 84' lang='lat' dir='ltr'>tamen</span> <span class='ocrx_word' id='word_1_556' title='bbox 1920 1801 2115 1834; x_wconf 86' lang='lat' dir='ltr'>manserint</span> <span class='ocrx_word' id='word_1_557' title='bbox 2130 1801 2166 1833; x_wconf 85' lang='lat' dir='ltr'>in</span> <span class='ocrx_word' id='word_1_558' title='bbox 2183 1802 2262 1842; x_wconf 84' lang='lat' dir='ltr'>fide,</span> 
     </span>
     <span class='ocr_line' id='line_1_87' title="bbox 1275 1851 2263 1897; baseline 0.004 -15"><span class='ocrx_word' id='word_1_559' title='bbox 1275 1852 1480 1889; x_wconf 77' lang='lat' dir='ltr'>dilectione,</span> <span class='ocrx_word' id='word_1_560' title='bbox 1509 1851 1785 1884; x_wconf 80' lang='lat' dir='ltr'>sanctificatione</span> <span class='ocrx_word' id='word_1_561' title='bbox 1803 1858 1836 1884; x_wconf 88' lang='lat' dir='ltr'>et</span> <span class='ocrx_word' id='word_1_562' title='bbox 1853 1852 2037 1885; x_wconf 85' lang='lat' dir='ltr'>modestia.</span> <span class='ocrx_word' id='word_1_563' title='bbox 2084 1852 2175 1897; x_wconf 81' lang='lat' dir='ltr'>Apte</span> <span class='ocrx_word' id='word_1_564' title='bbox 2192 1853 2263 1886; x_wconf 79' lang='lat' dir='ltr'>vir-</span> 
     </span>
     <span class='ocr_line' id='line_1_88' title="bbox 1275 1903 2262 1947; baseline 0.001 -12"><span class='ocrx_word' id='word_1_565' title='bbox 1275 1909 1364 1935; x_wconf 84' lang='lat' dir='ltr'>tutes</span> <span class='ocrx_word' id='word_1_566' title='bbox 1397 1903 1550 1935; x_wconf 79' lang='lat' dir='ltr'>maxime</span> <span class='ocrx_word' id='word_1_567' title='bbox 1584 1903 1797 1936; x_wconf 88' lang='lat' dir='ltr'>necessarias</span> <span class='ocrx_word' id='word_1_568' title='bbox 1833 1903 2096 1947; x_wconf 90' lang='lat' dir='ltr'>complectitur,</span> <span class='ocrx_word' id='word_1_569' title='bbox 2144 1904 2262 1945; x_wconf 88' lang='lat' dir='ltr'>fidem,</span> 
     </span>
     <span class='ocr_line' id='line_1_89' title="bbox 1274 1953 2261 1999; baseline 0.002 -13"><span class='ocrx_word' id='word_1_570' title='bbox 1274 1967 1363 1999; x_wconf 87' lang='lat' dir='ltr'>quae</span> <span class='ocrx_word' id='word_1_571' title='bbox 1382 1961 1431 1987; x_wconf 81' lang='lat' dir='ltr'>est.</span> <span class='ocrx_word' id='word_1_572' title='bbox 1447 1956 1525 1987; x_wconf 91' lang='lat' dir='ltr'>sons</span> <span class='ocrx_word' id='word_1_573' title='bbox 1544 1954 1616 1987; x_wconf 73' lang='lat' dir='ltr'>veri</span> <span class='ocrx_word' id='word_1_574' title='bbox 1638 1953 1749 1987; x_wconf 84' lang='lat' dir='ltr'>cultus</span> <span class='ocrx_word' id='word_1_575' title='bbox 1763 1953 1847 1994; x_wconf 85' lang='lat' dir='ltr'>Dei,</span> <span class='ocrx_word' id='word_1_576' title='bbox 1881 1961 1914 1987; x_wconf 86' lang='lat' dir='ltr'>et</span> <span class='ocrx_word' id='word_1_577' title='bbox 1936 1965 2039 1988; x_wconf 70' lang='lat' dir='ltr'>verae</span> <span class='ocrx_word' id='word_1_578' title='bbox 2064 1955 2261 1988; x_wconf 75' lang='lat' dir='ltr'>invocatio-</span> 
     </span>
     <span class='ocr_line' id='line_1_90' title="bbox 1273 2003 2260 2049; baseline 0.003 -13"><span class='ocrx_word' id='word_1_579' title='bbox 1273 2005 1347 2044; x_wconf 71' lang='lat' dir='ltr'>nis,</span> <span class='ocrx_word' id='word_1_580' title='bbox 1376 2005 1620 2045; x_wconf 83' lang='lat' dir='ltr'>dilectionem,</span> <span class='ocrx_word' id='word_1_581' title='bbox 1646 2006 1680 2037; x_wconf 92' lang='lat' dir='ltr'>id</span> <span class='ocrx_word' id='word_1_582' title='bbox 1701 2012 1761 2045; x_wconf 87' lang='lat' dir='ltr'>est,</span> <span class='ocrx_word' id='word_1_583' title='bbox 1790 2003 1937 2038; x_wconf 84' lang='lat' dir='ltr'>honesta</span> <span class='ocrx_word' id='word_1_584' title='bbox 1954 2006 2066 2039; x_wconf 79' lang='lat' dir='ltr'>officia</span> <span class='ocrx_word' id='word_1_585' title='bbox 2086 2019 2166 2049; x_wconf 89' lang='lat' dir='ltr'>erga</span> <span class='ocrx_word' id='word_1_586' title='bbox 2185 2019 2260 2039; x_wconf 81' lang='lat' dir='ltr'>ma-</span> 
     </span>
     <span class='ocr_line' id='line_1_91' title="bbox 1273 2056 2259 2100; baseline 0.003 -12"><span class='ocrx_word' id='word_1_587' title='bbox 1273 2056 1401 2097; x_wconf 88' lang='lat' dir='ltr'>ritum,</span> <span class='ocrx_word' id='word_1_588' title='bbox 1435 2058 1564 2090; x_wconf 82' lang='lat' dir='ltr'>liberos</span> <span class='ocrx_word' id='word_1_589' title='bbox 1589 2064 1621 2089; x_wconf 88' lang='lat' dir='ltr'>et</span> <span class='ocrx_word' id='word_1_590' title='bbox 1648 2063 1803 2090; x_wconf 82' lang='lat' dir='ltr'>caeteros</span> <span class='ocrx_word' id='word_1_591' title='bbox 1829 2058 1979 2100; x_wconf 74' lang='lat' dir='ltr'>gradus,</span> <span class='ocrx_word' id='word_1_592' title='bbox 2015 2057 2259 2091; x_wconf 85' lang='lat' dir='ltr'>sanctificatio-</span> 
     </span>
     <span class='ocr_line' id='line_1_92' title="bbox 1273 2108 2257 2152; baseline 0.001 -12"><span class='ocrx_word' id='word_1_593' title='bbox 1273 2121 1373 2147; x_wconf 86' lang='lat' dir='ltr'>nem,</span> <span class='ocrx_word' id='word_1_594' title='bbox 1418 2108 1452 2140; x_wconf 90' lang='lat' dir='ltr'>id</span> <span class='ocrx_word' id='word_1_595' title='bbox 1481 2114 1549 2148; x_wconf 82' lang='lat' dir='ltr'>est,</span> <span class='ocrx_word' id='word_1_596' title='bbox 1591 2108 1817 2152; x_wconf 89' lang='lat' dir='ltr'>pudicitiam,</span> <span class='ocrx_word' id='word_1_597' title='bbox 1853 2121 1913 2141; x_wconf 91' lang='lat' dir='ltr'>seu</span> <span class='ocrx_word' id='word_1_598' title='bbox 1937 2109 2153 2149; x_wconf 84' lang='lat' dir='ltr'>castitatem,</span> <span class='ocrx_word' id='word_1_599' title='bbox 2196 2121 2257 2142; x_wconf 86' lang='lat' dir='ltr'>seu</span> 
     </span>
     <span class='ocr_line' id='line_1_93' title="bbox 1272 2159 2257 2202; baseline 0.001 -11"><span class='ocrx_word' id='word_1_600' title='bbox 1272 2161 1373 2191; x_wconf 82' lang='lat' dir='ltr'>iidem</span> <span class='ocrx_word' id='word_1_601' title='bbox 1395 2159 1627 2202; x_wconf 75' lang='lat' dir='ltr'>coniugalem.</span> <span class='ocrx_word' id='word_1_602' title='bbox 1680 2159 1769 2192; x_wconf 85' lang='lat' dir='ltr'>Huic</span> <span class='ocrx_word' id='word_1_603' title='bbox 1784 2160 1881 2192; x_wconf 82' lang='lat' dir='ltr'>addit</span> <span class='ocrx_word' id='word_1_604' title='bbox 1901 2159 2026 2193; x_wconf 85' lang='lat' dir='ltr'>deinde</span> <span class='ocrx_word' id='word_1_605' title='bbox 2043 2159 2257 2192; x_wconf 83' lang='lat' dir='ltr'>moderatio-</span> 
     </span>
     <span class='ocr_line' id='line_1_94' title="bbox 1272 2210 2258 2255; baseline 0.001 -13"><span class='ocrx_word' id='word_1_606' title='bbox 1272 2223 1352 2243; x_wconf 91' lang='lat' dir='ltr'>nem</span> <span class='ocrx_word' id='word_1_607' title='bbox 1372 2211 1407 2243; x_wconf 88' lang='lat' dir='ltr'>in</span> <span class='ocrx_word' id='word_1_608' title='bbox 1425 2211 1589 2244; x_wconf 83' lang='lat' dir='ltr'>omnibus</span> <span class='ocrx_word' id='word_1_609' title='bbox 1608 2210 1866 2255; x_wconf 76' lang='lat' dir='ltr'>voluptatibus,</span> <span class='ocrx_word' id='word_1_610' title='bbox 1895 2211 1991 2251; x_wconf 87' lang='lat' dir='ltr'>cibo,</span> <span class='ocrx_word' id='word_1_611' title='bbox 2014 2217 2119 2255; x_wconf 86' lang='lat' dir='ltr'>potu,</span> <span class='ocrx_word' id='word_1_612' title='bbox 2147 2217 2258 2254; x_wconf 80' lang='lat' dir='ltr'>gestu,</span> 
     </span>
     <span class='ocr_line' id='line_1_95' title="bbox 1271 2260 2256 2306; baseline 0.003 -13"><span class='ocrx_word' id='word_1_613' title='bbox 1271 2274 1313 2293; x_wconf 89' lang='lat' dir='ltr'>ne</span> <span class='ocrx_word' id='word_1_614' title='bbox 1340 2262 1381 2295; x_wconf 87' lang='lat' dir='ltr'>sit</span> <span class='ocrx_word' id='word_1_615' title='bbox 1406 2263 1619 2303; x_wconf 85' lang='lat' dir='ltr'>temulenta,</span> <span class='ocrx_word' id='word_1_616' title='bbox 1652 2274 1802 2306; x_wconf 79' lang='lat' dir='ltr'>procax,</span> <span class='ocrx_word' id='word_1_617' title='bbox 1836 2262 1989 2296; x_wconf 87' lang='lat' dir='ltr'>insolens</span> <span class='ocrx_word' id='word_1_618' title='bbox 2013 2268 2076 2295; x_wconf 86' lang='lat' dir='ltr'>etc.</span> <span class='ocrx_word' id='word_1_619' title='bbox 2135 2260 2186 2295; x_wconf 86' lang='lat' dir='ltr'>Ita</span> <span class='ocrx_word' id='word_1_620' title='bbox 2213 2262 2256 2296; x_wconf 87' lang='lat' dir='ltr'>de</span> 
     </span>
     <span class='ocr_line' id='line_1_96' title="bbox 1270 2311 2257 2359; baseline 0.002 -14"><span class='ocrx_word' id='word_1_621' title='bbox 1270 2313 1438 2357; x_wconf 83' lang='lat' dir='ltr'>pudicitia</span> <span class='ocrx_word' id='word_1_622' title='bbox 1464 2314 1642 2359; x_wconf 85' lang='lat' dir='ltr'>loquitur,</span> <span class='ocrx_word' id='word_1_623' title='bbox 1684 2314 1716 2348; x_wconf 87' lang='lat'>1.</span> <span class='ocrx_word' id='word_1_624' title='bbox 1735 2311 1858 2347; x_wconf 85' lang='lat' dir='ltr'>Thess.</span> <span class='ocrx_word' id='word_1_625' title='bbox 1875 2311 1910 2354; x_wconf 80' lang='grc'>4,</span> <span class='ocrx_word' id='word_1_626' title='bbox 1927 2312 1977 2358; x_wconf 82' lang='grc'>(3.</span> <span class='ocrx_word' id='word_1_627' title='bbox 1995 2312 2064 2359; x_wconf 84' lang='grc'>4.);</span> <span class='ocrx_word' id='word_1_628' title='bbox 2092 2312 2187 2347; x_wconf 85' lang='lat' dir='ltr'>Haec</span> <span class='ocrx_word' id='word_1_629' title='bbox 2205 2319 2257 2348; x_wconf 86' lang='lat' dir='ltr'>est</span> 
     </span>
    </p>
   </div>
   <div class='ocr_carea' id='block_1_10' title="bbox 1278 1235 2104 1333">
    <p class='ocr_par' dir='ltr' id='par_1_15' title="bbox 1278 1235 2104 1333">
     <span class='ocr_line' id='line_1_97' title="bbox 1279 1235 1673 1281; baseline 0.008 -13"><span class='ocrx_word' id='word_1_630' title='bbox 1279 1235 1531 1280; x_wconf 85' lang='lat' dir='ltr'>comprehendi</span> <span class='ocrx_word' id='word_1_631' title='bbox 1548 1245 1673 1281; x_wconf 83' lang='lat' dir='ltr'>potest.</span> 
     </span>
     <span class='ocr_line' id='line_1_98' title="bbox 1278 1289 2104 1333; baseline 0.005 -14"><span class='ocrx_word' id='word_1_632' title='bbox 1278 1289 1438 1332; x_wconf 86' lang='lat' dir='ltr'>perantia</span> <span class='ocrx_word' id='word_1_633' title='bbox 1460 1289 1495 1320; x_wconf 89' lang='lat' dir='ltr'>in</span> <span class='ocrx_word' id='word_1_634' title='bbox 1512 1289 1588 1322; x_wconf 78' lang='lat' dir='ltr'>cibo</span> <span class='ocrx_word' id='word_1_635' title='bbox 1607 1296 1637 1321; x_wconf 87' lang='lat' dir='ltr'>et</span> <span class='ocrx_word' id='word_1_636' title='bbox 1656 1296 1740 1333; x_wconf 88' lang='lat' dir='ltr'>potu</span> <span class='ocrx_word' id='word_1_637' title='bbox 1758 1295 1905 1321; x_wconf 60' lang='lat' dir='ltr'>vocatur</span> <span class='ocrx_word' id='word_1_638' title='bbox 1921 1289 2104 1323; x_wconf 79' lang='lat' dir='ltr'>sobrietas.</span> 
     </span>
    </p>
   </div>
   <div class='ocr_carea' id='block_1_11' title="bbox 1300 2455 2255 2652">
    <p class='ocr_par' dir='ltr' id='par_1_16' title="bbox 1300 2455 2255 2652">
     <span class='ocr_line' id='line_1_99' title="bbox 1300 2455 2255 2488; baseline 0.001 -7"><span class='ocrx_word' id='word_1_639' title='bbox 1300 2455 1347 2487; x_wconf 81' lang='lat'>67)</span> <span class='ocrx_word' id='word_1_640' title='bbox 1367 2455 1519 2485; x_wconf 73' lang='lat' dir='ltr'>Explicatio</span> <span class='ocrx_word' id='word_1_641' title='bbox 1551 2457 1601 2480; x_wconf 81' lang='lat' dir='ltr'>hac</span> <span class='ocrx_word' id='word_1_642' title='bbox 1625 2462 1693 2480; x_wconf 83' lang='lat' dir='ltr'>voce</span> <span class='ocrx_word' id='word_1_643' title='bbox 1717 2456 1743 2479; x_wconf 87' lang='lat' dir='ltr'>in</span> <span class='ocrx_word' id='word_1_644' title='bbox 1768 2455 1850 2480; x_wconf 75' lang='lat' dir='ltr'>Editt.</span> <span class='ocrx_word' id='word_1_645' title='bbox 1872 2455 1945 2478; x_wconf 70' lang='lat'>1545.</span> <span class='ocrx_word' id='word_1_646' title='bbox 1972 2458 1998 2479; x_wconf 81' lang='lat' dir='ltr'>et</span> <span class='ocrx_word' id='word_1_647' title='bbox 2027 2456 2101 2480; x_wconf 71' lang='lat'>1546.</span> <span class='ocrx_word' id='word_1_648' title='bbox 2124 2456 2255 2488; x_wconf 75' lang='lat' dir='ltr'>inscripta</span> 
     </span>
     <span class='ocr_line' id='line_1_100' title="bbox 1336 2490 2254 2521; baseline 0.003 -8"><span class='ocrx_word' id='word_1_649' title='bbox 1336 2493 1439 2521; x_wconf 78' lang='lat' dir='ltr'>spectat</span> <span class='ocrx_word' id='word_1_650' title='bbox 1456 2492 1490 2514; x_wconf 81' lang='lat' dir='ltr'>ad</span> <span class='ocrx_word' id='word_1_651' title='bbox 1503 2491 1616 2516; x_wconf 78' lang='lat' dir='ltr'>Aristot.</span> <span class='ocrx_word' id='word_1_652' title='bbox 1632 2492 1692 2515; x_wconf 83' lang='lat' dir='ltr'>Eth.</span> <span class='ocrx_word' id='word_1_653' title='bbox 1711 2491 1727 2515; x_wconf 88' lang='lat' dir='ltr'>l.</span> <span class='ocrx_word' id='word_1_654' title='bbox 1742 2490 1766 2514; x_wconf 87' lang='grc'>3,</span> <span class='ocrx_word' id='word_1_655' title='bbox 1787 2496 1809 2513; x_wconf 89' lang='lat' dir='ltr'>c.</span> <span class='ocrx_word' id='word_1_656' title='bbox 1826 2490 1961 2516; x_wconf 79' lang='lat'>¹0—12..</span> <span class='ocrx_word' id='word_1_657' title='bbox 1982 2490 2026 2513; x_wconf 83' lang='lat' dir='ltr'>uhi</span> <span class='ocrx_word' id='word_1_658' title='bbox 2045 2491 2077 2514; x_wconf 87' lang='lat' dir='ltr'>de</span> <span class='ocrx_word' id='word_1_659' title='bbox 2096 2492 2254 2521; x_wconf 79' lang='lat' dir='ltr'>temperan-</span> 
     </span>
     <span class='ocr_line' id='line_1_101' title="bbox 1335 2524 2254 2555; baseline 0 -6"><span class='ocrx_word' id='word_1_660' title='bbox 1335 2527 1372 2549; x_wconf 81' lang='lat' dir='ltr'>tia</span> <span class='ocrx_word' id='word_1_661' title='bbox 1392 2526 1521 2553; x_wconf 74' lang='lat' dir='ltr'>disserit,</span> <span class='ocrx_word' id='word_1_662' title='bbox 1553 2528 1692 2555; x_wconf 82' lang='lat' dir='ltr'>postquam</span> <span class='ocrx_word' id='word_1_663' title='bbox 1711 2532 1732 2548; x_wconf 92' lang='lat' dir='ltr'>c.</span> <span class='ocrx_word' id='word_1_664' title='bbox 1745 2525 1833 2547; x_wconf 82' lang='lat'>6-9.</span> <span class='ocrx_word' id='word_1_665' title='bbox 1854 2524 1886 2546; x_wconf 76' lang='lat' dir='ltr'>de</span> <span class='ocrx_word' id='word_1_666' title='bbox 1906 2525 2065 2548; x_wconf 79' lang='lat' dir='ltr'>fortitudine</span> <span class='ocrx_word' id='word_1_667' title='bbox 2085 2526 2200 2549; x_wconf 80' lang='lat' dir='ltr'>dixerat.</span> <span class='ocrx_word' id='word_1_668' title='bbox 2220 2539 2254 2544; x_wconf 91' lang='lat'>-—</span> 
     </span>
     <span class='ocr_line' id='line_1_102' title="bbox 1333 2558 2252 2589; baseline 0 -5"><span class='ocrx_word' id='word_1_669' title='bbox 1333 2561 1362 2584; x_wconf 87' lang='lat' dir='ltr'>ln</span> <span class='ocrx_word' id='word_1_670' title='bbox 1376 2560 1459 2583; x_wconf 79' lang='lat' dir='ltr'>Editt.</span> <span class='ocrx_word' id='word_1_671' title='bbox 1478 2560 1550 2584; x_wconf 81' lang='lat'>1532.</span> <span class='ocrx_word' id='word_1_672' title='bbox 1566 2562 1592 2583; x_wconf 82' lang='lat' dir='ltr'>et</span> <span class='ocrx_word' id='word_1_673' title='bbox 1609 2560 1680 2582; x_wconf 84' lang='lat'>1535.</span> <span class='ocrx_word' id='word_1_674' title='bbox 1701 2559 1766 2582; x_wconf 82' lang='lat' dir='ltr'>haec</span> <span class='ocrx_word' id='word_1_675' title='bbox 1784 2558 1927 2587; x_wconf 79' lang='lat' dir='ltr'>inscriptio</span> <span class='ocrx_word' id='word_1_676' title='bbox 1946 2566 2005 2583; x_wconf 80' lang='lat' dir='ltr'>cuin</span> <span class='ocrx_word' id='word_1_677' title='bbox 2024 2560 2145 2589; x_wconf 82' lang='lat' dir='ltr'>sequenti</span> <span class='ocrx_word' id='word_1_678' title='bbox 2166 2560 2252 2589; x_wconf 81' lang='lat' dir='ltr'>deest,</span> 
     </span>
     <span class='ocr_line' id='line_1_103' title="bbox 1333 2593 2252 2624; baseline 0.001 -7"><span class='ocrx_word' id='word_1_679' title='bbox 1333 2595 1405 2624; x_wconf 78' lang='lat' dir='ltr'>quod</span> <span class='ocrx_word' id='word_1_680' title='bbox 1424 2594 1540 2618; x_wconf 80' lang='lat' dir='ltr'>librillL</span> <span class='ocrx_word' id='word_1_681' title='bbox 1558 2593 1698 2617; x_wconf 74' lang='lat' dir='ltr'>enarratio</span> <span class='ocrx_word' id='word_1_682' title='bbox 1717 2593 1764 2617; x_wconf 89' lang='lat' dir='ltr'>iilo</span> <span class='ocrx_word' id='word_1_683' title='bbox 1791 2593 1823 2616; x_wconf 80' lang='lat' dir='ltr'>de</span> <span class='ocrx_word' id='word_1_684' title='bbox 1847 2593 1989 2617; x_wconf 74' lang='lat' dir='ltr'>affectibus</span> <span class='ocrx_word' id='word_1_685' title='bbox 2013 2600 2140 2619; x_wconf 81' lang='lat' dir='ltr'>sermone</span> <span class='ocrx_word' id='word_1_686' title='bbox 2164 2594 2192 2618; x_wconf 88' lang='lat' dir='ltr'>in</span> <span class='ocrx_word' id='word_1_687' title='bbox 2217 2595 2252 2619; x_wconf 81' lang='lat' dir='ltr'>iis</span> 
     </span>
     <span class='ocr_line' id='line_1_104' title="bbox 1332 2629 1436 2652; baseline 0 -1"><span class='ocrx_word' id='word_1_688' title='bbox 1332 2629 1436 2652; x_wconf 81' lang='lat' dir='ltr'>finitur.</span> 
     </span>
    </p>
   </div>
   <div class='ocr_carea' id='block_1_12' title="bbox 1296 2677 2251 2743">
    <p class='ocr_par' dir='ltr' id='par_1_17' title="bbox 1296 2677 2251 2743">
     <span class='ocr_line' id='line_1_105' title="bbox 1296 2677 2251 2710; baseline 0.001 -7"><span class='ocrx_word' id='word_1_689' title='bbox 1296 2678 1343 2709; x_wconf 70' lang='grc'>68)</span> <span class='ocrx_word' id='word_1_690' title='bbox 1364 2680 1402 2703; x_wconf 85' lang='lat' dir='ltr'>De</span> <span class='ocrx_word' id='word_1_691' title='bbox 1422 2680 1519 2708; x_wconf 80' lang='lat' dir='ltr'>quarta</span> <span class='ocrx_word' id='word_1_692' title='bbox 1537 2678 1654 2707; x_wconf 81' lang='lat' dir='ltr'>virtute,</span> <span class='ocrx_word' id='word_1_693' title='bbox 1674 2677 1732 2701; x_wconf 72' lang='lat' dir='ltr'>scit.</span> <span class='ocrx_word' id='word_1_694' title='bbox 1754 2677 1785 2700; x_wconf 80' lang='lat' dir='ltr'>dc</span> <span class='ocrx_word' id='word_1_695' title='bbox 1805 2678 1939 2701; x_wconf 75' lang='lat' dir='ltr'>modestia</span> <span class='ocrx_word' id='word_1_696' title='bbox 1956 2680 1983 2702; x_wconf 85' lang='lat' dir='ltr'>et</span> <span class='ocrx_word' id='word_1_697' title='bbox 2002 2679 2182 2710; x_wconf 84' lang='lat' dir='ltr'>temperantia</span> <span class='ocrx_word' id='word_1_698' title='bbox 2201 2679 2251 2705; x_wconf 88' lang='lat' dir='ltr'>Ci-</span> 
     </span>
     <span class='ocr_line' id='line_1_106' title="bbox 1330 2712 1942 2743; baseline -0.002 -6"><span class='ocrx_word' id='word_1_699' title='bbox 1330 2720 1393 2738; x_wconf 77' lang='lat' dir='ltr'>cere</span> <span class='ocrx_word' id='word_1_700' title='bbox 1412 2713 1445 2736; x_wconf 83' lang='lat' dir='ltr'>de</span> <span class='ocrx_word' id='word_1_701' title='bbox 1464 2713 1534 2737; x_wconf 81' lang='lat' dir='ltr'>offic.</span> <span class='ocrx_word' id='word_1_702' title='bbox 1556 2713 1573 2736; x_wconf 85' lang='lat'>1.</span> <span class='ocrx_word' id='word_1_703' title='bbox 1589 2712 1609 2735; x_wconf 84' lang='lat'>1.</span> <span class='ocrx_word' id='word_1_704' title='bbox 1629 2718 1651 2736; x_wconf 87' lang='lat' dir='ltr'>c.</span> <span class='ocrx_word' id='word_1_705' title='bbox 1668 2712 1794 2736; x_wconf 70' lang='lat'>27—42.</span> <span class='ocrx_word' id='word_1_706' title='bbox 1814 2712 1942 2743; x_wconf 83' lang='lat' dir='ltr'>loquitur.</span> 
     </span>
    </p>
   </div>
  </div>
 </body>
</html>
