2347 3000
233 145 279 180 51
505 141 706 177 SCRIPTA
729 140 803 175 PH.
827 138 939 174 MEL.
965 137 1031 172 AD
1058 134 1265 171 ETHICEN
1293 132 1357 167 ET
1384 131 1640 168 POLITICEN
1668 130 1976 168 SPECTANTIA.

233 231 288 265 tis.
341 228 406 262 Hic
435 228 609 274 appetitus
632 233 779 261 vocatur
802 224 973 260 naturalis
991 223 1084 267 apud
1101 220 1212 254 medi-

234 294 313 322 cos,
341 280 402 326 qui
431 280 544 313 oritur
572 279 814 324 principaliter
841 289 859 310 a
885 275 1042 321 potentia
1074 278 1212 315 vegeta-

234 333 325 371 tiva,
349 331 486 365 etiamsi
502 331 659 364 serviunt
678 331 713 362 in
729 331 818 362 fame
837 327 1009 373 quaedam
1025 324 1213 363 motiones,

232 390 273 417 ut
291 395 370 417 cum
396 380 630 415 melancholia
655 381 771 414 irritat
786 381 914 412 samem
934 377 970 409 in
989 375 1124 409 orificio
1143 381 1213 408 sto-

234 432 361 467 machi.
421 434 608 467 Caeterum
637 444 768 475 organa
796 427 923 462 barum
953 427 1213 472 appetitionum

234 491 316 519 sunt
349 484 659 523 011111i21,1ncinl›ra
694 480 862 524 disposita
894 480 938 512 ad
968 478 1214 512 nutritionem.

234 536 287 569 De
311 533 377 569 hoc
402 536 517 579 primo
543 535 652 578 gradu
676 531 765 565 nihil
791 532 984 564 admodum
1015 530 1215 574 disputatur

235 588 272 620 in
301 584 366 620 liae
388 586 593 632 quaestione
617 586 658 618 de
683 582 876 616 affectibus.
927 582 1107 615 Secundus
1138 591 1216 623 gra-

235 640 299 671 dus
317 644 367 671 est
383 637 615 681 appetitiones
631 647 816 674 sensuum,
838 633 958 679 quales
974 638 1055 666 sunt
1070 632 1105 663 in
1122 636 1217 663 tactu

235 689 338 722 dolor
364 694 396 720 et
423 687 621 720 delectatio.
674 686 810 719 Deinde
837 691 953 718 motus
977 682 1112 721 cordis,
1147 681 1217 713 lae-

237 740 331 778 titia,
360 738 520 778 tristitia,
547 749 646 781 spes,
673 743 807 776 metus,
836 747 955 775 amor,
984 734 1124 771 odium,
1153 731 1217 770 ira,

235 789 488 824 misericordia.
534 788 676 821 Tertius
692 789 820 832 gradus
837 793 888 819 est
907 784 1077 830 appetitio
1093 783 1218 815 volun-

236 841 329 874 tatis.
383 840 450 873 Sed
466 838 548 873 huic
574 852 715 885 quoque
739 838 846 871 servit
863 849 923 869 cor
943 837 978 868 in
996 835 1127 868 ciendis
1142 845 1218 866 mo—

237 892 340 925 tibus.
394 890 476 924 Ideo
502 892 694 924 secundum
717 896 749 921 et
773 888 916 921 tertium
936 888 1084 931 gradum
1102 885 1139 917 in
1161 886 1219 917 de.-

236 942 397 976 smitione
425 942 649 985 coniungam.
708 939 882 977 Affectus,
917 938 978 983 qui
1002 937 1050 970 sie
1074 935 1218 981 proprie

237 994 384 1033 dicitur,
413 1000 463 1027 est
488 999 623 1031 motus,
647 991 855 1036 quolsensus
873 995 934 1022 aut
950 989 1113 1022 voluntas
1138 999 1219 1031 pro-

238 1044 397 1090 sequitur
425 1050 485 1077 aut
514 1043 601 1086 sugit
637 1054 710 1074 rem
741 1041 908 1074 oblatam.
966 1038 1220 1073 Delectationis

238 1109 279 1129 ac
302 1095 437 1129 doloris
461 1095 496 1126 in
526 1100 636 1131 tactu,
666 1104 837 1133 organum
864 1097 915 1125 est
940 1097 1013 1125 rete
1039 1091 1219 1136 quoddam

238 1158 429 1185 nervenm,
451 1157 611 1189 sparsum
629 1155 692 1187 per
709 1149 820 1176 totam
839 1155 1000 1183 carnem,
1022 1142 1086 1176 sub
1106 1141 1219 1185 prima

238 1204 337 1237 cute,
365 1208 453 1242 quae
476 1196 610 1228 corimn
636 1200 794 1228 vocatur.
848 1194 915 1227 Sed
933 1200 1153 1228 caeterorum
1173 1192 1221 1224 af-

238 1250 393 1282 fectuum
420 1247 599 1286 omnium,
628 1245 689 1290 qui
713 1258 786 1278 non
811 1245 990 1289 pertinent
1009 1246 1051 1277 ad
1077 1249 1221 1281 tactum,

239 1311 412 1344 organum
442 1304 492 1331 est
515 1309 592 1336 cor,
626 1297 720 1341 quod
746 1296 817 1330 suis
840 1296 931 1329 villis
958 1302 1018 1329 aut
1041 1295 1222 1331 dilatatur,

238 1357 278 1384 ut
301 1350 337 1382 in
358 1348 510 1388 laetitia,
539 1354 599 1381 aut
615 1347 886 1391 constringitur,
915 1352 948 1379 et
966 1346 1065 1391 quasi
1082 1344 1222 1387 refugit,

238 1407 278 1435 nt
300 1402 337 1433 in
362 1399 501 1433 tristitia
525 1405 584 1431 aut
605 1404 713 1431 metu.
766 1398 1033 1441 Propemodum
1058 1395 1164 1440 igitur
1184 1400 1224 1427 ut

238 1453 376 1497 pulsata
400 1450 487 1483 cutis
511 1449 682 1489 afficitur,
710 1448 758 1481 ita
785 1460 846 1481 cor
870 1448 1064 1492 impellitur
1085 1459 1123 1479 re
1140 1458 1223 1479 con-

239 1503 423 1541 veniente,
452 1507 511 1534 aut
534 1512 608 1533 non
635 1500 867 1533 conveniente
890 1500 1019 1533 oblata.
1072 1497 1119 1530 Et
1141 1503 1223 1530 sunt

242 1554 317 1588 villi
347 1554 384 1585 in
408 1553 513 1585 corde
542 1553 587 1584 ad
615 1548 680 1585 hos
706 1557 823 1584 motus
850 1550 981 1584 idonei.
1041 1547 1222 1583 Admirari

241 1604 333 1640 hanc
356 1603 627 1637 inenarrabilem
654 1602 860 1635 varietatem
880 1608 1043 1635 motuum
1063 1600 1099 1632 in
1118 1600 1222 1632 corde

243 1668 447 1701 possumus,
474 1654 614 1698 penitus
641 1659 760 1686 autem
785 1652 982 1698 perspicere
1000 1652 1125 1685 talium
1147 1662 1223 1683 mo-

244 1714 344 1741 tuum
368 1718 487 1739 causas
509 1717 582 1738 non
601 1717 800 1749 possumus.
853 1704 944 1736 Hinc
962 1703 1069 1747 igitur
1088 1708 1223 1736 utrum-

245 1770 312 1804 que
341 1756 490 1801 intelligi
518 1762 652 1801 potest,
688 1756 772 1801 quid
803 1755 848 1788 sit
873 1755 1035 1793 affectus,
1068 1754 1223 1787 Galenus

245 1808 401 1855 quaerit,
436 1819 479 1840 an
502 1808 572 1840 sint
598 1813 715 1840 motus
742 1807 940 1846 naturales,
975 1812 1036 1839 aut
1060 1804 1222 1837 violenti:

245 1867 280 1893 et
297 1861 339 1893 de
357 1859 592 1892 mediocribus
607 1859 799 1902 respondet
813 1870 885 1891 esse
900 1863 1018 1891 motus
1034 1856 1224 1893 naturales,

245 1912 282 1945 id
309 1917 379 1950 est,
407 1922 559 1955 quorum
585 1909 800 1953 principium
822 1921 897 1942 non
921 1920 1065 1953 prorsus
1083 1906 1226 1940 advenit

247 1962 470 1995 extrinsecus.
522 1960 751 1993 Innnoderati
774 1966 890 1994 autem
915 1965 1149 2004 corrumpunt
1164 1970 1227 1990 na-

247 2019 385 2052 turam,
420 2013 508 2045 sicut
532 2024 651 2045 cursus
676 2012 941 2045 immoderatus.
995 2011 1062 2044 Sed
1086 2016 1226 2055 praeter

248 2064 390 2097 affectus
412 2069 494 2096 sunt
519 2063 576 2094 alii
601 2063 671 2095 dno
695 2069 812 2096 motus
837 2063 971 2102 cordis,
998 2063 1119 2106 pulsus
1138 2067 1227 2093 arte—

248 2115 382 2148 riarum
402 2120 435 2146 et
451 2112 594 2157 παλμὸς
608 2126 669 2147 seu
685 2113 869 2158 palpitatio
880 2140 888 2154 ,
911 2125 1057 2158 prorsus
1073 2112 1227 2146 distincti

248 2167 292 2199 ab
321 2165 512 2198 affectibus.
566 2165 638 2198 Nee
673 2165 946 2198 existimandum
979 2170 1030 2198 est
1062 2164 1227 2197 affectum

249 2229 320 2250 esse
348 2216 499 2261 speciem
525 2213 655 2248 horum
678 2216 830 2250 duorum
857 2222 1040 2255 motuum,
1075 2227 1154 2249 eum
1186 2214 1230 2248 sit

249 2268 410 2301 distincta
428 2266 559 2311 species
574 2266 617 2299 ab
636 2266 720 2300 istis.

251 2363 362 2396 Estne
375 2359 570 2405 probanda
587 2362 801 2395 Stoicorum
825 2357 1008 2400 ἀπάθεια,
1037 2361 1101 2405 qui
1125 2370 1231 2404 pror-

386 2431 449 2454 sus
465 2421 601 2454 tollunt
621 2416 785 2466 affectus
802 2429 851 2453 ex·
868 2417 1034 2453 natura?
1050 2418 1095 2464 53)

352 2485 597 2531 Nequaquam.
648 2485 816 2531 Duplices
847 2486 942 2520 enim
967 2493 1050 2521 sunt
1075 2486 1230 2521 affectus.

252 2537 320 2570 Alii
339 2550 415 2570 cnm
433 2538 571 2570 ratione
586 2538 829 2578 consentiunt,
852 2544 891 2571 ut
910 2550 1011 2571 amor
1028 2538 1229 2581 coniugum,

253 2589 466 2628 liberorum,
493 2589 737 2621 benevolentia
761 2601 842 2632 erga
860 2590 949 2622 hene
972 2589 1137 2629 meritos,
1165 2589 1230 2621 mi-

287 2706 335 2733 53)
358 2705 407 2735 qui
423 2700 747 2735 prorsus-natura&
773 2704 812 2726 sie
831 2704 897 2728 Edd.
921 2704 994 2727 1540.
1016 2704 1041 2727 ct
1063 2704 1152 2735 1546.;
1179 2704 1228 2729 Ed.

322 2740 395 2764 15:38.
415 2740 464 2769 qni
481 2738 653 2769 sinzplicicei·
671 2745 765 2762 omnes
784 2737 906 2770 affectus
926 2739 1099 2769 improbant.

2200 133 2249 169 52

1264 219 1456 254 sericordia
1488 231 1569 264 erga
1597 219 1840 259 calamitosos,
1869 218 1973 252 irasci
1996 215 2050 252 his
2079 218 2139 263 qui
2164 218 2249 252 inse-

1265 277 1349 305 runt
1372 270 1552 305 iniuriam.
1604 270 1649 304 Hi
1675 272 1819 304 affectus
1836 270 1921 303 boni
1941 275 2042 309 sunt,
2072 275 2106 302 et
2122 281 2250 303 vocan-

1265 329 1323 356 tur
1345 318 1499 370 στοργαὶ
1524 320 1698 368 φυσικαὶ,
1734 327 1904 366 erantque
1928 321 2039 354 futuri
2065 321 2101 353 in
2123 327 2250 354 natura

1265 372 1440 412 hominis,
1475 372 1613 405 etiamsi
1636 385 1709 405 non
1734 373 1854 407 suisset
1875 379 2040 417 corrupta
2068 372 2154 405 vitio
2182 371 2252 405 ori-

1267 424 1369 469 ginis.
1420 422 1466 456 Et
1487 421 1525 456 hi
1552 423 1696 456 affectus
1722 430 1804 458 sunt
1826 423 1978 468 impetus
2004 425 2047 457 ad
2072 425 2253 464 virtutem,

1268 478 1426 520 fiuntque
1452 474 1619 514 virtutes,
1646 486 1727 507 cum
1749 475 1882 507 accedit
1908 475 2077 508 iudicium
2103 474 2253 508 rationis

1269 527 1312 559 ad
1331 538 1389 558 eos
1406 525 1681 558 conformandos
1698 524 1756 571 51).
1797 525 1846 558 Ut
1861 526 1955 558 enim
1971 538 2081 571 equus
2100 538 2163 570 per
2179 537 2252 559 sese

1269 577 1370 610 velox
1390 576 1525 609 facilius
1545 575 1727 609 incitatur:
1756 576 1802 608 ita
1826 576 1960 610 facilius
1978 577 2068 619 regit
2083 577 2176 609 ratio
2192 588 2253 609 vo-

1270 629 1462 667 luntatem,
1487 639 1578 673 quae
1602 627 1792 660 adiuvatur
1815 633 1849 660 et
1874 627 2100 661 extimulatur
2121 640 2140 660 a
2156 627 2252 661 bono

1271 679 1409 712 affectu.
1461 677 1537 711 Iino
1557 677 1605 711 ita
1631 679 1773 711 demum
1792 679 1829 711 fit
1847 679 1999 722 perfecta
2018 679 2146 719 virtus,
2173 690 2253 712 cum

1271 730 1434 763 voluntas
1459 735 1492 763 et
1516 729 1661 764 affectus
1684 730 1818 774 pariter
1840 729 1971 763 rationi
1995 730 2254 774 obtemperant.

1272 781 1392 826 Quare
1408 781 1589 814 sciendum
1609 787 1678 821 est,
1706 793 1779 814 non
1797 793 1919 815 omnes
1935 781 2078 814 affectus
2095 792 2254 825 pugnare

1272 844 1352 866 cum
1370 832 1519 871 virtute,
1545 833 1606 865 sed
1632 833 1804 877 quosdam
1831 844 1902 866 esse
1919 832 2090 866 virtutum
2110 832 2255 865 incuna-

1271 884 1375 923 bula,
1403 896 1465 917 seu
1481 883 1706 917 adminicula.
1747 883 1819 916 Alii
1839 884 1981 917 affectus
1999 889 2081 917 sunt
2094 894 2255 928 pugnan-

1272 941 1322 968 tes
1341 947 1420 968 cum
1445 935 1584 968 ratione
1609 940 1643 968 et
1664 935 1736 978 lege
1754 934 1838 974 Dei,
1866 941 1905 968 ut
1925 941 2091 979 appetere
2112 933 2256 968 alterius

1272 987 1444 1020 fortunas.
1504 985 1610 1019 Tales
1634 992 1752 1019 motus
1779 992 1861 1019 sunt
1884 986 2012 1020 vitiosi.
2066 984 2169 1018 Unde
2195 995 2256 1018 au-

1273 1044 1344 1070 tem
1369 1035 1456 1070 haec
1481 1036 1729 1070 dissimilitudo
1755 1037 1800 1070 sit
1823 1038 2031 1077 affectuum,
2057 1042 2179 1081 postea
2203 1036 2256 1069 di-

1275 1100 1362 1122 cam.
1404 1087 1508 1122 Prius
1525 1088 1618 1121 enim
1641 1089 1817 1121 refutandi
1836 1095 1917 1121 sunt
1934 1088 2063 1128 Stoici,
2091 1094 2125 1121 et
2141 1093 2256 1121 osten-

1274 1140 1429 1173 dendum
1452 1151 1526 1171 non
1542 1139 1717 1172 tollendos
1742 1151 1813 1173 esse
1831 1140 1974 1173 affectus
1990 1152 2030 1172 ex
2046 1145 2174 1172 natura
2192 1136 2255 1171 ho-

1274 1191 1400 1230 minis,
1426 1202 1491 1223 nec
1515 1190 1643 1223 accersi
1665 1202 1724 1224 eos
1746 1197 1883 1224 tantum
1903 1191 2092 1235 opinione,
2117 1190 2178 1223 sed
2195 1200 2256 1222 na-

1275 1241 1436 1274 turaliter
1469 1241 1506 1273 in
1536 1238 1740 1273 hominibus
1771 1242 1928 1275 existere.
1979 1241 2111 1286 Estque
2140 1240 2256 1285 prima

1274 1292 1378 1325 ratio.
1432 1291 1528 1323 Deus
1546 1303 1620 1324 non
1639 1291 1797 1324 condidit
1812 1293 1941 1325 frustra
1961 1292 1998 1325 in
2017 1292 2258 1325 animantibus

1276 1354 1409 1387 organa
1426 1342 1627 1375 affectuum.
1661 1341 1751 1375 Sunt
1767 1349 1885 1376 autem
1899 1343 2108 1376 naturaliter
2123 1353 2256 1387 organa

1276 1394 1465 1426 affectuum
1489 1393 1526 1425 in
1542 1390 1759 1427 hominibus.
1793 1393 1888 1435 Ergo
1907 1394 2012 1427 etiarn
2029 1394 2171 1427 affectus
2189 1392 2258 1426 exi-

1275 1451 1372 1478 stunt
1387 1444 1423 1476 in
1442 1450 1570 1477 natura
1582 1470 1591 1483 ,
1621 1450 1655 1477 et
1679 1451 1761 1477 sunt
1782 1457 1836 1478 res
1855 1445 2025 1478 divinitus
2043 1445 2205 1478 conditae
2221 1443 2259 1477 in

1275 1502 1401 1528 natura
1426 1492 1593 1528 hominis.
1646 1494 1768 1528 ‘Minor
1793 1502 1844 1529 est
1860 1496 2046 1529 manifesta
2071 1508 2112 1529 ex
2129 1502 2257 1528 natura

1275 1558 1467 1580 nervorum
1479 1572 1488 1586 ‚
1517 1545 1578 1590 qui
1593 1552 1675 1579 sunt
1693 1557 1824 1590 organa
1848 1546 2090 1580 delectationis
2109 1552 2143 1579 et
2158 1545 2258 1579 dolo—

1275 1597 1336 1632 ris.
1385 1597 1495 1631 Nervi
1526 1603 1645 1630 autem
1677 1603 1760 1630 sunt
1788 1597 1959 1631 divinitus
1992 1597 2141 1631 conditit
2174 1608 2257 1641 ergo

1276 1661 1401 1682 eorum
1429 1648 1520 1681 actio
1552 1654 1604 1682 est
1626 1660 1681 1681 res
1708 1648 1900 1689 naturalis,
1933 1661 2008 1682 non
2030 1648 2185 1682 tollenda
2217 1660 2259 1682 ex

1277 1707 1416 1733 natura.

1377 1749 1465 1783 Item
1490 1756 1608 1784 motus
1625 1750 1740 1783 cordis
1760 1756 1843 1783 sunt
1856 1750 2055 1791 naturales,
2083 1749 2180 1784 etita
2201 1761 2258 1783 or-

1277 1801 1408 1841 dinati,
1444 1808 1483 1834 ut
1517 1802 1675 1834 cieantur
1708 1801 1854 1835 diversis
1885 1802 2051 1835 villorum
2084 1801 2257 1835 motibus:

1277 1853 1359 1885 item
1394 1858 1433 1885 ut
1461 1852 1590 1886 diversi
1620 1849 1788 1886 humores
1822 1853 1968 1887 diversis
2003 1852 2158 1886 motibus
2187 1863 2259 1885 ser-

1277 1904 1376 1936 viant
1386 1903 1414 1921 ⁵⁵
1435 1928 1443 1936 .
1494 1902 1534 1936 ln
1557 1903 1609 1936 ira
1624 1910 1740 1937 motus
1763 1904 1878 1937 cordis
1903 1905 1971 1938 ciet
1987 1903 2116 1937 flavam
2138 1903 2259 1943 bilem,

1279 1956 1315 1988 in
1336 1954 1476 1987 tristitia
1495 1955 1610 1988 cordis
1629 1960 1745 1988 motus
1764 1955 1829 1988 ciet
1852 1962 1966 1989 atram
1984 1955 2092 1988 bilem
2111 1966 2150 1987 ex
2168 1954 2258 1998 sple-

1279 2019 1340 2046 ne,
1369 2018 1458 2051 quae
1481 2006 1588 2040 effusa
1610 2005 1647 2038 in
1670 2006 1864 2046 moestitia,
1891 2018 1994 2051 saepe
2018 2006 2121 2038 affert
2146 2003 2259 2050 hypo-

1280 2056 1470 2090 chondrios
1493 2058 1644 2091 dolores.
1691 2056 1731 2089 ln
1749 2057 1876 2090 timore
1891 2057 2032 2102 sanguis
2049 2056 2200 2090 recurrit
2214 2056 2259 2089 ad

1281 2120 1351 2141 cor.
1377 2108 1423 2140 Hi
1439 2115 1555 2141 motus
1577 2114 1658 2141 sunt
1675 2109 1807 2141 conditi
1825 2109 1861 2142 in
1879 2115 2018 2144 natura.
2047 2108 2142 2152 Ergo
2158 2113 2193 2141 et
2209 2107 2258 2140 af-

1280 2161 1389 2193 fectus
1406 2165 1487 2193 sunt
1502 2159 1538 2192 in
1554 2165 1679 2192 natura
1697 2160 1842 2194 conditi.

1380 2211 1539 2244 Secunda
1568 2210 1672 2244 ratio.
1732 2211 1856 2251 Dona,
1889 2222 1979 2256 quae
2006 2208 2209 2243 immediate
2239 2221 2258 2242 a

1282 2261 1358 2294 Deo
1384 2261 1672 2305 proficiscuntur,
1700 2268 1782 2295 sunt
1801 2274 1858 2295 res
1877 2263 1992 2295 bonae
2017 2267 2051 2294 et
2073 2272 2147 2293 non
2171 2260 2258 2293 abii-

1283 2313 1437 2346 ciendae.
1490 2313 1633 2346 Heroici
1656 2320 1774 2347 motus
1795 2319 1877 2347 sunt
1899 2312 2049 2357 proprie
2063 2312 2157 2344 dona
2179 2311 2259 2352 Dei,

1283 2370 1316 2396 et
1332 2363 1534 2397 immediate
1552 2376 1571 2397 a
1588 2364 1665 2397 Deo
1687 2365 1976 2408 proficiscuntur,
2005 2363 2118 2408 qualis
2138 2369 2190 2396 est
2206 2363 2258 2396 ira

1282 2412 1444 2455 heroica,
1464 2422 1503 2449 ut
1520 2428 1598 2449 cnm
1615 2416 1858 2460 Scanderbego
1873 2414 1919 2459 58)
1943 2421 2156 2459 pugnaturn,
2180 2425 2258 2447 eru-

1315 2551 1362 2584 54)
1382 2552 1607 2582 conformandos]
1629 2552 1669 2576 sic
1687 2552 1735 2576 Ed.
1756 2552 1846 2580 1540.;
1874 2550 1922 2574 Ed.
1944 2550 2016 2574 1546.
2034 2551 2242 2578 confirmandos.

1315 2596 1365 2623 55)
1384 2595 1522 2623 serviant]
1543 2595 1583 2618 sic
1601 2595 1650 2618 Ed.
1669 2595 1761 2620 1540.;
1786 2593 1834 2617 Ed.
1857 2593 1930 2617 15⁴6.
1949 2593 2082 2616 serviunt.

1315 2639 1363 2665 56)
1379 2638 1561 2667 Scanderbcg,
1576 2637 1686 2667 proprie
1694 2636 1942 2664 GeorgCastriota.
1956 2636 2081 2659 Iohannis
2093 2636 2259 2669 Casti-iotae,

1350 2673 1425 2698 regis
1445 2673 1520 2701 Epiri
1539 2674 1565 2695 ct
1583 2672 1729 2695 Albaniae.
1750 2671 1821 2694 filins
1841 2676 1864 2694 a.
1887 2671 1959 2693 1404.
1980 2673 2071 2697 natus,
2090 2677 2166 2700 quem
2184 2672 2258 2695 obsi-

1350 2707 1408 2730 dem
1425 2708 1502 2736 pater
1520 2706 1632 2730 Min-ado
1647 2706 1694 2730 11..
1716 2706 1865 2729 'rui-carum
1879 2704 2002 2731 sultano,
2023 2705 2144 2735 dederat,
2163 2706 2195 2728 ab
2209 2706 2259 2730 hoc

1349 2742 1382 2766 ob
1406 2741 1528 2766 eximiam
1552 2740 1738 2765 fortitudinem
1762 2745 1858 2764 nomeu
1875 2739 2078 2771 lskenderbeg,
2105 2739 2174 2771 quod
2191 2740 2258 2764 Ate-
