2347 3000
88 139 159 175 149
636 136 663 172 I.

186 221 450 258 Halirrhothius
467 223 567 268 prior
583 223 702 257 intulit
720 223 900 263 iniuriam,
926 231 959 258 et
977 225 1011 257 in
1029 237 1066 257 ea

84 289 134 318 re,
152 290 241 323 quae
262 277 390 310 iustum
405 281 439 308 et
458 275 636 319 ingentem
654 275 813 308 dolorem
834 277 945 309 adfert
964 276 1067 320 patri.

85 329 178 374 Quia
195 329 301 373 igitur
317 333 419 372 pater
434 339 508 360 non
522 339 583 361 sua
603 327 807 371 cupiditate,
824 329 884 360 sed
901 328 1069 360 atrociter

85 381 242 414 irritatus
265 379 358 412 ultus
381 385 432 412 est
453 378 722 412 contumeliam:
762 379 866 412 iudex
888 392 959 412 non
987 392 1067 423 pro-

83 432 224 465 nuntiat
242 431 435 464 secundum
450 430 547 463 illam
564 430 675 474 legem
687 457 695 470 ‚
723 443 812 475 quae
832 431 933 474 punit
954 428 1067 463 homi-

83 484 177 516 cidas
191 482 385 516 saevientes
402 482 546 526 propria
565 482 769 526 cupiditate,
797 482 870 515 sine
889 482 1065 526 probabili

82 546 197 568 causa.
276 534 429 578 Propter
452 531 543 566 lianc
574 533 895 567 dissimilitudinem
918 533 1067 566 remittit

81 592 141 619 aut
166 585 303 629 mitigat
324 597 498 629 poenam,
530 585 737 629 praesertim
776 597 854 617 cum
880 585 916 617 in
944 584 1065 618 vicinis

81 637 217 671 casibus
243 643 363 681 aperte
387 638 600 669 concedatur
622 636 803 668 iracundia
833 636 962 679 patfis,
1005 643 1066 669 aut

81 688 221 727 mariti,
248 689 410 721 videlicet
427 689 462 720 in
477 700 591 732 poena
610 686 772 720 adulteri.

181 740 369 773 Praeterea
389 740 488 772 decet
501 739 614 777 Deos,
641 736 709 770 hoc
727 744 795 777 est,
823 750 921 781 reges
950 751 1064 770 exeni-

80 792 139 835 plo
158 804 220 825 suo
238 792 435 829 declarare,
461 802 496 823 se
514 802 588 822 non
611 789 734 821 leviter
755 789 858 822 irasci
877 789 1006 833 stupris
1032 796 1063 822 et

80 842 296 875 libidinibus.
348 840 430 874 Ideo
447 841 601 874 severius
624 840 787 884 punienti
806 840 941 874 facilius
965 841 1063 884 igno-

79 899 189 927 scunt.
218 890 442 937 Propterhas
453 905 573 926 causas
583 892 679 925 Mars
700 892 786 925 iuste
807 892 988 925 absolutus
1001 899 1062 925 est.

178 943 254 977 Etsi
270 950 387 977 autem
406 944 545 987 longius
565 956 768 988 progressus
787 949 834 976 est
848 970 856 983 ,
885 956 990 988 quam
1010 944 1063 976 lex

78 995 256 1035 concedit,
284 1001 402 1027 tamen
420 995 500 1040 quia
518 994 585 1027 hoc
602 996 731 1028 sactum
751 994 917 1027 dissimile
934 1002 983 1027 est
1000 993 1062 1027 ho-

76 1046 227 1080 micidiis
245 1046 323 1086 illis,
351 1058 441 1091 quae
460 1046 514 1078 lex
530 1047 656 1080 ultimo
678 1046 850 1090 supplicio
871 1047 984 1090 punit,
1001 1047 1062 1078 ali-

77 1104 129 1131 ter
142 1096 199 1131 hie
215 1097 441 1131 iudicandum
458 1097 534 1131 suit.
576 1097 731 1130 Proinde
747 1096 832 1129 haec
848 1098 965 1130 sabula
986 1110 1062 1129 mo-

78 1155 136 1182 net
152 1150 194 1182 de
212 1149 347 1182 duabus
365 1149 480 1182 rebus.

177 1200 338 1233 Primum
354 1200 524 1243 significat
543 1206 702 1243 stuprum
721 1199 866 1241 (liguum
880 1212 951 1233 esse
963 1200 1061 1243 gravi

75 1264 212 1295 poena,
240 1258 270 1283 et
296 1258 334 1284 ut
361 1252 436 1295 plus
453 1250 652 1283 autoritatis
669 1250 712 1282 sit
736 1251 771 1282 111
790 1252 969 1295 exemplo,
998 1252 1061 1283 fin—

76 1303 169 1346 gitur
185 1315 256 1335 csse
275 1302 433 1335 Deorum
462 1301 648 1340 iudicium,
676 1307 714 1333 ut
738 1302 929 1345 cogitemus
946 1301 1059 1335 Deum

75 1354 257 1398 requirere
270 1380 278 1393 ,
303 1360 342 1385 ut
359 1359 479 1396 stupra
501 1353 704 1396 puniantur.

178 1404 339 1437 Secundo
351 1431 359 1443 ‚
387 1409 508 1436 monet
524 1404 565 1435 de
583 1401 768 1443 ἐπιείκεια,
798 1404 894 1447 quod
914 1409 1060 1446 propter

76 1456 276 1498 probabiles
301 1466 422 1487 causas
444 1452 627 1486 homicidii
654 1465 789 1496 poenae
808 1454 986 1486 interdum
1006 1466 1059 1486 re—

74 1506 265 1538 mittendae
289 1512 349 1538 aut
371 1504 586 1548 mitigandae
611 1505 691 1537 sint.
768 1503 818 1537 lta
852 1504 887 1536 in
912 1504 950 1538 C.
977 1505 998 1537 l.
1013 1504 1059 1548 S¹)

45 1581 54 1584 ,
73 1554 253 1590 Gracchus
277 1556 408 1601 inquit:
436 1555 482 1589 Et
500 1568 571 1588 nox
601 1562 633 1588 et
658 1555 762 1588 dolor
792 1555 902 1589 iustus
928 1557 1057 1589 factum

73 1608 146 1641 eius
161 1608 294 1640 relevat
305 1606 364 1652 ⁸²).

173 1659 219 1692 Et
244 1659 371 1692 alicubi
397 1658 541 1697 accidit,
567 1664 607 1691 ut
629 1660 737 1691 frater
757 1669 902 1701 peregre
925 1658 1058 1697 abiens,

73 1710 332 1743 commendarit
354 1709 455 1743 fratri
477 1722 625 1743 uxorem
650 1709 930 1743 custodiendam.
993 1709 1057 1742 Hic

71 1762 182 1794 factus
198 1761 409 1794 familiarior
427 1761 530 1794 uxori
545 1761 683 1800 fratris,
711 1759 817 1793 habet
836 1773 914 1793 cum
938 1773 976 1793 ea
1005 1762 1057 1793 in-

72 1819 199 1846 cestam
225 1812 526 1846 consuetudinem.
579 1811 704 1845 Frater
721 1812 880 1851 rediens,
907 1825 944 1845 re
962 1825 1056 1845 com—

71 1870 169 1908 perta
182 1891 190 1904 ,
225 1864 389 1897 interficit
420 1865 577 1896 fratrem.
657 1863 883 1907 Magistratus
896 1891 904 1903 ,
936 1864 1054 1897 audita

72 1928 194 1955 causa,
220 1928 364 1960 prorsus
381 1915 476 1949 nulla
496 1927 610 1959 poena
627 1915 849 1948 afficiendum
867 1927 939 1948 esse
957 1922 1056 1949 auto-

71 1979 146 1998 rem
172 1967 286 2000 caedis
309 1965 413 2000 huius
439 1967 584 2000 censuit.
649 1966 765 1999 Tanta
789 1973 840 1999 est
866 1966 901 1999 in
927 1968 1055 1999 scelere

72 2017 190 2050 fratris
214 2018 416 2062 turpitudo,
450 2024 489 2051 ut
507 2030 640 2062 poenae
669 2018 891 2050 atrocitatem
917 2019 1055 2051 obruat.

70 2068 117 2101 lit
148 2069 309 2109 ,videatur
339 2069 565 2113 magistratus
601 2081 675 2101 non
704 2075 836 2102 temere
868 2082 950 2103 usus
984 2083 1055 2103 esse

72 2117 239 2154 ἐπιείκεια
256 2121 291 2153 in
308 2121 518 2154 remittenda
536 2133 649 2164 poena
668 2120 737 2160 illi,
765 2121 823 2165 qui
849 2122 990 2154 caedem
1009 2123 1056 2154 se-

71 2178 176 2205 cerat.

70 2249 128 2282 An
160 2249 352 2294 sponsalia
382 2252 463 2283 sine
498 2260 678 2282 consensu
699 2254 902 2293 parentum
927 2248 1056 2294 facta,

371 2308 526 2342 debeant
552 2320 631 2342 esse
656 2314 756 2343 rata.

172 2375 365 2421 Praecipue
389 2377 541 2421 pertinet
559 2378 602 2408 ad
620 2376 788 2410 iustitiam
807 2377 954 2410 societas
973 2389 1054 2409 con-

72 2426 204 2470 iugum.
256 2427 319 2461 Est
336 2429 429 2461 enim
447 2428 650 2471 coniugium
675 2428 821 2461 societas
844 2428 890 2460 ita
915 2434 1053 2461 contra-

73 2483 147 2517 cta,
174 2484 213 2510 ut
240 2479 369 2513 coniux
397 2480 586 2513 transferat
611 2479 663 2512 ius
697 2479 856 2523 corporis
880 2479 933 2512 sui
959 2487 1053 2512 certo

72 2529 180 2561 modo
196 2541 261 2572 pro
278 2530 353 2563 iure
370 2531 513 2564 alterius
531 2530 690 2575 corporis
702 2558 711 2569 ‚
739 2543 817 2563 cum
841 2531 883 2563 sit
910 2530 1053 2571 iustitia,

72 2580 266 2625 aequalitas
288 2582 454 2628 utrinque
481 2583 721 2615 conservi‘inda
741 2588 810 2621 est,
837 2588 876 2614 ut
900 2582 954 2614 vir
981 2595 1054 2615 non

106 2678 153 2710 231)
173 2680 200 2702 in
219 2679 249 2703 C.
268 2680 301 2707 1.]
327 2679 366 2702 sic
384 2681 451 2705 Edd.
474 2681 562 2706 1538..
588 2681 661 2705 1540.
685 2682 711 2704 et
733 2680 805 2705 1546.
825 2686 889 2709 pro:
911 2680 935 2703 iu
956 2681 1054 2704 Codice

141 2711 253 2744 legum?
273 2715 333 2737 aut:
353 2714 379 2737 in
398 2715 479 2738 citato
500 2717 558 2738 ioco
578 2722 624 2738 seu
644 2712 734 2738 iun-022

105 2746 152 2778 82)
172 2749 291 2778 relevat]
310 2749 349 2772 sic
368 2749 434 2773 Edd.
456 2750 529 2775 1538.
549 2751 575 2773 et
597 2750 687 2780 ¹540.;
708 2750 754 2774 Ed.
777 2749 849 2775 1546.
869 2750 983 2774 revetat.

715 136 1064 172 PHILOSOPHIAE
1093 137 1305 173 MORALIS
1330 138 1557 174 EPITOME.

1076 2738 1081 2769 Ι

2041 145 2112 181 150

1123 225 1167 258 sit
1186 232 1357 270 tyrannus
1374 226 1550 270 coniugis,
1585 227 1644 259 sed
1669 226 1799 260 iudicet
1823 240 1894 262 esse
1913 232 2107 276 aequalem,

1122 289 1196 309 11011
1213 278 1393 311 conculcet
1411 285 1579 323 tanquam
1600 278 1816 313 inferiorem.

1222 329 1319 362 Sicut
1332 329 1406 362 Eva
1425 330 1565 363 condita
1584 336 1634 363 est
1651 342 1691 362 ex
1709 336 1802 363 costa
1815 357 1823 370 ,
1846 344 1918 365 non
1936 344 1975 365 ex
1994 334 2106 378 capite

1122 386 1182 412 aut
1212 381 1376 423 pedibus,
1412 388 1451 414 ut
1479 380 1693 424 significetur
1719 383 1932 427 aequalitas,
1967 391 2000 417 et
2021 383 2106 418 haec

1121 430 1324 463 coniunctio
1349 439 1399 465 est
1424 439 1498 465 rata
1516 433 1589 477 lege
1614 432 1753 472 diviua,
1790 439 1823 466 et
1847 435 1920 477 lege
1946 442 2105 470 naturae.

1121 482 1327 526 Quaesitum
1346 490 1396 516 est
1411 491 1526 517 autem
1539 511 1547 523 ,
1575 496 1619 516 an
1638 484 1754 516 valeat
1771 478 1997 529 desponsatio
2015 489 2103 520 sacta

1119 533 1193 565 sine
1217 534 1407 566 autoritate
1435 542 1620 578 parentum
1649 541 1709 568 aut
1732 536 1904 577 aliorum,
1942 538 2002 583 qui
2025 546 2103 572 sunt

1119 583 1196 616 loco
1213 591 1412 628 parentum.
1452 586 1516 618 Hic
1536 587 1688 630 primum
1707 588 1862 621 recitabo
1878 595 1994 622 vetera
2014 590 2104 629 iura,

1119 647 1209 680 quae.
1225 636 1431 669 rescindunt
1446 638 1736 680 desponsationes
1759 640 1866 673 factas
1882 640 1956 673 sine
1972 642 2105 674 autori-

1120 693 1188 718 tate
1214 694 1415 730 parentum.
1477 688 1614 721 Deinde
1640 689 1754 721 dicam
1782 691 1825 723 de
1849 692 2104 726 recentioribus

1118 738 1307 781 pontificiis
1324 739 1485 779 decretis,
1502 752 1591 785 quac
1610 752 1707 773 secus
1726 742 1955 777 constituunt.
1981 744 2103 790 Neque

1117 787 1203 821 llaec
1219 802 1260 822 60
1277 790 1432 834 disputo,
1450 792 1546 836 quod
1566 791 1711 835 privatis
1729 795 1919 826 concedam
1931 796 2102 839 abrogare

1116 841 1280 873 usitatam
1300 842 1410 885 legem
1423 869 1431 881 ‚
1461 844 1521 875 sed
1539 854 1659 875 causas
1676 843 1897 887 quaerimus,
1925 852 1957 878 et
1973 847 2014 879 de
2030 860 2103 879 ma-

1116 892 1325 935 gistratuum
1346 893 1475 926 iudicio
1494 894 1641 939 loquor,
1670 896 1851 939 quomodo
1876 896 1911 928 in
1934 895 2001 930 hoc
2022 911 2103 932 casu

1116 956 1281 987 praesens
1304 945 1358 977 lex
1376 946 1594 978 moderanda
1614 945 1669 978 sit.
1722 946 1829 990 Quod
1848 954 1965 980 autem
1983 956 2100 982 vetera

1116 995 1191 1027 iura
1210 996 1413 1028 rescindant
1429 997 1719 1040 desponsatioues
1735 999 1843 1031 saetas
1868 999 1942 1032 sine
1970 1002 2102 1033 autori-

1116 1052 1184 1078 tate
1203 1054 1390 1091 parentmn
1403 1075 1412 1088 ‚
1438 1054 1575 1081 constat
1596 1061 1635 1080 ex
1652 1046 1936 1084 institutionibus
1947 1050 1993 1095 ⁸³)
2007 1079 2014 1091 ,
2042 1053 2102 1085 ubi

1116 1103 1228 1131 textus
1245 1099 1336 1131 clare
1354 1099 1486 1144 inquit:
1511 1099 1605 1132 Dum
1624 1106 1743 1132 tamen
1759 1100 1787 1133 si
1805 1101 1868 1133 filii
1884 1102 2100 1137 familiarum

1114 1155 1196 1182 suut
1207 1149 1252 1195 ⁸³)
1264 1177 1271 1189 ‚
1306 1163 1515 1184 consensum
1530 1148 1687 1183 habeant
1703 1159 1892 1195 parentum
1905 1180 1913 1192 ‚
1948 1167 2101 1199 quorum

1116 1200 1150 1232 in
1169 1207 1340 1244 potestate
1358 1208 1450 1235 sunt.
1503 1202 1595 1236 Nam
1612 1200 1679 1235 hoc
1696 1203 1770 1235 sieri
1787 1204 1926 1244 debere,
1943 1212 1975 1237 et
1991 1206 2102 1240 civilis

1115 1258 1149 1283 et
1175 1253 1347 1286 naturalis
1373 1253 1465 1286 ratio
1491 1255 1632 1293 suadet,
1668 1254 1705 1286 in
1733 1261 1891 1295 tantum,
1927 1263 1966 1289 ut
1992 1257 2102 1291 iussus

1115 1303 1270 1346 parentis
1292 1306 1502 1347 praecedere
1527 1305 1663 1337 debeat.
1716 1305 1761 1337 Et
1779 1306 1838 1339 30.
1855 1314 1989 1351 quaest.
2008 1307 2042 1342 5.
2056 1309 2101 1353 85)

1115 1354 1272 1397 pontifex
1289 1355 1472 1388 Evaristus
1494 1356 1560 1395 ait,
1590 1356 1633 1387 ad
1660 1356 1856 1399 legitimum
1883 1360 2101 1393 connubium

1113 1405 1247 1449 requiri
1277 1418 1484 1439 consensum
1510 1413 1711 1450 parentum.
1763 1407 1809 1440 Et
1831 1407 2040 1444 Ambrosius
2067 1412 2102 1444 iu

1114 1453 1260 1488 historia
1282 1456 1462 1489 Rebeccae
1486 1457 1655 1502 requirit,
1683 1464 1722 1490 ut
1747 1460 1889 1491 accedat
1913 1474 2101 1496 consensus

1113 1514 1314 1550 parentum,
1331 1508 1436 1553 idque
1454 1508 1502 1540 ait
1520 1509 1608 1540 adeo
1621 1507 1667 1554 3⁶)
1685 1505 1887 1550 honestum,
1908 1518 1941 1544 et
1954 1519 2101 1546 naturae

1113 1565 1390 1592 consentaneum
1408 1572 1499 1599 esse,
1526 1566 1566 1592 ut
1582 1559 1687 1592 etiam
1707 1567 1832 1604 poetae
1856 1561 1949 1595 idem
1975 1565 2101 1598 docue—

1112 1609 1195 1642 rint.
1254 1610 1297 1642 Et
1324 1611 1452 1654 allegat
1475 1610 1684 1655 Euripidem
1699 1611 1766 1657 ⁸⁷),
1801 1614 1896 1656 apud
1927 1628 2032 1659 quem
2066 1617 2101 1649 in

1111 1660 1363 1695 Andromache
1379 1674 1456 1695 cum
1477 1661 1619 1696 Orestes
1634 1669 1768 1706 peteret
1783 1665 1999 1699 connubium
2015 1667 2101 1700 Her-

1110 1713 1268 1752 miones,
1304 1711 1390 1746 baec
1407 1714 1613 1758 respondet:
1650 1726 1727 1746 eam
1756 1727 1830 1747 rem
1855 1717 2032 1760 pertinere
2058 1722 2099 1751 ad

1111 1764 1297 1797 arbitrium
1317 1765 1439 1808 patris.
1492 1764 1624 1798 Versus
1640 1772 1722 1798 sunt
1737 1763 1790 1798 hi:

1194 1821 1437 1862 Νυμφευμοῖῑων
1449 1824 1507 1862 μὲν
1523 1823 1584 1853 τῶν
1601 1821 1684 1862 ἐμῶν
1700 1822 1801 1863 πατὴρ
1818 1823 1894 1863 {side

1196 1875 1366 1914 ΙΠέριμνιιν
1383 1873 1460 1912 ἕξει,
1483 1870 1559 1904 κοῧκ
1571 1873 1617 1913 8⁵¹)
1632 1872 1709 1913 ἐμὸν
1725 1877 1842 1915 κρίνειν
1858 1874 1930 1906 τάδε
1943 1875 1999 1914 ⁸9).

1193 1927 1411 1963 Sponsaliorum
1430 1935 1559 1954 meorum
1574 1932 1658 1964 pater
1673 1936 1755 1955 meus

1195 1987 1291 2005 curam
1308 1977 1424 2006 habebit
1434 2000 1441 2014 ,
1465 1983 1494 2006 et
1509 1987 1565 2005 non
1579 1983 1623 2006 est
1640 1987 1736 2006 meum
1751 1984 1882 2007 statuere
1897 1979 1960 2008 hoc.

1109 2028 1186 2061 Huc
1210 2029 1352 2060 additur
1377 2029 1600 2061 consu-matio
1625 2041 1665 2061 ex
1690 2029 1857 2073 decalogo
1885 2029 2012 2075 (Exod.
2038 2034 2098 2068 20,

1112 2080 1204 2123 12.)ῑ
1248 2080 1396 2112 Honora
1418 2086 1556 2123 patrem
1583 2086 1617 2112 et
1641 2087 1811 2120 matrem,
1855 2083 1951 2126 quod
1984 2082 2098 2121 liberi,

1110 2144 1187 2165 cum
1209 2132 1359 2164 debeant
1375 2131 1614 2164 obedientiam
1625 2132 1844 2175 parentibus,
1861 2144 1934 2165 non
1945 2130 2098 2166 habeant

1110 2183 1161 2216 ius
1183 2183 1257 2216 sine
1283 2183 1425 2215 illorum
1450 2195 1624 2215 consensu
1650 2181 1896 2217 contrahendi.
1947 2184 1991 2217 Et
2018 2197 2095 2217 cum

1109 2235 1178 2268 sint
1203 2234 1238 2266 in
1253 2240 1426 2278 potestate
1452 2240 1638 2277 parentum
1653 2261 1661 2273 ,
1690 2233 1903 2267 contrahens
1924 2241 2095 2280 tanquam

1107 2286 1229 2319 furtim
1254 2285 1397 2318 abducit
1419 2285 1570 2318 alienam
1595 2297 1796 2329 personam.
1858 2286 2010 2330 Propter
2034 2285 2097 2319 bas

1141 2404 1188 2435 83)
1208 2404 1340 2427 lastitutt.
1370 2403 1386 2425 1.
1414 2402 1432 2426 1.
1458 2402 1498 2425 tit.
1520 2401 1559 2424 10.
1587 2400 1611 2423 in
1637 2400 1776 2430 principio.
1798 2401 1895 2431 (corp.
1915 2401 1963 2425 iur.
1983 2402 2034 2425 civ.
2055 2405 2094 2426 ed.

1179 2439 1258 2462 Beck.
1279 2439 1307 2461 T.
1327 2437 1345 2461 l.
1367 2437 1395 2460 P.
1417 2437 1435 2460 l.
1457 2444 1481 2465 p.
1499 2437 1549 2462 8.).

1142 2475 1188 2503 84)
1209 2473 1232 2495 si
1253 2472 1300 2495 filii
1320 2471 1482 2494 familiarum
1501 2470 1578 2497 suut]
1597 2468 1637 2491 sic
1656 2468 1680 2491 in
1702 2469 1784 2492 Editt.
1805 2470 1875 2499 Epit.
1896 2470 1987 2497 1538.,
2018 2472 2090 2494 1540.

1177 2510 1203 2531 et
1226 2507 1317 2534 1546.;
1337 2506 1363 2528 in
1382 2505 1512 2528 Institutt.
1532 2503 1663 2532 scriptum
1682 2505 1739 2526 est:
1759 2503 1782 2527 si
1801 2504 1968 2527 filiifamilias
1990 2505 2054 2529 sint.

1140 2544 1188 2571 85)
1209 2540 1316 2564 Det-reti
1336 2539 1455 2562 secunda
1473 2544 1538 2567 pai-s
1557 2543 1639 2560 causa
1652 2537 1694 2561 30.
1715 2540 1820 2567 quaest.
1834 2539 1859 2562 5.
1879 2545 1938 2569 cap.
1956 2540 1977 2563 1.
1997 2540 2092 2569 (Corp.

1178 2577 1226 2599 iur.
1247 2581 1343 2598 canon.
1363 2573 1403 2596 ed.
1424 2573 1542 2596 Richter.
1563 2571 1591 2595 P.
1611 2571 1629 2595 Ι.
1650 2579 1675 2601 p.
1692 2571 1776 2600 9580.

1141 2610 1187 2641 86)
1208 2610 1291 2637 adeo]
1314 2608 1353 2631 sic
1372 2607 1437 2630 Edd.
1459 2606 1533 2629 1538.
1553 2607 1580 2629 et
1602 2606 1693 2635 1540.;
1713 2606 1760 2630 Ed.
1785 2607 1859 2631 1546.
1880 2607 1949 2631 ideo.

1140 2646 1187 2675 87)
1208 2643 1377 2673 Euripidem]
1397 2641 1436 2664 sic
1453 2641 1501 2664 Ed.
1519 2640 1609 2668 1546.;
1628 2640 1695 2663 Edd.
1710 2641 1784 2665 1538.
1804 2643 1830 2664 et
1847 2642 1919 2665 1540.
1939 2642 2091 2672 Euripides.

1140 2682 1188 2707 158>
1209 2675 1288 2706 κούκ]
1308 2678 1347 2701 sic
1368 2683 1400 2699 ex
1420 2675 1538 2698 editione
1557 2675 1607 2698 los.
1628 2675 1768 2706 Barnesii3
1795 2676 1876 2700 ΕΔΜ.
1903 2676 1970 2707 Epit.
1996 2678 2093 2700 habent

1174 2722 1186 2736 ‘l
1199 2720 1255 2735 02¹2.

1142 2750 1188 2779 89)
1210 2747 1299 2776 Eun-ip.
1321 2744 1524 2779 Andronu988.
1547 2743 1608 2767 989.
