2347 3000
199 93 272 128 347

200 180 296 212 iubet
319 177 407 211 tueri
431 188 657 210 communem
684 185 826 218 pacem,
867 178 901 204 et
922 178 1004 203 tunc
1030 171 1187 210 demum,

199 244 277 264 cum
304 230 393 263 iusta
417 241 519 261 causa
545 234 593 260 est
622 225 823 270 pugnandi,
862 222 946 254 sorti
977 222 1097 254 animo
1124 234 1187 265 pu-

199 294 320 326 gnare.
374 280 526 313 lniustus
549 285 581 311 et
605 277 754 309 crudelis
781 280 831 307 cst
848 273 958 312 Cato,
984 284 1057 305 non
1074 273 1188 311 fortis,

198 346 277 366 cum
293 332 358 365 sibi
377 331 440 375 ipsi
463 337 612 363 mortem
640 326 838 363 consciscit,
874 324 956 369 quia
982 330 1104 356 contra
1136 323 1188 356 iu-

199 384 329 417 dicium
363 389 477 415 rectae
507 378 654 413 rationis
682 377 774 409 facit.
836 375 930 408 llaec
953 375 1187 408 declarandae

199 434 414 468 definitionis
430 445 530 465 causa
553 429 704 462 brexitcr
721 426 845 460 adieci.
887 426 976 459 Illud
997 433 1114 460 autem
1134 424 1188 459 liic

200 485 378 532 quaet-im)
402 489 531 529 potest,
561 491 669 525 quare
690 479 807 522 primo
826 478 903 510 loco
923 479 964 511 de
980 478 1188 511 fortitudine

200 538 294 570 dicat
314 548 390 568 cum
411 547 447 567 re
466 545 548 564 xera
564 531 775 575 praecedere
793 542 868 561 eam
890 529 1024 562 iustitia
1052 530 1189 562 debeat.

200 588 364 622 Arbitror
393 592 508 617 autem
544 588 690 626 propter
721 581 1008 625 perspicuitatem
1040 579 1107 613 hoc
1134 592 1190 612 or-

200 640 281 672 dine
298 650 398 670 usum
419 648 509 674 csse,
538 634 626 667 sicut
643 646 749 677 supra
768 632 1006 671 indivisione,
1035 638 1096 664 aut
1113 643 1190 674 gra-

200 691 369 723 tificatum
391 686 594 719 Alexandro
606 711 614 724 ,

202 741 297 786 quod
323 739 397 772 sine
426 738 580 783 quadam
606 735 811 768 celsitudine
834 734 943 767 animi
967 741 1000 767 et
1028 740 1191 767 constan-

661 692 721 717 aut
750 690 840 716 certe
872 696 912 716 eo
946 690 1082 716 motum
1104 694 1189 721 esse,

201 793 269 831 tia,
298 791 392 823 nulla
414 789 525 821 xirtns
544 787 689 820 existere
712 793 844 831 potest,
881 787 969 818 sicut
990 799 1053 818 nec
1079 784 1191 817 consi-

200 844 238 876 lii
254 842 426 875 certitudo
445 840 590 873 existere
608 844 742 882 potest,
770 838 836 870 nisi
860 850 950 870 unus
969 837 1096 882 aliquis
1113 836 1192 869 finis

202 901 234 927 et
251 906 377 938 scopus
395 891 597 937 propositus
614 889 669 922 sit.

205 985 310 1024 Quae
337 982 425 1014 sunt
454 986 593 1011 causae
623 972 839 1021 efficientes
863 971 1193 1019 f01·1iiudinis“³)?

304 1048 407 1081 Mens
434 1045 613 1083 iudicans,
655 1055 745 1087 quae
774 1055 829 1075 res
855 1054 999 1086 asperae
1024 1042 1094 1076 sint
1116 1054 1194 1086 per-

201 1101 386 1138 ferendae,
426 1103 460 1129 et
483 1094 664 1141 quomodo
688 1094 758 1127 sint
784 1094 1006 1133 tolerandae,
1047 1100 1079 1126 et
1105 1105 1194 1137 quae

203 1153 273 1187 sint
297 1149 544 1194 depellendae,
588 1152 621 1178 et
652 1146 816 1178 voluntas
840 1145 1088 1188 obtemperans
1113 1142 1193 1176 huic

204 1202 364 1236 consilio.
407 1199 560 1243 Oportet
577 1202 692 1229 autem
714 1202 746 1229 et
762 1196 877 1228 cordis
894 1196 1004 1227 robur
1022 1207 1092 1228 esse
1113 1195 1193 1234 tale,

203 1261 242 1288 ut
258 1253 368 1298 possit
393 1250 536 1284 obedire
562 1247 730 1286 consilio,
760 1253 793 1278 et
817 1259 877 1279 sua
905 1246 1071 1279 firmitate
1096 1245 1195 1278 adiu-

204 1318 288 1338 *sare
313 1304 546 1336 voluntatem.
613 1299 705 1332 ham
738 1297 942 1341 praesertim
972 1295 1057 1329 haec
1084 1297 1195 1329 virtus

204 1357 356 1400 insignes
385 1359 503 1386 motus
536 1350 651 1383 cordis
686 1349 875 1392 experitur.
947 1348 1134 1381 Marcellus
1149 1348 1195 1393 ³²¹)

205 1407 350 1441 dimicat
367 1417 445 1437 cum
466 1402 685 1441 Hannibale,
715 1400 796 1445 quia
816 1412 915 1432 niens
931 1399 1062 1432 iudicat
1080 1412 1196 1432 neces-

205 1459 335 1493 sariam
355 1468 426 1489 esse
445 1453 729 1491 dimicationem,
758 1451 928 1495 prospicit
945 1457 977 1483 et
995 1456 1196 1495 praeparat,

207 1515 379 1556 quantum
401 1512 533 1551 potest,
563 1517 601 1537 ea
631 1515 720 1549 quae
744 1508 825 1535 sunt
848 1502 945 1541 usui,
976 1508 1008 1534 et
1034 1503 1196 1535 voluntas

207 1563 429 1604 obtemperat
463 1556 621 1590 consilio.
691 1554 758 1587 Sed
789 1553 890 1585 multi
922 1559 1023 1585 crant
1048 1553 1197 1592 Itoniae,

208 1612 270 1659 qui
285 1611 349 1645 etsi
369 1609 536 1641 volebant
553 1605 740 1644 dimicare,
775 1611 807 1637 et
832 1604 1049 1637 dimicabant
1072 1611 1197 1637 utcun-

208 1676 276 1710 que
289 1690 297 1703 ,
325 1669 443 1695 tamen
462 1659 562 1692 facile
580 1657 877 1701 reprimebantur.
939 1656 1028 1688 Nam
1048 1668 1109 1687 cor
1124 1655 1197 1687 lan-

209 1715 355 1759 guidum
374 1725 447 1744 non
465 1710 626 1743 armabat
642 1720 787 1746 manus,
824 1719 896 1738 non
914 1706 1057 1739 iuvabat
1073 1706 1197 1738 x‘olun-

210 1773 338 1803 tatem,
366 1775 440 1796 non
459 1761 646 1806 spargebat
670 1759 832 1791 ardentes
856 1757 998 1801 spiritus
1028 1757 1062 1789 in
1088 1770 1197 1789 mem-

209 1820 283 1850 bra.
348 1815 414 1848 Sed
440 1812 648 1846 Marcellum
676 1815 911 1854 pugnantem,
948 1809 1064 1841 cordis
1088 1809 1198 1841 robur

211 1867 413 1902 adiuvabat.
461 1864 607 1898 §ocosse
627 1868 677 1894 est
692 1868 808 1893 autem
826 1860 868 1892 ad
886 1860 1110 1892 excellentem
1129 1859 1199 1891 vir-

211 1926 322 1954 tutem
349 1917 511 1950 accedere
534 1913 714 1947 heroicum
741 1913 930 1956 impetum,
967 1911 1025 1956 qui
1051 1917 1101 1944 est
1131 1911 1199 1944 sin-

211 1971 331 2015 gulare
354 1970 486 2001 donum
504 1965 569 1998 Dei
583 1992 591 2003 ,
619 1970 651 1997 et
668 1970 785 1996 motus
803 1963 1009 2005 singularis,
1046 1975 1115 2007 quo
1141 1974 1201 1994 cor

212 2022 391 2055 incitatur.
453 2018 501 2050 [t
524 2023 640 2049 autem
667 2014 722 2047 hic
746 2015 897 2058 impetus
922 2026 1114 2058 paucorum
1139 2019 1201 2048 est,

214 2073 260 2106 ita
293 2070 397 2116 pauci
429 2067 561 2102 liabent
586 2067 811 2099 excellentem
835 2065 1099 2104 fortitudinem,
1141 2065 1201 2097 sed

215 2124 338 2167 exigua
356 2119 536 2154 inchoatio
556 2125 617 2157 est,
641 2130 701 2150 seu
716 2114 967 2150 simulaclirmn
984 2115 1203 2148 fortitudinis

217 2176 253 2208 in
268 2173 425 2207 caeteris.

316 2223 489 2258 Doctrina
512 2219 695 2263 Evangelii
727 2218 824 2250 addit
859 2217 969 2251 causis
1002 2215 1088 2250 baec
1116 2218 1203 2250 duo:

217 2277 257 2310 ln
274 2282 392 2309 mente
408 2275 541 2311 lucem,
569 2283 630 2304 seu
644 2270 809 2302 notitiam
833 2269 1009 2302 iubentem
1036 2268 1204 2301 dimicare

221 2334 364 2373 propter
382 2326 515 2363 Deum,
545 2329 577 2355 et
601 2328 720 2366 petere
747 2322 789 2353 ab
817 2334 857 2353 co
883 2320 1074 2360 auxilium,
1103 2327 1135 2352 et
1153 2333 1205 2352 re-

219 2381 310 2412 ferre
327 2376 591 2410 dimicationem
613 2374 656 2405 ad
675 2373 823 2416 gloriam
840 2372 913 2404 Dei.
967 2370 1005 2404 ln
1025 2372 1206 2404 voluntate

220 2442 303 2462 vero
323 2425 587 2464 auxiliumDei,
610 2436 683 2457 non
702 2423 816 2457 solum
834 2423 985 2456 iuvantis
1004 2435 1063 2455 cor
1074 2423 1206 2466 Spiritu

221 2486 341 2516 sancto
355 2506 363 2519 ‚
391 2479 449 2511 sed
466 2477 570 2510 etiam
589 2474 818 2520 gubernantis
835 2474 978 2512 exitum,
1007 2475 1122 2507 dantis
1141 2474 1207 2506 lae-

258 2600 305 2629 42)
325 2598 366 2621 hic
385 2594 492 2626 quaeri]
513 2593 551 2616 sic
572 2592 618 2615 Ed.
635 2591 725 2622 15⁴5.;
752 2591 799 2615 Ed.
817 2592 889 2614 ¹5⁴6.
910 2591 1004 2621 quaeri
1025 2592 1074 2615 tn'c.

260 2650 307 2677 43)
328 2644 530 2678 fortitudinis]
551 2642 591 2665 sic
610 2642 658 2666 Ed.
676 2642 764 2672 ¹5⁴6.;
785 2642 817 2665 *iu
838 2642 886 2668 Ed,
905 2642 979 2665 1545.
998 2641 1084 2665 deest.

260 2703 305 2730 44)
327 2697 405 2723 Cunt'.
426 2703 450 2725 p.
465 2694 523 2718 335.
544 2694 606 2716 nota
623 2692 660 2716 15.

466 87 667 125 SCRIPTA
691 87 766 122 PH.
794 85 907 121 MEL.
932 85 997 119 AD
1025 83 1239 119 ETHICEN
1267 85 1332 119 ΕΤ
1360 84 1619 121 POLITICEN
1647 86 1956 122 SPECTANTIA.

2157 91 2230 126 348

1241 179 1294 205 tos
1328 184 1515 206 successus.
1582 171 1633 206 lta
1665 180 1829 207 movetur
1860 173 1977 206 Daxid
2010 181 2048 208 ut
2077 176 2230 220 dimicet,

1242 223 1323 268 quia
1342 223 1437 256 Deus
1454 224 1489 255 id
1508 223 1579 267 regi
1598 226 1796 269 praecepit,
1830 231 1863 258 et
1887 226 1975 269 petit
1999 238 2016 259 a
2035 226 2111 260 Deo
2135 230 2230 262 alixi-

1243 275 1347 313 lium,
1375 274 1435 319 qui
1453 281 1486 306 et
1504 275 1735 318 praeliantem
1755 277 1871 317 iuvat,
1906 283 1939 309 et
1963 278 2135 319 gubernat
2161 280 2230 312 exi-

1243 332 1307 358 tus.
1368 325 1441 358 Has
1465 337 1585 359 causas
1611 327 1892 367 consideremus,
1936 334 1974 360 ut
2005 335 2038 361 et
2068 342 2133 363 nos
2165 330 2233 375 ipsi

1243 376 1452 415 excitemus,
1481 381 1514 408 et
1531 377 1635 409 simul
1660 379 1701 410 de
1726 385 1846 412 nostra
1874 379 2113 414 imbecillitate
2139 381 2232 425 cogi·

1243 435 1374 467 temus,
1401 433 1529 459 etcum
1546 440 1584 460 ea
1603 428 1795 469 luctemur,
1823 436 1857 462 et
1873 443 1937 463 nos
1951 443 2011 476 spe
2036 432 2157 465 auxilii
2181 432 2233 465 di-

1244 479 1315 511 xini
1348 478 1544 521 erigamus,
1588 484 1627 511 ut
1652 480 1787 522 placide
1812 482 1966 515 seramus
1996 484 2163 524 adversa,
2200 489 2234 517 et

1244 542 1440 575 pugnemus
1458 528 1518 561 ubi
1538 542 1626 573 opus
1647 536 1710 565 est.

1346 580 1496 613 Materia
1523 580 1613 613 circa
1640 594 1767 626 quam,
1808 594 1870 615 seu
1900 583 2098 625 obiectum,
2141 585 2232 620 circa

1245 633 1339 678 quod
1358 638 1517 665 versatur
1534 629 1724 673 fortItudo,
1751 633 1793 665 ab
1806 633 1993 668 Aristotele
2016 637 2143 670 dicitur
2161 649 2233 671 esse

1244 683 1438 728 periculum
1458 695 1626 727 maguum
1648 691 1681 716 et
1698 682 1885 718 honestum
1898 712 1907 725 ,
1935 687 1993 719 sed
2012 693 2111 731 potes
2129 700 2234 731 gene-

1245 735 1365 768 raliter
1398 734 1532 767 dicere:
1573 736 1690 768 Omne
1724 736 1855 768 malum
1890 749 1961 771 esse
1995 739 2136 781 paxoris
2173 739 2234 772 oh-

1246 787 1392 825 iectum,
1418 786 1613 823 seddamen
1637 787 1766 830 gradus
1791 794 1882 821 sunt.
1943 787 2021 821 Alia
2046 796 2128 823 sunt
2151 790 2234 823 sim-

1246 838 1382 882 pliciter
1406 837 1592 881 fugicuda,
1629 845 1661 870 et
1684 851 1823 882 semper
1848 841 2036 872 metuenda
2059 847 2092 874 et
2115 841 2234 885 depel-

1245 890 1369 929 lenda,
1396 895 1435 921 ut
1454 889 1650 933 turpitudo.
1696 890 1842 933 Semper
1859 891 2143 925 decetDavidem
2161 904 2235 926 me-

1246 947 1361 979 tuere,
1390 946 1423 972 et
1440 940 1613 984 depellere
1632 941 1900 985 turpitudinem.
1960 943 2037 975 Alia
2055 950 2136 976 sunt
2152 955 2235 988 pro-

1247 998 1324 1036 pter
1342 991 1542 1035 probabiles
1560 1004 1700 1031 causas,
1735 998 1767 1024 et
1786 999 1879 1025 certo
1898 993 2021 1026 ordine
2039 995 2234 1035 subeunda,

1248 1049 1280 1076 et
1296 1055 1398 1086 saepe
1416 1043 1642 1086 perferenda,
1670 1049 1708 1075 ut
1724 1043 1882 1086 corporis
1902 1050 1935 1076 ct
1960 1057 2076 1077 rerum
2101 1045 2235 1078 incom-

1248 1095 1374 1132 moda,
1402 1093 1588 1135 fugiendae
1608 1093 1838 1136 turpitudinis
1860 1106 1983 1135 causa,
2019 1102 2076 1135 ut,
2110 1109 2234 1141 quam-

1248 1145 1299 1178 xis
1322 1144 1439 1176 vivere
1464 1144 1583 1176 mallet
1600 1144 1748 1183 Daniel,
1785 1151 1902 1177 tamen
1922 1151 1960 1178 ut
1983 1146 2094 1189 fugiat
2119 1154 2153 1180 et
2175 1148 2235 1180 dc-

1248 1196 1355 1240 pellat
1373 1194 1464 1240 id'ff')
1488 1196 1639 1235 malum,
1672 1196 1766 1240 quod
1784 1195 1878 1229 Deus
1902 1208 2040 1241 semper
2065 1197 2163 1232 iussit
2183 1200 2235 1231 su-

1249 1259 1349 1291 gere,
1395 1246 1526 1279 scilicet
1548 1246 1800 1279 contumeliam
1826 1246 1911 1287 Dei,
1946 1249 2064 1291 potius
2091 1249 2236 1284 accersit

1249 1298 1314 1332 sibi
1334 1297 1425 1330 vitae
1444 1298 1651 1342 pericnlum.

1350 1349 1515 1382 formale
1533 1349 1713 1381 actionum
1733 1355 1783 1381 est
1800 1348 1836 1381 in
1853 1349 2034 1382 voluntate
2058 1356 2092 1383 et
2115 1350 2234 1391 corde,

1249 1413 1310 1434 seu
1335 1400 1487 1444 impetus
1512 1401 1555 1432 ad
1580 1400 1846 1444 depellendum,
1880 1412 1941 1434 seu
1959 1401 2157 1434 moderatio
2175 1402 2238 1435 do-

1251 1452 1353 1491 loris,
1381 1454 1560 1496 perferens
1578 1453 1725 1485 adversa
1751 1451 1825 1484 sine
1845 1452 2089 1493 deformitate,
2116 1452 2152 1485 id
2175 1459 2237 1493 est,

1250 1516 1293 1536 ne
1321 1504 1403 1548 quid
1430 1504 1489 1536 siat
1513 1510 1634 1536 contra
1663 1503 1748 1536 alias
1773 1503 1938 1542 xirtutes,
1970 1515 2031 1536 seu
2048 1516 2091 1536 ne
2110 1504 2238 1537 immo-

1251 1555 1347 1587 dicus
1364 1555 1466 1587 dolor
1485 1561 1648 1587 naturam
1666 1554 1864 1598 opprimat,
1899 1560 1937 1587 ut
1962 1554 1998 1586 in
2014 1553 2148 1588 Achille
2173 1555 2237 1588 im-

1252 1612 1352 1650 petus
1383 1607 1425 1638 ad
1461 1606 1726 1650 praeliandmn‚
1771 1606 1806 1637 in
1838 1605 2001 1649 Scipione
2037 1606 2236 1639 moderatio

1253 1658 1428 1701 perferens
1453 1657 1683 1689 contumelias
1712 1655 1931 1695 tribunitias,
1958 1663 2109 1701 suntque
2127 1658 2236 1690 xirtu-

1254 1715 1302 1741 tes
1318 1708 1453 1740 vicinae
1475 1708 1630 1752 aliquot,
1664 1720 1750 1752 quas
1766 1707 1972 1740 Aristoteles
1996 1720 2068 1740 nno
2092 1708 2236 1741 nomine

1251 1759 1467 1792 fortitudinis
1492 1759 1747 1802 complectitur.
1813 1758 2001 1790 Fortitudo
2035 1759 2156 1791 bellica
2187 1766 2238 1793 est

1252 1811 1423 1853 impetus,
1451 1824 1555 1855 quem
1577 1816 1695 1842 tamen
1712 1810 1918 1841 moderatur
1935 1809 2026 1842 ratio
2051 1810 2095 1842 ad
2119 1810 2237 1855 depel-

1252 1862 1375 1895 lendos
1393 1859 1520 1896 hostes.
1574 1860 1761 1893 Fortitudo
1781 1866 1897 1904 togata
1908 1859 1954 1905 46)
1971 1868 2021 1893 est
2040 1861 2239 1895 constantia

1254 1912 1362 1944 animi
1382 1912 1637 1956 persexerantis
1661 1912 1697 1944 in
1722 1911 1904 1956 proposito
1928 1910 2098 1952 honesto,
2125 1925 2162 1946 re
2181 1914 2240 1947 de-

1255 1965 1412 2004 liberata,
1442 1971 1474 1997 et
1491 1978 1569 1997 cum
1588 1961 1653 1996 hac
1670 1963 1856 1996 coniuncta
1874 1969 1924 1996 est
1939 1964 2139 2003 tolerantia,
2167 1977 2240 2005 seu,

1254 2022 1291 2049 ut
1310 2016 1436 2048 usitate
1454 2023 1600 2054 vocant,
1629 2015 1818 2059 patientia,
1855 2027 1943 2059 quae
1969 2021 2018 2048 est
2041 2016 2238 2049 moderatio

1256 2067 1382 2106 animi,
1411 2067 1484 2100 sine
1503 2067 1726 2100 deformitate
1744 2066 1927 2099 tolerantis
1946 2066 2162 2100 calamitates
2178 2079 2238 2100 seu

1255 2119 1423 2157 iniurias,
1458 2125 1605 2163 propter
1629 2116 1813 2151 honestam
1839 2130 1999 2157 causam,
2037 2124 2094 2157 ut,
2120 2117 2237 2161 Scipio

1256 2171 1387 2214 perfert
1403 2170 1592 2210 iniuriam,
1619 2182 1663 2202 ne
1682 2169 1844 2202 incendat
1862 2169 1952 2201 bella
1975 2168 2101 2201 cixilia.
2155 2168 2240 2202 Cae-

1257 2234 1408 2255 sarcum
1428 2234 1501 2254 non
1522 2223 1628 2255 ferret
1655 2221 1821 2260 iniurias,
1857 2220 2013 2253 incendit
2039 2219 2169 2252 bellum
2195 2221 2242 2253 ci-

1258 2273 1336 2306 vile.
1390 2273 1521 2306 Paulus
1538 2274 1605 2306 sert
1622 2273 1768 2306 iniurias
1786 2278 1931 2316 propter
1946 2271 2241 2313 mandatumDei‚

1259 2324 1339 2369 quia
1359 2325 1421 2357 scit
1439 2325 1649 2368 Apostolum
1666 2337 1738 2356 non
1756 2334 1926 2366 occupare
1950 2322 2097 2366 imperia
2123 2323 2241 2358 armis.

1260 2376 1347 2408 Cum
1367 2375 1473 2418 igitur
1491 2378 1532 2409 de
1549 2375 1755 2408 fortitudine
1772 2374 1918 2413 dicitur,
1947 2380 2115 2417 cognatae
2134 2375 2242 2408 virtu-

1261 2433 1310 2459 tes
1339 2427 1569 2471 colligantur,
1615 2433 1648 2459 ut
1678 2439 1734 2459 eas
1763 2437 1951 2469 agnoscere
1983 2431 2011 2456 et
2049 2425 2241 2469 intelligere

1262 2479 1435 2511 discamus
1448 2505 1455 2517 ,
1484 2485 1518 2511 et
1535 2479 1653 2523 aliquo
1669 2478 1774 2510 modo
1794 2478 1836 2508 ad
1852 2488 1973 2509 earum
1999 2477 2153 2510 studium
2180 2490 2243 2512 nos

1298 2606 1343 2631 45»
1366 2606 1405 2633 id]
1427 2605 1465 2627 sie
1485 2604 1532 2628 Ed.
1551 2604 1643 2627 15⁴5.:
1670 2603 1702 2625 ab
1722 2602 1769 2624 Est.
1787 2602 1856 2624 1546.
1877 2603 1963 2624 abest.

1299 2657 1344 2687 46)
1366 2657 1507 2680 Fortitudo
1534 2657 1624 2686 togata
1653 2655 1667 2676 i.
1690 2661 1712 2683 q.
1740 2653 1870 2676 fortitudo
1899 2653 2061 2676 domestica.

1334 2692 1454 2715 bellicae.

2101 2653 2244 2681 opponitur
