2347 3000
75 131 149 168 566
570 130 595 166 I.

72 217 286 259 tentorium,
313 217 374 252 ubi
390 215 611 261 hospitaliter
628 229 686 250 eos
704 217 857 262 excepit,
885 223 918 250 et
933 229 1054 261 pacem

72 283 151 304 cum
171 269 219 303 eis
235 269 325 303 fecit.
376 269 502 302 Postea
526 269 670 301 suerunt
686 268 881 314 imperator
899 275 933 301 et
949 269 1056 303 Guel-

69 322 125 355 fus
143 321 230 355 socii
253 319 484 364 expeditionis
502 319 742 364 Syriacaew),
777 332 840 353 nec
863 320 966 353 aliter
990 333 1054 353 no-

69 372 220 405 minavit
235 371 429 414 imperator
446 370 612 403 Guelfum
628 383 734 416 quam
752 372 909 405 fratrem.

170 421 345 455 Antonius
384 421 548 454 triumvir
586 423 743 466 pepercit
786 423 925 467 captivo
967 420 1054 461 seni,

70 486 174 520 quem
191 472 262 505 filia
279 472 317 504 in
337 484 475 505 carcere
493 472 630 506 aluerat
646 473 734 506 lacte
752 486 828 508 5110.

169 522 351 556 Ludovico
369 523 443 567 regi
461 523 646 557 Gallorum
658 551 667 564 ,
702 525 775 558 eius
793 523 948 557 nominis
966 523 1052 555 duo-

68 573 203 607 decimo
216 599 225 614 ,
252 580 354 607 erant
372 575 516 620 quidam
535 575 758 616 incitatores,
785 581 973 620 postquam
992 585 1052 606 rex

66 626 178 658 sactus
212 625 376 671 essct⁸⁰),
418 632 457 658 ut
485 626 629 670 puniret
659 626 815 672 aliquos,
855 625 915 671 qui
948 630 1050 657 antea

66 675 133 720 ipsi
159 677 300 709 fuerant
325 676 477 716 inimici,
518 683 552 709 et
576 678 716 710 fuerant
739 689 920 716 suasores,
956 682 994 708 ut
1016 675 1051 707 111

66 739 243 760 carcerem
269 727 524 767 includeretur,
559 729 619 760 sed
645 728 827 772 respondit
849 726 1052 760 Ludovicus

67 777 233 811 iniuriam
252 779 378 811 sartam
407 778 487 811 duci
503 778 751 812 Aurelianensi
775 791 849 811 non
873 778 1051 822 pertinere

66 830 110 861 ad
133 842 270 873 regem,
297 830 495 873 significans
517 830 646 862 multas
671 829 818 863 iniurias
843 829 1052 862 obliviscen-

66 881 127 914 das
152 892 244 919 esse,
276 880 483 924 praesertim
510 880 654 913 mutatis
676 880 895 926 temporibus
919 886 952 913 et
974 892 1051 912 mu-

67 937 138 964 tata
152 932 307 964 fortuna.

166 981 268 1014 Talia
284 981 441 1025 exempla
462 981 718 1016 consideranda
735 988 834 1022 sunt,
860 987 900 1015 nt
915 980 1052 1015 discant

64 1032 240 1072 iuniores,
268 1032 354 1078 quid
379 1032 550 1076 significet
574 1031 763 1078 ἐπιείκεια,
791 1045 882 1079 quae
907 1045 947 1065 eo
974 1031 1050 1065 dili-

64 1084 202 1128 gentius
221 1084 478 1117 consideranda
501 1090 535 1117 et
556 1085 669 1128 magis
692 1086 845 1117 amanda
870 1090 939 1123 est,
968 1082 1049 1128 qnia

63 1134 297 1178 Evangelium
327 1141 377 1168 est
399 1135 530 1178 ‘ingens
560 1133 729 1170 ἐπιείκεια
756 1136 861 1181 legis,
904 1134 1053 1167 remittit

63 1192 226 1230 peccata,
265 1187 324 1220 sed
351 1193 497 1230 propter
523 1186 777 1226 Mediatorem,
815 1186 875 1232 qui
901 1186 990 1218 iram
1016 1185 1051 1217 in

65 1249 138 1271 sese
153 1236 347 1276 derivavit,
376 1243 408 1269 et
431 1238 541 1270 sactus
566 1243 617 1270 est
638 1250 702 1282 pro
729 1238 832 1271 nobis
856 1243 1051 1282 peccatum,

64 1294 103 1322 ut
121 1300 186 1321 nos
204 1288 366 1321 fieremus
384 1288 516 1321 iustitia
533 1288 600 1321 Dei
618 1288 654 1320 in
672 1289 748 1332 ipso
758 1288 816 1334 ⁸¹).

166 1338 332 1372 Affirmat
361 1339 467 1372 etiam
491 1338 744 1383 Evangelium,
776 1338 884 1384 recipi
908 1336 1052 1371 inchoa-

65 1397 138 1424 tam
157 1390 415 1430 obedientiam,
442 1402 647 1436 quanquam
666 1391 827 1424 mutilam
841 1416 850 1431 ‚
878 1390 1051 1433 exiguam,

63 1442 265 1474 mendicam
286 1447 320 1474 et
344 1441 536 1476 sordidam.
589 1441 702 1475 Docet
726 1448 844 1475 autem
869 1441 1050 1487 quomodo

65 1493 221 1537 placeat,
247 1492 378 1526 scilicet
401 1493 466 1525 fide
487 1489 639 1537 'propter
657 1492 893 1526 Mediatorem
911 1492 947 1525 in
970 1504 1052 1525 con-

65 1544 186 1578 versis.
238 1543 289 1577 Ac
306 1543 343 1576 in
361 1543 593 1587 explicatione
610 1542 714 1578 huius
731 1544 814 1577 dicti
832 1541 976 1589 (Matth.
994 1542 1052 1583 19,

68 1595 163 1642 17.):
203 1594 239 1628 Si
262 1595 314 1628 vis
340 1595 374 1627 111
399 1594 508 1628 vitam
540 1595 698 1639 ingredi,
740 1608 840 1629 serva
872 1596 1052 1634 mandata,

64 1646 211 1689 intelligi
229 1644 420 1680 ἐπιείκειαν
439 1657 576 1680 11000550
595 1653 664 1686 051,
692 1645 854 1679 videlicet
877 1646 972 1679 iuxta
1000 1646 1052 1678 in-

64 1697 357 1742 terpretationem
388 1708 449 1730 seu
482 1696 673 1733 ἐπιείκειαν
704 1696 741 1731 in
764 1697 959 1742 Evangelio
981 1702 1052 1730 tra-

66 1748 188 1783 ditam.

259 1830 319 1865 De
351 1832 550 1865 vindIcta
581 1834 695 1866 etde
722 1833 854 1866 bello.

165 1908 320 1941 Iulianus
362 1908 557 1952 imperator
597 1915 630 1941 et
670 1909 730 1941 alii
759 1909 1051 1953 vituperaverunt

66 1960 297 2003 Evangelium
329 1965 363 1991 et
389 1959 625 2003 scripserunt,
659 1960 851 1993 absurdum
889 1967 922 1992 01
956 1973 1050 1992 com-

68 2011 168 2044 muni
192 2009 350 2044 societati
374 2010 610 2053 perniciosum
636 2022 726 2050 0550,
756 2011 838 2056 quia
863 2008 1051 2054 prohibeat

66 2062 275 2095 vindictam:
305 2059 430 2094 Matth.
443 2060 477 2101 5,
491 2061 603 2107 (39,);
626 2061 701 2105 Ego
721 2069 837 2094 autem
858 2062 936 2095 «lico
952 2063 1050 2095 vobis

66 2126 139 2146 non
164 2112 325 2146 resistere
350 2113 458 2146 malo.
526 2112 571 2145 Et
595 2112 699 2146 Rom.
719 2115 776 2153 12,
811 2113 923 2158 (19.):
967 2113 1048 2147 Non

66 2164 285 2198 vindicantes
309 2170 445 2196 vosmet
468 2163 572 2208 ipsos.
624 2163 708 2196 Inde
731 2165 933 2197 ratiocinati
957 2171 1050 2206 511111,

64 2214 303 2261 1)(1111101111182)
323 2214 504 2254 ordinem,
532 2214 659 2247 iudicia
680 2221 713 2248 et
729 2216 903 2260 legitimas
918 2229 1050 2260 poenas

64 2265 265 2311 prohiberi,
294 2266 389 2311 quod
407 2272 494 2300 esset
509 2266 713 2300 absurdum.

166 2315 334 2350 Monachi
349 2317 397 2350 sie
414 2323 598 2357 excusant,
627 2317 748 2350 (11011111
764 2317 948 2351 consilium
966 2331 1049 2359 0550,

67 2380 140 2400 non
161 2374 399 2413 praeceptum.
459 2368 526 2402 Sed
551 2366 636 2401 haec
660 2369 835 2402 excusatio
864 2370 1049 2403 refutanda

68 2426 129 2453 est.
180 2419 271 2453 Nam
288 2419 316 2453 si
332 2419 480 2453 subditis
499 2432 572 2452 non
595 2426 684 2453 essct
708 2418 888 2464 prohibita
911 2421 1048 2465 privata

103 2535 151 2563 79)
170 2536 243 2558 Haec
261 2536 302 2557 est
319 2534 408 2558 attera
426 2534 561 2564 expeditio
581 2533 703 2558 cruciata
721 2534 848 2558 Conrado
864 2535 908 2558 111.
930 2535 1050 2565 impera-

138 2573 197 2593 tore
217 2570 242 2591 et
262 2568 399 2592 Ludovico
415 2569 485 2594 vul.
505 2575 571 2599 rege
585 2569 793 2600 Francogauiae
812 2570 923 2593 ducibus
940 2571 1050 2594 a.1147.

136 2605 218 2627 sacta.

103 2648 151 2675 ⁸0)
172 2646 220 2669 liic
242 2651 291 2668 rex
313 2644 522 2675 Francoganiae
541 2646 630 2669 sactus
649 2648 691 2669 est
709 2651 734 2670 a.
755 2645 827 2669 1493.

103 2691 151 2717 81)
169 2689 193 2713 2.
210 2688 273 2712 cor.
287 2687 314 2717 5,
332 2687 375 2710 21.

102 2733 151 2760 82)
169 2731 321 2762 politicum]
341 2730 468 2761 Prolegg.
488 2732 598 2762 typogr.
618 2737 714 2756 errore
737 2731 848 2755 habeut:
878 2730 1000 2761 poticam.

647 130 1015 166 PROLEGOMENA
1050 127 1096 161 IN
1133 123 1320 159 OFFlClA
1353 123 1611 160 CICEROMS.
2025 133 2098 169 505

1110 212 1286 252 vindicta,
1313 211 1434 244 liceret
1450 211 1640 257 unicuique
1664 213 1802 257 privato
1822 215 1857 248 in
1877 218 2023 251 domum
2046 221 2095 252 al-

1109 264 1235 302 terius,
1270 275 1289 295 a
1313 275 1385 308 quo
1408 269 1588 308 utcunque
1612 264 1724 297 laesus
1750 273 1856 306 esset,
1886 268 2093 314 irrumpere,

1108 322 1140 348 et
1168 314 1320 347 vicissim
1349 314 1448 348 illum
1478 314 1618 359 privato
1644 315 1777 359 impetu
1798 319 1888 351 male
1912 321 2092 356 mulctare.

1108 366 1197 399 lluic
1212 371 1445 410 sequerentur
1461 365 1618 399 infinitae
1635 367 1870 402 confusiones.

1206 415 1315 455 Item,
1359 416 1389 449 si
1419 422 1556 450 tantum
1590 418 1735 451 consilio
1766 428 1996 455 moverentur
2019 435 2093 456 ma-

1106 466 1289 510 gistratus,
1315 466 1436 500 liceret
1457 467 1505 501 eis
1532 469 1753 512 permittere,
1787 477 1826 503 ut
1848 471 2003 507 latrones
2027 474 2091 506 im-

1106 529 1199 562 pune
1215 524 1472 560 grassarentur.
1526 518 1575 551 lta
1594 521 1689 553 nulla
1706 527 1792 554 esset
1809 522 1984 557 societatis
2009 525 2091 557 civi-

1107 568 1146 601 lis
1163 568 1332 602 defensio.
1381 569 1499 613 Quare
1517 571 1696 604 somnium
1713 570 1972 608 monachorum
1990 588 2091 620 pror-

1106 632 1162 653 sus
1181 619 1307 652 salsum
1329 625 1390 653 051.

1205 669 1379 703 Furenter
1403 676 1523 703 errant
1547 678 1580 703 et
1606 673 1865 717 :unibaptistam
1909 679 1969 722 qui
1999 679 2091 714 dicta

1105 720 1161 752 illa
1190 721 1238 754 sic
1262 720 1561 765 interpretantur,
1596 724 1696 766 quasi
1719 726 1888 759 damnent
1909 731 2093 774 magistra-

1105 777 1159 804 tus
1177 778 1210 804 et
1228 771 1369 805 iudicia.
1421 772 1494 806 Nos
1510 772 1615 816 igitur
1633 773 1679 806 sic
1695 779 1967 819 respondemus:
1996 789 2091 816 utra-

1105 834 1172 867 que
1189 822 1302 862 dicta,
1329 822 1491 856 videlicet
1510 831 1757 868 praeceptum,
1792 830 1887 872 quod
1907 830 2001 865 iubet
2018 846 2091 867 ma—

1104 873 1270 916 gistratus
1300 886 1460 907 exercere
1491 874 1703 916 vindictam,
1747 883 1780 910 et
1807 881 1903 923 quod
1928 882 2092 925 prohibet

1104 924 1252 968 privatis
1266 926 1427 969 personis
1445 937 1605 958 exercere
1624 927 1836 969 vindictam,
1864 942 1938 964 non
1955 940 2091 969 tantum

1105 975 1270 1016 consilia,
1305 977 1366 1009 sed
1390 983 1576 1020 praecepta
1601 989 1692 1018 csse,
1732 979 1814 1024 quia
1841 982 2014 1027 scriptura
2038 999 2094 1020 ex-

1104 1038 1222 1071 presse
1250 1027 1418 1060 discernit
1441 1028 1686 1071 magistratum
1709 1042 1728 1062 a
1753 1033 1913 1075 personis
1934 1036 2094 1079 privatis.

1105 1077 1330 1121 Magistratui
1347 1080 1506 1119 mandat,
1523 1085 1562 1112 ut
1580 1087 1738 1113 exerceat
1756 1082 1959 1120 vindictam.
1987 1088 2093 1124 Rom.

1107 1129 1165 1169 13,
1184 1128 1272 1175 (4.);
1301 1129 1368 1162 Dei
1388 1130 1482 1162 enim
1499 1130 1661 1164 minister
1682 1138 1751 1173 051,
1783 1134 1910 1168 vindex
1934 1140 1978 1171 ad
2002 1139 2092 1174 iram

1105 1180 1156 1219 ei,
1185 1181 1245 1225 qui
1270 1181 1361 1213 male
1386 1182 1468 1225 agit.
1529 1182 1627 1215 Sicut
1651 1183 1745 1216 enim
1771 1185 1846 1218 vult
1861 1186 1956 1222 Deus
1979 1188 2094 1224 horni-

1105 1243 1191 1263 num
1216 1231 1419 1265 societatem
1444 1233 1519 1275 lege
1544 1233 1637 1276 regi,
1673 1234 1719 1266 ita
1745 1236 1820 1269 vult
1846 1239 2092 1283 magistratum

1106 1294 1176 1315 esse
1194 1283 1374 1316 custodem
1391 1283 1475 1327 legis
1493 1289 1526 1316 et
1542 1291 1774 1319 executorem.
1803 1287 1859 1321 Sic
1875 1290 1983 1333 igitur
1999 1305 2094 1327 exer-

1105 1339 1182 1366 ceat
1211 1334 1426 1374 vindictam,
1474 1334 1562 1368 sicut
1595 1336 1650 1368 lex
1682 1337 1855 1383 praecipit
1886 1348 1920 1374 et
1951 1345 2094 1379 ordinat

1105 1384 1200 1417 iuxta
1224 1385 1378 1429 primam
1403 1391 1437 1418 et
1460 1386 1651 1419 secundam
1677 1388 1853 1430 tabulam,
1879 1391 1915 1425 id
1938 1401 2007 1435 est,
2035 1397 2094 1430 dc-

1104 1436 1225 1468 sendat
1248 1436 1475 1479 magiStratus
1499 1436 1672 1470 Ecclesias
1697 1446 1789 1472 recte
1815 1443 2024 1487 sentientes,
2061 1455 2094 1481 et

1104 1486 1276 1530 reprimat
1298 1493 1490 1531 tyrannos,
1528 1488 1589 1532 qui
1613 1489 1703 1521 bella
1728 1490 1885 1525 inserunt
1905 1494 2094 1539 Ecclesiae,

1105 1537 1230 1581 puniat
1254 1549 1336 1571 suae
1362 1537 1506 1571 ditionis
1531 1537 1776 1583 blasphemos,
1812 1543 1976 1580 defendat
2002 1556 2034 1582 ct
2058 1551 2094 1582 in

1105 1589 1272 1622 societate
1296 1589 1390 1621 civili
1415 1589 1568 1622 colentes
1587 1590 1779 1632 iustitiam,
1813 1600 1846 1626 01
1869 1598 2039 1641 reprimat
2062 1608 2093 1633 01

1106 1640 1231 1684 puniat
1254 1640 1431 1680 latrones,
1470 1642 1683 1685 praedones,
1720 1643 1889 1687 incestos,
1916 1649 2005 1683 sicut
2031 1649 2094 1686 lias

1106 1703 1227 1725 causas
1251 1692 1455 1736 complexus
1478 1698 1527 1725 est
1550 1705 1610 1725 rex
1628 1692 1832 1737 Alplionsus
1855 1697 1892 1730 in
1916 1712 1979 1733 suo
2003 1715 2094 1739 svm-

1104 1743 1200 1783 bolo,
1229 1755 1308 1775 cum
1325 1742 1439 1787 pinxit
1456 1743 1654 1786 pelicanum
1672 1746 1863 1780 fodientem
1881 1750 1946 1783 sibi
1962 1742 2094 1796 pectus,

1106 1801 1138 1827 et
1158 1806 1220 1827 suo
1239 1794 1409 1837 sanguine
1427 1795 1579 1827 alentem
1599 1796 1726 1839 pullos,
1755 1804 1788 1830 01
1805 1800 1989 1846 adscripsit
2008 1802 2093 1838 hacc

1105 1846 1211 1878 verba
1230 1858 1295 1889 pro
1312 1846 1387 1888 lege
1407 1851 1439 1877 et
1457 1857 1521 1889 pro
1540 1858 1656 1890 grege.

1206 1895 1268 1929 Est
1299 1896 1406 1939 igitur
1432 1897 1627 1940 legitimum
1654 1900 1805 1939 bellum,
1846 1911 1907 1937 aut
1938 1905 2093 1950 legitima

1104 1947 1282 1987 defensio,
1324 1959 1414 1992 quae
1438 1949 1473 1979 lit
1499 1948 1533 1979 vi
1559 1952 1734 1994 corporali
1767 1965 1830 1996 per
1858 1957 2095 1999 magistratus,

1104 2005 1165 2032 aut
1191 2005 1241 2032 051
1260 1999 1482 2042 recuperatio
1503 1999 1678 2043 legitima,
1707 2010 1767 2035 aut
1787 2017 1901 2047 poena
1925 2008 2093 2052 legitima,

1105 2062 1194 2095 quae
1217 2051 1254 2082 fit
1279 2049 1313 2082 1-1
1337 2050 1513 2094 corporali
1534 2064 1595 2094 per
1614 2053 1850 2096 magistratus,
1906 2059 1953 2091 Ut
1975 2061 2092 2094 desen-

1103 2102 1155 2134 sio
1179 2108 1272 2141 erat,
1310 2114 1387 2134 cum
1417 2102 1543 2134 Graeci
1569 2104 1812 2147 reprimebant
1830 2108 1998 2150 Xerxem,
2033 2121 2093 2146 aut

1103 2152 1259 2185 Rotnani
1283 2152 1539 2193 Hannibalem,
1569 2155 1822 2191 Constantinus
1844 2159 2020 2194 Licinium
2035 2164 2092 2209 ⁸³),

1104 2204 1305 2236 Maccabaei
1330 2202 1559 2238 Antiochum.
1622 2207 1858 2251 Recuperatio
1884 2219 1976 2251 erat,
2012 2226 2090 2247 cum

1103 2255 1199 2288 Dion
1219 2261 1405 2299 recuperat
1424 2255 1687 2303 Syracus··=s⁸'⁴),
1725 2258 1968 2306 'I'llrasybulus
1984 2263 2090 2298 Athe-

1104 2306 1239 2351 nas⁸⁵),
1282 2306 1482 2339 Alexander
1506 2306 1704 2342 civitatibus
1726 2308 1853 2345 Ionicis
1878 2313 2004 2347 iniuste
2030 2329 2090 2360 op-

1104 2358 1232 2402 pressis
1260 2357 1413 2391 restituit
1441 2357 1652 2394 libertatem.
1720 2361 1840 2395 Poena
1871 2371 1962 2404 erat,
2011 2380 2088 2400 cum

1103 2409 1280 2442 lsraelitae
1306 2408 1503 2441 intulerunt
1524 2410 1655 2443 bellum
1678 2411 1785 2445 tribui
1801 2413 1988 2449 Beniamin
2007 2430 2089 2462 pro-

1103 2467 1181 2504 pter
1197 2466 1393 2504 stupratam
1413 2458 1557 2493 Levitae
1577 2462 1761 2506 coniugem
1777 2463 1835 2508 ⁸⁶).

1138 2576 1185 2605 53)
1206 2577 1237 2600 Α.
1254 2576 1328 2599 1076.

1138 2629 1185 2655 84)
1204 2628 1237 2652 A.
1250 2626 1309 2651 357.
1328 2633 1352 2650 a.
1368 2629 1431 2651 cnr.

1138 2679 1186 2706 85)
1205 2679 1236 2701 A.
1250 2678 1309 2702 403.
1327 2684 1352 2704 a.
1367 2678 1432 2702 Cur.

1138 2730 1185 2760 86)
1205 2730 1260 2754 lud.
1279 2731 1319 2760 19,
1340 2731 1373 2754 25
1387 2738 1450 2799 5115(ιὸ
1472 2730 1514 2756 20,
1539 2733 1546 2755 1
1564 2739 1620 2762 sqq.

1471 2770 1488 2783 vr
