2347 3000
249 149 298 183 23

249 234 359 278 legem
378 233 443 267 Dei
469 235 510 266 de
536 232 589 267 bis
607 235 816 274 virtutibus,
845 247 931 279 quas
948 234 1038 267 ratio
1060 233 1231 275 intelligit.

249 285 341 319 Nam
368 286 421 318 lex
444 285 562 318 diviua
585 283 769 318 bominum
790 286 964 318 mentibus
980 285 1149 328 impressa
1171 290 1232 324 est,

249 337 309 370 sed
328 337 362 369 in
380 335 445 369 hac.
463 336 704 369 imbecillitate
729 343 877 369 naturae
897 337 1079 367 obscurata
1100 340 1168 374 est,
1194 341 1233 367 ut

249 399 324 420 non
341 387 424 420 satis
440 387 590 432 perspici
606 388 743 432 possint
760 387 816 419 illa
839 391 1047 430 praecepta,
1072 398 1163 430 quae
1180 385 1231 418 iu—

248 439 333 471 bent
369 445 521 471 statuere
555 440 596 471 de
626 439 807 470 voluntate,
833 437 918 475 Dei,
947 442 981 468 et
1012 436 1054 468 de
1078 437 1230 480 perfecta

250 489 450 522 obedientia
473 489 588 521 cordis
610 488 843 533 praecipiunt.
901 486 968 519 Sed
995 494 1116 519 manet
1142 487 1231 520 iudi-

250 541 342 573 cium
373 541 415 572 de
439 538 593 573 honestis
617 538 813 571 actionibus
837 538 1087 578 exterioribus,
1124 538 1230 583 idque.

249 591 432 624 nobiscum
452 591 625 629 nascitur,
648 589 743 633 quod
764 589 877 632 ipsum
899 595 1017 621 tamen
1033 595 1083 630 est
1099 589 1154 622 lex
1169 602 1230 621 na-

250 649 349 675 turae
375 648 407 673 et
430 653 512 685 pars
535 640 619 683 legis
642 639 794 673 divinae.
846 640 918 674 Noc
942 638 1049 673 babet
1073 638 1230 673 humana

249 699 376 725 natura
402 692 511 724 ullam
536 691 654 723 dotem
679 691 975 735 praestantiorem
1000 689 1065 724 bac
1091 691 1231 732 notitia,

248 741 315 776 hoc
332 748 399 781 est,
425 740 628 774 discrimine
645 739 877 775 honestorum
899 749 932 775 et
949 743 1120 787 turpium.
1154 743 1230 775 Hoc

249 800 300 827 est
317 792 619 826 evidentissimum
635 794 820 837 vestigium
840 794 906 826 Dei
924 794 959 827 in
977 801 1118 835 natura,
1135 795 1229 840 qnod

249 850 397 877 testatur
424 842 587 877 homiues
616 857 690 877 non
721 845 872 878 extitisse
906 859 1005 885 casu,
1039 846 1099 879 sed
1133 852 1231 879 ortos

249 908 322 929 esse
348 896 391 927 ab
410 896 526 941 aliqua
551 901 693 928 aeterna
713 902 830 929 mente.
843 923 851 936 ,
881 910 970 942 quae
988 897 1152 930 discernit
1167 896 1231 930 ho-

248 943 348 980 nesta
379 953 412 979 et
442 946 571 991 turpia.
625 947 731 992 Quod
754 948 782 981 si
806 954 932 981 natura
963 946 1118 981 hominis
1144 955 1231 982 esset

249 997 405 1041 integra,
433 1005 506 1031 tum
530 1011 613 1031 vero
636 999 674 1032 in
697 997 762 1033 hac
789 999 914 1032 notitia
937 1000 1069 1033 luceret
1082 1000 1178 1033 Deus
1198 1007 1232 1032 et

249 1062 347 1082 mens
373 1047 528 1083 hominis
560 1051 719 1094 praedita
748 1051 859 1093 magis
884 1052 1066 1096 perspicua
1093 1052 1231 1091 notitia,

249 1102 361 1133 multo
379 1108 464 1134 esset
484 1101 654 1135 illustrior
672 1102 787 1145 imago
805 1103 882 1136 Dei.
931 1103 1059 1146 Magna
1079 1104 1230 1145 dignitas

249 1158 300 1184 est
332 1150 505 1191 hominis,
534 1154 630 1198 quod
653 1161 786 1186 mentes
816 1152 994 1187 humanae
1023 1161 1105 1188 sunt
1136 1155 1232 1187 velut.

248 1204 449 1247 speculum,
477 1203 512 1234 in
537 1216 607 1249 quo
629 1205 737 1248 fulget
760 1205 931 1249 sapientia
958 1206 1043 1245 Dei,
1069 1206 1229 1238 videlicet

249 1254 420 1298 sapientia
446 1254 542 1298 legis.
592 1255 684 1288 Nam
708 1256 897 1300 praecipue
916 1256 1011 1289 Deus
1036 1269 1098 1300 per
1116 1255 1230 1288 homi—

250 1317 329 1338 nem
359 1305 471 1337 voluit
494 1306 723 1339 innotescere.
784 1306 915 1349 Magna
944 1307 1050 1350 igitur
1072 1308 1149 1339 laus
1179 1313 1230 1339 est

248 1353 494 1400 philosophiae
512 1357 676 1395 moralis,
703 1357 799 1401 quod
820 1363 869 1389 est
888 1369 969 1400 pars
984 1358 1070 1400 legis
1089 1357 1230 1388 divinae

248 1413 282 1439 et
310 1406 483 1450 sapientia
509 1406 595 1446 Dei,
629 1406 767 1439 etiamsi
795 1419 869 1439 non
901 1413 951 1440 est
982 1407 1230 1451 Evangelium.

247 1457 315 1491 Sed
349 1456 406 1490 hic
439 1458 619 1490 sciendum
653 1463 722 1497 est,
758 1455 1021 1502 philosophiam
1054 1471 1125 1491 esse
1155 1470 1230 1490 non

248 1521 372 1542 omnes
403 1508 564 1541 omnium
597 1508 804 1552 opiniones,
836 1510 896 1542 sed
929 1515 1041 1542 certas
1072 1509 1230 1548 notitias,

248 1572 339 1605 quae
365 1565 447 1593 sunt
469 1560 809 1599 demonstrationes,
838 1566 898 1593 aut
915 1573 1036 1593 earum
1057 1561 1230 1600 membra,

248 1611 284 1644 id
310 1617 378 1651 est,
406 1611 583 1656 principia
608 1611 664 1644 vel
690 1611 943 1645 conclusiones.
995 1612 1045 1645 Ut
1071 1612 1165 1645 enim
1193 1612 1229 1644 in

249 1662 325 1695 aliis
356 1662 490 1695 artibus
522 1668 603 1696 sunt
632 1662 805 1707 principia
837 1670 871 1696 et
897 1663 1230 1702 demonstrationes,

249 1726 339 1759 quae
362 1726 436 1746 non
459 1720 607 1758 possunt
632 1714 850 1748 labefactari:
884 1714 932 1747 ita
956 1721 990 1748 et
1012 1714 1048 1747 in
1072 1713 1229 1760 philoso-

248 1763 331 1810 phia
349 1765 477 1798 morali
495 1772 577 1799 sunt
593 1772 686 1798 certa
707 1765 880 1810 principia
899 1766 1052 1810 practica
1065 1794 1074 1806 ,
1097 1773 1130 1799 et
1147 1764 1230 1799 binc

247 1822 442 1849 nascuntur
472 1817 593 1849 firmae
620 1817 951 1851 demonstrationes.
1002 1817 1051 1850 Et
1074 1824 1113 1851 ut
1138 1824 1229 1850 artes

247 1874 330 1901 sunt
357 1874 506 1901 naturae
531 1868 737 1912 explicatio,
772 1868 818 1901 ita
849 1869 1168 1902 demonstrationes
1193 1869 1229 1902 in

247 1917 473 1964 philosophia
506 1920 635 1952 morali
663 1926 744 1952 sunt
774 1920 959 1964 explicatio
990 1927 1139 1954 naturae
1165 1918 1229 1953 ho-

246 1970 372 2010 minis,
399 1976 437 2003 ut
465 1969 555 2003 infra
580 1972 815 2004 ostendemus.
868 1972 957 2005 Sunt
981 1971 1088 2016 igitur
1110 1973 1229 2016 explo-

246 2021 354 2055 dendi
375 2021 597 2062 Academici,
634 2023 695 2068 qui
720 2023 854 2055 artibus
875 2021 1066 2056 detrahunt
1087 2024 1227 2056 laudem

246 2073 484 2112 certitudinis,
514 2086 635 2107 verum
661 2080 699 2106 ut
727 2073 920 2115 medicina,
948 2074 993 2107 ita
1018 2082 1051 2107 et
1071 2073 1227 2119 philoso-

244 2122 329 2168 phia
354 2124 499 2158 assumit
523 2125 700 2158 interdum
719 2125 919 2169 probabiles
932 2126 1108 2166 rationes,
1137 2138 1226 2171 quae

245 2181 420 2220 quatenus
454 2176 615 2216 valeant,
660 2176 802 2209 artificis
839 2183 889 2209 est
925 2177 1098 2210 iudicare:
1143 2190 1227 2210 nam

244 2227 301 2259 illa
318 2226 349 2271 2)
361 2254 368 2266 ,
395 2239 485 2272 quae
501 2234 663 2272 pugnant
680 2240 758 2261 cum
778 2227 980 2273 principiis,
1008 2241 1155 2273 prorsus
1173 2241 1227 2262 re-

245 2278 423 2321 pudianda
441 2285 534 2312 sunt.

336 2356 450 2389 Estne
474 2366 670 2390 concessus
692 2366 782 2389 usus
805 2354 916 2390 huius
940 2355 1135 2391 doctrinae

607 2413 858 2450 Christianis?

342 2479 575 2525 Respondeo:
610 2481 840 2514 Manifestum
876 2488 926 2515 est
957 2480 1221 2527 philosophiam

243 2531 413 2564 moralem
440 2544 512 2565 esse
546 2532 815 2576 explicationem
840 2532 924 2577 legis
946 2541 1107 2568 naturae.
1159 2534 1224 2568 Est

242 2587 357 2613 autem
396 2582 449 2614 lex
476 2588 626 2616 naturae
659 2596 740 2616 vere
769 2584 823 2616 lex
851 2583 938 2624 Dei,
976 2585 1160 2619 Romanos
1190 2587 1222 2626 1,

241 2630 317 2675 (19.
335 2632 424 2677 20.).
477 2633 596 2678 Quare
621 2634 710 2668 sicut
726 2635 800 2678 lege
816 2641 966 2669 naturae
983 2643 1044 2670 aut
1061 2637 1137 2681 lege
1155 2637 1220 2670 Dei

273 2747 302 2778 2)
322 2749 384 2777 ina]
404 2749 444 2773 sic
463 2750 551 2774 Editio
573 2752 664 2782 1546.;
690 2752 780 2775 Editio
803 2752 883 2774 15⁴⁰:
911 2751 981 2775 ittae.

515 149 711 182 SCRIPTA
741 149 815 182 PH.
845 149 954 183 MEL.
983 149 1047 182 AD
1076 148 1281 183 ETutCEN
1310 147 1374 181 ET
1402 147 1657 183 POLITICEN
1686 147 1996 185 SPECTANTLx.

2217 147 2267 183 24

1284 233 1335 266 uti
1367 233 1466 274 licet,
1492 235 1541 267 ita
1572 234 1653 267 licet
1674 234 1726 267 uti
1749 232 1996 279 philosophia,
2024 234 2120 279 quod
2143 234 2187 266 ad
2214 246 2270 268 ex·

1286 291 1423 317 ternam
1456 291 1490 317 et
1520 285 1657 318 civilem
1692 287 1983 319 consuetudinem
2009 286 2101 318 vitae
2132 284 2270 319 attinet.

1285 335 1365 368 Non
1402 335 1497 368 enim
1521 348 1688 369 vocamus
1717 334 1982 381 philosophiam
2009 336 2270 369 commentitias

1285 385 1446 418 omnium
1480 386 1685 429 opiniones,
1714 389 1775 420 sed
1799 388 1991 421 sententias
2019 400 2108 433 quae.
2136 386 2271 421 habent

1285 437 1625 476 demonstrationes‚
1652 443 1691 469 ut
1709 438 1839 471 (lictum
1861 445 1921 472 est.
1971 440 2133 472 Primum
2150 444 2269 472 autem

1285 500 1356 519 non
1383 487 1530 520 dubium
1556 494 1626 527 est,
1653 500 1762 533 quum
1788 489 1882 523 Deus
1904 490 2082 535 requirat,
2111 497 2145 523 et
2167 501 2271 535 prae·

1285 538 1391 582 cipiat
1408 538 1662 582 paedagogiam
1677 565 1685 577 ,
1714 538 1748 571 id
1774 545 1843 579 est,
1870 546 1910 573 ut
1932 539 2188 574 coherceantur
2205 539 2269 574 ho-

1285 589 1397 622 mines
1425 596 1566 622 externa
1592 589 1796 633 disciplina,
1825 596 1859 622 et
1883 594 2070 625 assuefiant
2084 592 2115 638 3)
2145 592 2189 624 ad
2206 590 2270 625 ho·

1284 647 1400 673 nestos
1420 653 1549 674 mores.
1596 639 1683 674 Item
1701 647 1739 673 ut
1756 642 1971 682 doceantur,
1994 643 2083 676 sicut
2098 643 2269 687 scriptum

1285 697 1335 725 est
1357 692 1490 737 (Galat.
1508 692 1551 732 3,
1568 691 1664 737 240:
1693 691 1766 725 Lex
1790 698 1836 725 est
1856 693 2100 737 paedagogus,
2128 701 2161 727 et
2179 692 2269 727 hanc

1284 743 1540 787 paedagogiam
1573 749 1679 776 ornat
1702 743 1797 776 Deus
1829 744 2018 787 praemiis,
2045 744 2135 777 sicut
2156 751 2269 779 textus

1285 793 1413 840 (Exod.
1436 795 1504 834 20,
1529 794 1604 841 12.)
1634 794 1698 827 ait:
1728 794 1874 828 Honora
1891 801 2030 839 patrem
2055 801 2089 828 et
2105 802 2269 837 matrem,

1284 852 1322 878 ut
1335 845 1381 879 sis
1396 846 1590 889 longaevus
1608 858 1714 890 super
1732 852 1861 879 terram
1874 873 1882 886 ,
1909 852 1943 879 et
1959 846 2063 891 punit
2077 846 2269 881 licentiam.

1284 896 1366 929 Ideo
1384 894 1469 929 haec
1494 897 1710 941 paedagogia
1729 910 1801 930 non
1821 904 1870 930 est
1895 899 2166 932 contemnenda.
2209 898 2269 932 Se-

1284 949 1399 981 cundo
1418 948 1590 993 scriptura
1621 949 1742 994 (llom.
1761 949 1826 989 13,
1853 948 1901 991 1.)
1930 949 2122 994 praecipit,
2150 955 2189 983 ut
2207 950 2268 983 ob-

1284 1006 1520 1044 temperemus
1537 1000 1671 1042 legibus
1687 1001 1968 1043 magistratuum.
2005 1001 2190 1034 Consentit
2207 1013 2269 1035 au-

1286 1058 1353 1084 tem
1372 1049 1596 1096 philosophia
1616 1064 1693 1085 cum
1720 1053 1852 1094 legibus
1868 1052 2157 1093 magistratuum,
2184 1052 2267 1097 quIa

1283 1109 1475 1148 utrumque
1511 1116 1620 1147 genus
1648 1104 1761 1136 oritur
1792 1116 1832 1135 ex
1858 1103 1931 1145 lege
1958 1110 2118 1137 naturae.
2172 1104 2269 1137 Sicut

1283 1154 1489 1187 Aristoteles
1514 1155 1595 1186 citat
1620 1155 1751 1187 dictum
1775 1154 2032 1187 Alcidamantis
2050 1154 2100 1200 ⁴),
2129 1154 2189 1200 qui
2214 1155 2267 1188 in-

1285 1206 1361 1250 quit
1390 1203 1654 1249 philosophiam
1686 1218 1758 1238 esse
1789 1206 2097 1250 propugnaculum
2130 1206 2265 1249 legum:

1284 1268 1367 1299 ergo
1385 1262 1424 1288 ut
1442 1256 1575 1297 legibus
1592 1256 1880 1299 magistratuum,
1906 1257 1951 1289 ita
1970 1254 2195 1302 philosophia
2215 1257 2267 1290 uti

1283 1311 1431 1350 possunt
1447 1304 1650 1338 Christiani.
1684 1306 1807 1339 Tertio
1826 1314 1963 1339 constat
1979 1308 2176 1347 veritatem,
2199 1306 2268 1341 hoc

1284 1362 1349 1395 est,
1379 1356 1702 1389 demonstrationes
1720 1357 1755 1389 in
1773 1358 1931 1401 qualibet
1948 1365 2022 1391 arte
2041 1371 2113 1391 esse
2130 1359 2265 1392 donum

1283 1407 1368 1447 Dei,
1396 1419 1457 1439 seu
1482 1408 1662 1451 quoddam
1689 1407 1809 1440 lumen
1835 1409 2004 1442 divinitus
2031 1409 2175 1443 insitum
2204 1421 2267 1443 na-

1284 1464 1400 1491 turae:
1438 1470 1521 1501 ergo
1551 1464 1590 1490 ut
1615 1458 1763 1491 veritate
1788 1459 1839 1491 uti
1863 1459 1943 1492 licet
1971 1460 2007 1492 in
2033 1459 2266 1494 Arithmetica

1284 1515 1316 1541 et
1343 1509 1568 1548 Geometria,
1603 1508 1650 1542 ita
1682 1509 1760 1542 licet.
1783 1509 1834 1542 uti
1861 1510 2008 1543 veritate
2034 1523 2095 1544 seu
2119 1512 2266 1544 ‹lemon-

1283 1560 1514 1594 strationibus
1532 1560 1569 1592 in
1584 1560 1743 1593 doctrina
1762 1562 1803 1593 de
1823 1562 1992 1595 moribus,
2026 1561 2177 1607 Quarto,
2191 1575 2264 1596 non

1283 1611 1429 1645 dubium
1452 1618 1521 1651 est,
1550 1611 1635 1657 quin
1655 1618 1688 1644 et
1705 1612 1771 1656 pii,
1800 1613 1827 1645 si
1844 1613 1914 1645 sint
1932 1614 2037 1646 rudes
2057 1620 2096 1647 ut
2110 1614 2212 1658 pueri
2232 1620 2266 1648 et

1283 1663 1342 1695 alii
1358 1663 1534 1707 imperiti,
1561 1663 1631 1696 sint
1650 1664 1798 1696 docendi
1820 1664 1972 1707 delego,
1999 1677 2042 1697 ne
2062 1677 2170 1710 opera
2189 1665 2264 1699 sine

1282 1715 1390 1747 verbo
1414 1714 1499 1754 Dei,
1534 1720 1566 1747 et
1591 1721 1712 1747 contra
1738 1716 1899 1748 naturale
1928 1716 2096 1749 iudicium
2121 1717 2264 1758 faciant,

1283 1766 1399 1812 qualia
1424 1766 1534 1799 multa
1554 1766 1646 1809 parit
1667 1767 1866 1809 ignorantia
1893 1769 1986 1811 apud
2007 1768 2197 1809 barbaros,
2224 1775 2265 1803 ut

1283 1818 1430 1850 incestas
1462 1817 1644 1857 libidines,
1681 1824 1714 1850 et
1746 1818 1813 1850 alia
1847 1831 1937 1864 quae
1972 1819 2123 1864 exempli
2158 1832 2262 1854 causa

1282 1875 1474 1901 narrantur
1500 1869 1536 1901 in
1563 1869 1799 1913 descriptione
1817 1869 2011 1915 Cyclopum
2034 1877 2094 1903 aut
2111 1870 2263 1904 Centau-

1281 1932 1421 1953 rorum:
1461 1932 1500 1952 ac
1526 1927 1654 1953 natura
1681 1918 1867 1954 hominum
1898 1921 2066 1965 proclivis
2082 1921 2112 1967 ³)
2142 1928 2193 1955 est
2217 1923 2261 1955 ad

1280 1971 1478 2011 licentiam,
1506 1977 1539 2004 et
1561 1983 1663 2013 aegre
1689 1973 1823 2016 patitur
1848 1972 1987 2005 vincula
2012 1973 2149 2017 legum,
2174 1973 2263 2007 sicut

1281 2023 1440 2056 videmus
1465 2023 1500 2055 in
1526 2023 1684 2056 moribus
1710 2029 1743 2055 et
1766 2023 1996 2067 religionibus
2022 2022 2185 2058 homines
2212 2031 2261 2058 te-

1280 2086 1394 2114 mere,
1422 2074 1517 2106 velut
1541 2074 1668 2107 oblitos
1693 2075 1840 2108 verbum
1863 2088 1902 2107 ac
1923 2076 2054 2118 legem,
2081 2076 2262 2120 obtempe-

1279 2138 1359 2159 rare
1385 2125 1653 2169 cupiditatibus,
1690 2126 1896 2166 ambitioni,
1927 2127 2019 2166 irae,
2044 2127 2151 2166 odiis,
2178 2138 2261 2160 ava-

1279 2177 1400 2217 ritiae,
1436 2177 1587 2210 libidini.
1639 2176 1713 2210 Alit
1745 2184 1862 2211 autem
1896 2184 1930 2210 et
1952 2178 2137 2211 confirmat
2161 2177 2261 2222 igno-

1279 2229 1394 2261 rantia
1429 2225 1520 2261 hanc
1551 2228 1588 2261 in
1614 2225 1818 2262 hominibus
1839 2230 2086 2262 temeritatem.
2139 2229 2259 2274 Quare

1280 2292 1352 2313 non
1370 2280 1516 2313 dubium
1534 2286 1602 2318 est,
1631 2280 1716 2325 quin
1734 2281 1884 2313 docendi
1901 2280 1970 2314 sint
1987 2281 2028 2312 de
2043 2279 2118 2322 lege
2136 2293 2259 2316 omnes

1280 2331 1393 2375 ignari
1410 2337 1443 2364 et
1460 2330 1633 2375 imperiti,
1649 2333 1738 2365 sicut
1753 2332 1884 2366 Paulus
1903 2329 2121 2377 (2.Timoth.
2136 2332 2258 2379 3‚16.)

1279 2382 1408 2428 inquit:
1439 2382 1564 2415 Omnis
1587 2382 1760 2427 scriptura
1785 2383 1954 2416 divinitus
1971 2382 2139 2426 inspirata
2162 2384 2258 2418 utilis

1278 2441 1329 2467 est
1356 2435 1400 2467 ad
1425 2434 1643 2472 docendum,
1672 2436 1889 2477 arguendum
1913 2439 1975 2467 etc.
2017 2433 2178 2479 Cumque
2201 2435 2257 2468 lex

1276 2491 1482 2525 enarratur,
1516 2486 1748 2519 monstranda
1787 2491 1838 2518 est
1870 2484 1975 2517 etiam
2012 2485 2066 2518 lex
2096 2492 2257 2528 naturae,

1309 2583 1338 2613 3]
1359 2583 1525 2611 assuefiant]
1544 2582 1584 2606 sic
1602 2583 1651 2608 Ed.
1673 2583 1763 2609 1540.;
1790 2582 1838 2606 Ed.
1861 2581 1935 2605 1546.
1955 2581 2150 2606 assuefaciant.

1308 2617 1337 2648 4)
1364 2618 1537 2647 Alcidamas,
1563 2620 1673 2646 orator,
1704 2619 1784 2640 natus
1811 2617 1911 2639 Elaeae
1936 2616 1961 2639 in
1988 2616 2100 2642 Aeolia,
2135 2616 2255 2647 Gorgiae

1343 2652 1508 2682 discipulus,
1534 2652 1664 2675 Isocratis
1683 2653 1805 2680 tempore
1824 2651 1898 2674 vixit.
1942 2651 2017 2673 Duae
2036 2650 2094 2673 eius
2113 2651 2254 2674 orationes

1344 2692 1460 2714 graecae
1478 2688 1660 2709 conservatae
1678 2688 1756 2708 sunt:
1776 2686 1865 2708 oratio
1885 2684 1997 2715 Ulyssis
2017 2686 2112 2708 contra
2128 2684 2253 2708 Patauio-

1343 2721 1402 2744 εὶς-ιη
1421 2722 1448 2743 et.
1466 2721 1553 2743 oratio
1573 2722 1668 2743 eontra
1688 2719 1840 2749 sophistas.

1307 2753 1337 2785 5)
1357 2755 1504 2784 proclivis]
1523 2755 1563 2778 sic
1581 2754 1630 2778 Ed.
1652 2754 1743 2785 15⁴o.;
1767 2754 1816 2777 Ed.
1837 2753 1910 2777 1546.
1930 2752 2087 2783 proclivius.
