<?xml version="1.0" encoding="UTF-8"?>
<!DOCTYPE html PUBLIC "-//W3C//DTD XHTML 1.0 Transitional//EN"
    "http://www.w3.org/TR/xhtml1/DTD/xhtml1-transitional.dtd">
<html xmlns="http://www.w3.org/1999/xhtml" xml:lang="en" lang="en">
 <head>
  <title>
</title>
<meta http-equiv="Content-Type" content="text/html;charset=utf-8" />
  <meta name='ocr-system' content='tesseract 3.04.00' />
  <meta name='ocr-capabilities' content='ocr_page ocr_carea ocr_par ocr_line ocrx_word'/>
</head>
<body>
  <div class='ocr_page' id='page_1' title='image "./operaquaesupersu16melauoft/operaquaesupersu16melauoft_0235.png"; bbox 0 0 2347 3000; ppageno 0'>
   <div class='ocr_carea' id='block_1_1' title="bbox 48 119 116 156">
    <p class='ocr_par' dir='ltr' id='par_1_1' title="bbox 48 119 116 156">
     <span class='ocr_line' id='line_1_1' title="bbox 48 119 116 156; baseline -0.044 0"><span class='ocrx_word' id='word_1_1' title='bbox 48 119 116 156; x_wconf 81' lang='lat'>441</span> 
     </span>
    </p>
   </div>
   <div class='ocr_carea' id='block_1_2' title="bbox 37 204 1032 1322">
    <p class='ocr_par' dir='ltr' id='par_1_2' title="bbox 43 204 1032 594">
     <span class='ocr_line' id='line_1_2' title="bbox 45 204 1032 251; baseline -0.001 -13"><span class='ocrx_word' id='word_1_2' title='bbox 45 212 130 238; x_wconf 87' lang='lat' dir='ltr'>tunc</span> <span class='ocrx_word' id='word_1_3' title='bbox 147 217 289 251; x_wconf 86' lang='lat' dir='ltr'>quoque</span> <span class='ocrx_word' id='word_1_4' title='bbox 306 206 410 239; x_wconf 88' lang='lat' dir='ltr'>licere</span> <span class='ocrx_word' id='word_1_5' title='bbox 425 204 498 237; x_wconf 87' lang='lat' dir='ltr'>vim</span> <span class='ocrx_word' id='word_1_6' title='bbox 520 204 716 248; x_wconf 79' lang='lat' dir='ltr'><strong>depellere,</strong></span> <span class='ocrx_word' id='word_1_7' title='bbox 752 217 831 238; x_wconf 87' lang='lat' dir='ltr'>cum</span> <span class='ocrx_word' id='word_1_8' title='bbox 856 204 936 238; x_wconf 85' lang='lat' dir='ltr'>licet</span> <span class='ocrx_word' id='word_1_9' title='bbox 958 217 1032 237; x_wconf 89' lang='lat' dir='ltr'>non</span> 
     </span>
     <span class='ocr_line' id='line_1_3' title="bbox 47 255 1032 300; baseline -0.002 -10"><span class='ocrx_word' id='word_1_10' title='bbox 47 256 202 290; x_wconf 88' lang='lat' dir='ltr'>obedire.</span> <span class='ocrx_word' id='word_1_11' title='bbox 273 256 346 290; x_wconf 83' lang='lat' dir='ltr'>Nos</span> <span class='ocrx_word' id='word_1_12' title='bbox 377 262 494 289; x_wconf 86' lang='lat' dir='ltr'>autem</span> <span class='ocrx_word' id='word_1_13' title='bbox 527 256 677 288; x_wconf 85' lang='lat' dir='ltr'>sciamus</span> <span class='ocrx_word' id='word_1_14' title='bbox 710 255 904 300; x_wconf 85' lang='lat' dir='ltr'>plurimum</span> <span class='ocrx_word' id='word_1_15' title='bbox 940 255 1032 289; x_wconf 91' lang='lat' dir='ltr'>inter</span> 
     </span>
     <span class='ocr_line' id='line_1_4' title="bbox 45 305 1032 351; baseline 0 -11"><span class='ocrx_word' id='word_1_16' title='bbox 45 305 133 341; x_wconf 86' lang='lat' dir='ltr'>haec</span> <span class='ocrx_word' id='word_1_17' title='bbox 148 307 313 340; x_wconf 87' lang='lat' dir='ltr'>interesse</span> <span class='ocrx_word' id='word_1_18' title='bbox 332 306 428 339; x_wconf 79' lang='lat' dir='ltr'>iuxta</span> <span class='ocrx_word' id='word_1_19' title='bbox 443 305 678 350; x_wconf 81' lang='lat' dir='ltr'>Evangelium</span> <span class='ocrx_word' id='word_1_20' title='bbox 690 333 699 346; x_wconf 89' lang='lat'>‚</span> <span class='ocrx_word' id='word_1_21' title='bbox 725 308 821 351; x_wconf 87' lang='lat' dir='ltr'>qnod</span> <span class='ocrx_word' id='word_1_22' title='bbox 838 313 933 340; x_wconf 47' lang='lat' dir='ltr'>relat</span> <span class='ocrx_word' id='word_1_23' title='bbox 950 307 1032 340; x_wconf 89' lang='lat' dir='ltr'>obe-</span> 
     </span>
     <span class='ocr_line' id='line_1_5' title="bbox 45 357 1030 401; baseline -0.002 -9"><span class='ocrx_word' id='word_1_24' title='bbox 45 360 140 399; x_wconf 86' lang='lat' dir='ltr'>dire,</span> <span class='ocrx_word' id='word_1_25' title='bbox 174 358 203 392; x_wconf 88' lang='lat' dir='ltr'>si</span> <span class='ocrx_word' id='word_1_26' title='bbox 226 357 451 401; x_wconf 75' lang='lat' dir='ltr'>magistratus</span> <span class='ocrx_word' id='word_1_27' title='bbox 477 357 622 390; x_wconf 88' lang='lat' dir='ltr'>iubeant</span> <span class='ocrx_word' id='word_1_28' title='bbox 645 370 808 401; x_wconf 82' lang='lat' dir='ltr'>peccare,</span> <span class='ocrx_word' id='word_1_29' title='bbox 853 365 888 391; x_wconf 87' lang='lat' dir='ltr'>et</span> <span class='ocrx_word' id='word_1_30' title='bbox 912 365 1030 391; x_wconf 86' lang='lat' dir='ltr'>tamen</span> 
     </span>
     <span class='ocr_line' id='line_1_6' title="bbox 45 407 1030 454; baseline -0.001 -12"><span class='ocrx_word' id='word_1_31' title='bbox 45 410 220 454; x_wconf 84' lang='lat' dir='ltr'>privatam</span> <span class='ocrx_word' id='word_1_32' title='bbox 242 408 435 441; x_wconf 66' lang='lat' dir='ltr'>vindictam</span> <span class='ocrx_word' id='word_1_33' title='bbox 458 407 696 454; x_wconf 77' lang='lat' dir='ltr'>prol1ibet⁵⁸).</span> <span class='ocrx_word' id='word_1_34' title='bbox 749 410 869 454; x_wconf 80' lang='lat' dir='ltr'>Quare</span> <span class='ocrx_word' id='word_1_35' title='bbox 889 409 1030 448; x_wconf 87' lang='lat' dir='ltr'>Daniel,</span> 
     </span>
     <span class='ocr_line' id='line_1_7' title="bbox 43 458 1031 504; baseline 0 -11"><span class='ocrx_word' id='word_1_36' title='bbox 43 458 242 504; x_wconf 84' lang='lat' dir='ltr'>Prophetae</span> <span class='ocrx_word' id='word_1_37' title='bbox 264 465 298 492; x_wconf 91' lang='lat' dir='ltr'>et</span> <span class='ocrx_word' id='word_1_38' title='bbox 319 459 482 503; x_wconf 84' lang='lat' dir='ltr'><strong>Apostoli</strong></span> <span class='ocrx_word' id='word_1_39' title='bbox 509 472 582 492; x_wconf 90' lang='lat' dir='ltr'>non</span> <span class='ocrx_word' id='word_1_40' title='bbox 608 460 820 504; x_wconf 88' lang='lat' dir='ltr'>depulerunt</span> <span class='ocrx_word' id='word_1_41' title='bbox 843 461 915 493; x_wconf 75' lang='lat' dir='ltr'>vim</span> <span class='ocrx_word' id='word_1_42' title='bbox 940 460 1031 493; x_wconf 91' lang='lat' dir='ltr'>iniu-</span> 
     </span>
     <span class='ocr_line' id='line_1_8' title="bbox 44 510 1030 557; baseline -0.002 -12"><span class='ocrx_word' id='word_1_43' title='bbox 44 518 152 550; x_wconf 85' lang='lat' dir='ltr'>stam,</span> <span class='ocrx_word' id='word_1_44' title='bbox 196 510 335 544; x_wconf 82' lang='lat' dir='ltr'>tametsi</span> <span class='ocrx_word' id='word_1_45' title='bbox 369 510 497 543; x_wconf 82' lang='lat' dir='ltr'>alicubi</span> <span class='ocrx_word' id='word_1_46' title='bbox 531 523 604 544; x_wconf 87' lang='lat' dir='ltr'>non</span> <span class='ocrx_word' id='word_1_47' title='bbox 639 512 935 557; x_wconf 69' lang='lat' dir='ltr'>obtemperabant</span> <span class='ocrx_word' id='word_1_48' title='bbox 967 512 1030 544; x_wconf 92' lang='lat' dir='ltr'>do-</span> 
     </span>
     <span class='ocr_line' id='line_1_9' title="bbox 44 574 160 594; baseline 0 0"><span class='ocrx_word' id='word_1_49' title='bbox 44 574 160 594; x_wconf 75' lang='lat' dir='ltr'>nunus.</span> 
     </span>
    </p>

    <p class='ocr_par' dir='ltr' id='par_1_3' title="bbox 37 610 1029 1322">
     <span class='ocr_line' id='line_1_10' title="bbox 143 610 1029 657; baseline -0.001 -13"><span class='ocrx_word' id='word_1_50' title='bbox 143 611 275 656; x_wconf 83' lang='lat' dir='ltr'>Quaeri</span> <span class='ocrx_word' id='word_1_51' title='bbox 303 612 408 645; x_wconf 81' lang='lat' dir='ltr'>etiam</span> <span class='ocrx_word' id='word_1_52' title='bbox 433 610 500 646; x_wconf 90' lang='lat' dir='ltr'>hoc</span> <span class='ocrx_word' id='word_1_53' title='bbox 522 613 600 645; x_wconf 89' lang='lat' dir='ltr'>loco</span> <span class='ocrx_word' id='word_1_54' title='bbox 626 618 761 656; x_wconf 89' lang='lat' dir='ltr'>potest,</span> <span class='ocrx_word' id='word_1_55' title='bbox 798 623 904 657; x_wconf 88' lang='lat' dir='ltr'>quam</span> <span class='ocrx_word' id='word_1_56' title='bbox 928 610 1029 655; x_wconf 74' lang='lat' dir='ltr'>regni</span> 
     </span>
     <span class='ocr_line' id='line_1_11' title="bbox 40 661 1028 707; baseline 0 -12"><span class='ocrx_word' id='word_1_57' title='bbox 40 662 193 706; x_wconf 85' lang='lat' dir='ltr'>speciem</span> <span class='ocrx_word' id='word_1_58' title='bbox 221 664 395 707; x_wconf 73' lang='lat' dir='ltr'>approbet</span> <span class='ocrx_word' id='word_1_59' title='bbox 416 663 524 697; x_wconf 84' lang='lat' dir='ltr'>Deus.</span> <span class='ocrx_word' id='word_1_60' title='bbox 591 664 642 696; x_wconf 83' lang='lat' dir='ltr'>Ac</span> <span class='ocrx_word' id='word_1_61' title='bbox 665 663 810 695; x_wconf 85' lang='lat' dir='ltr'>ineniini</span> <span class='ocrx_word' id='word_1_62' title='bbox 832 661 897 695; x_wconf 89' lang='lat' dir='ltr'>hac</span> <span class='ocrx_word' id='word_1_63' title='bbox 921 663 964 695; x_wconf 91' lang='lat' dir='ltr'>de</span> <span class='ocrx_word' id='word_1_64' title='bbox 991 675 1028 695; x_wconf 89' lang='lat' dir='ltr'>re</span> 
     </span>
     <span class='ocr_line' id='line_1_12' title="bbox 40 711 1028 759; baseline 0.001 -15"><span class='ocrx_word' id='word_1_65' title='bbox 40 714 157 748; x_wconf 83' lang='lat' dir='ltr'>varias</span> <span class='ocrx_word' id='word_1_66' title='bbox 181 721 298 748; x_wconf 80' lang='lat' dir='ltr'>extare</span> <span class='ocrx_word' id='word_1_67' title='bbox 322 715 578 759; x_wconf 73' lang='lat' dir='ltr'>disputationes</span> <span class='ocrx_word' id='word_1_68' title='bbox 599 715 694 758; x_wconf 87' lang='lat' dir='ltr'>apud</span> <span class='ocrx_word' id='word_1_69' title='bbox 717 711 919 758; x_wconf 84' lang='lat' dir='ltr'>theologos,</span> <span class='ocrx_word' id='word_1_70' title='bbox 952 713 1028 758; x_wconf 86' lang='lat' dir='ltr'>qui-</span> 
     </span>
     <span class='ocr_line' id='line_1_13' title="bbox 39 765 1028 810; baseline 0.001 -14"><span class='ocrx_word' id='word_1_71' title='bbox 39 765 120 797; x_wconf 85' lang='lat' dir='ltr'>dam</span> <span class='ocrx_word' id='word_1_72' title='bbox 140 765 297 799; x_wconf 90' lang='lat' dir='ltr'>sentiunt</span> <span class='ocrx_word' id='word_1_73' title='bbox 310 766 468 799; x_wconf 86' lang='lat' dir='ltr'>subditos</span> <span class='ocrx_word' id='word_1_74' title='bbox 484 766 616 810; x_wconf 85' lang='lat' dir='ltr'>ubique</span> <span class='ocrx_word' id='word_1_75' title='bbox 635 778 715 798; x_wconf 69' lang='lat' dir='ltr'>vere</span> <span class='ocrx_word' id='word_1_76' title='bbox 734 777 854 798; x_wconf 87' lang='lat' dir='ltr'>servos</span> <span class='ocrx_word' id='word_1_77' title='bbox 869 776 960 804; x_wconf 89' lang='lat' dir='ltr'>esse,</span> <span class='ocrx_word' id='word_1_78' title='bbox 989 777 1028 797; x_wconf 88' lang='lat' dir='ltr'>ac</span> 
     </span>
     <span class='ocr_line' id='line_1_14' title="bbox 40 814 1027 861; baseline 0.001 -14"><span class='ocrx_word' id='word_1_79' title='bbox 40 814 131 848; x_wconf 85' lang='lat' dir='ltr'>nihil</span> <span class='ocrx_word' id='word_1_80' title='bbox 148 815 276 850; x_wconf 77' lang='lat' dir='ltr'>hahere</span> <span class='ocrx_word' id='word_1_81' title='bbox 294 816 492 861; x_wconf 86' lang='lat' dir='ltr'>proprium.</span> <span class='ocrx_word' id='word_1_82' title='bbox 545 816 615 848; x_wconf 84' lang='lat' dir='ltr'>Alii</span> <span class='ocrx_word' id='word_1_83' title='bbox 632 823 754 849; x_wconf 89' lang='lat' dir='ltr'>contra</span> <span class='ocrx_word' id='word_1_84' title='bbox 776 814 866 848; x_wconf 84' lang='lat' dir='ltr'>hanc</span> <span class='ocrx_word' id='word_1_85' title='bbox 894 815 1027 849; x_wconf 83' lang='lat' dir='ltr'>acerbi-</span> 
     </span>
     <span class='ocr_line' id='line_1_15' title="bbox 42 867 1026 911; baseline 0.001 -13"><span class='ocrx_word' id='word_1_86' title='bbox 42 873 150 900; x_wconf 85' lang='lat' dir='ltr'>tatem</span> <span class='ocrx_word' id='word_1_87' title='bbox 176 868 353 901; x_wconf 87' lang='lat' dir='ltr'>servitutis</span> <span class='ocrx_word' id='word_1_88' title='bbox 388 880 466 900; x_wconf 79' lang='lat' dir='ltr'>cuin</span> <span class='ocrx_word' id='word_1_89' title='bbox 492 867 686 911; x_wconf 75' lang='lat' dir='ltr'>Evangelio</span> <span class='ocrx_word' id='word_1_90' title='bbox 718 879 876 911; x_wconf 83' lang='lat' dir='ltr'>pugnare</span> <span class='ocrx_word' id='word_1_91' title='bbox 907 867 1026 911; x_wconf 87' lang='lat' dir='ltr'>dispu-</span> 
     </span>
     <span class='ocr_line' id='line_1_16' title="bbox 43 916 1025 964; baseline 0 -14"><span class='ocrx_word' id='word_1_92' title='bbox 43 924 130 951; x_wconf 86' lang='lat' dir='ltr'>tant.</span> <span class='ocrx_word' id='word_1_93' title='bbox 198 918 244 950; x_wconf 84' lang='lat' dir='ltr'>Et</span> <span class='ocrx_word' id='word_1_94' title='bbox 271 916 337 951; x_wconf 89' lang='lat' dir='ltr'>hoc</span> <span class='ocrx_word' id='word_1_95' title='bbox 366 918 477 963; x_wconf 87' lang='lat' dir='ltr'>impio</span> <span class='ocrx_word' id='word_1_96' title='bbox 507 925 690 963; x_wconf 84' lang='lat' dir='ltr'>praetextu</span> <span class='ocrx_word' id='word_1_97' title='bbox 722 925 802 951; x_wconf 89' lang='lat' dir='ltr'>ante</span> <span class='ocrx_word' id='word_1_98' title='bbox 827 918 1025 964; x_wconf 84' lang='lat' dir='ltr'>quinqueu-</span> 
     </span>
     <span class='ocr_line' id='line_1_17' title="bbox 40 968 1025 1013; baseline 0.002 -13"><span class='ocrx_word' id='word_1_99' title='bbox 40 968 194 1013; x_wconf 73' lang='lat' dir='ltr'>niu11150)</span> <span class='ocrx_word' id='word_1_100' title='bbox 215 970 483 1002; x_wconf 85' lang='lat' dir='ltr'>concitaverunt</span> <span class='ocrx_word' id='word_1_101' title='bbox 505 970 649 1013; x_wconf 77' lang='lat' dir='ltr'>vulgus,</span> <span class='ocrx_word' id='word_1_102' title='bbox 683 976 723 1003; x_wconf 89' lang='lat' dir='ltr'>ut</span> <span class='ocrx_word' id='word_1_103' title='bbox 747 970 946 1003; x_wconf 83' lang='lat' dir='ltr'>libertatem</span> <span class='ocrx_word' id='word_1_104' title='bbox 971 981 1025 1002; x_wconf 85' lang='lat' dir='ltr'>ar-</span> 
     </span>
     <span class='ocr_line' id='line_1_18' title="bbox 39 1019 1025 1065; baseline 0.002 -14"><span class='ocrx_word' id='word_1_105' title='bbox 39 1019 105 1052; x_wconf 80' lang='lat' dir='ltr'>inis</span> <span class='ocrx_word' id='word_1_106' title='bbox 129 1028 355 1064; x_wconf 85' lang='lat' dir='ltr'>recuperaret</span> <span class='ocrx_word' id='word_1_107' title='bbox 378 1021 552 1065; x_wconf 80' lang='lat' dir='ltr'>oppressis</span> <span class='ocrx_word' id='word_1_108' title='bbox 574 1021 806 1065; x_wconf 83' lang='lat' dir='ltr'>principibus.</span> <span class='ocrx_word' id='word_1_109' title='bbox 868 1021 1025 1055; x_wconf 83' lang='lat' dir='ltr'>Circum—</span> 
     </span>
     <span class='ocr_line' id='line_1_19' title="bbox 37 1071 1024 1117; baseline 0.001 -14"><span class='ocrx_word' id='word_1_110' title='bbox 37 1071 216 1104; x_wconf 87' lang='lat' dir='ltr'>serebatur</span> <span class='ocrx_word' id='word_1_111' title='bbox 234 1071 364 1115; x_wconf 82' lang='lat' dir='ltr'>impius</span> <span class='ocrx_word' id='word_1_112' title='bbox 379 1084 418 1104; x_wconf 91' lang='lat' dir='ltr'>ac</span> <span class='ocrx_word' id='word_1_113' title='bbox 434 1072 620 1105; x_wconf 88' lang='lat' dir='ltr'>seditiosus</span> <span class='ocrx_word' id='word_1_114' title='bbox 646 1072 783 1105; x_wconf 90' lang='lat' dir='ltr'>libellus</span> <span class='ocrx_word' id='word_1_115' title='bbox 793 1071 859 1117; x_wconf 74' lang='lat'>⁰⁰),</span> <span class='ocrx_word' id='word_1_116' title='bbox 895 1072 931 1105; x_wconf 85' lang='lat' dir='ltr'>iu</span> <span class='ocrx_word' id='word_1_117' title='bbox 954 1084 1024 1117; x_wconf 82' lang='lat' dir='ltr'>quo</span> 
     </span>
     <span class='ocr_line' id='line_1_20' title="bbox 37 1121 1025 1169; baseline 0.001 -15"><span class='ocrx_word' id='word_1_118' title='bbox 37 1121 154 1155; x_wconf 86' lang='lat' dir='ltr'>iuerat</span> <span class='ocrx_word' id='word_1_119' title='bbox 177 1122 368 1166; x_wconf 87' lang='lat' dir='ltr'>disputatio</span> <span class='ocrx_word' id='word_1_120' title='bbox 396 1124 492 1169; x_wconf 85' lang='lat' dir='ltr'>quod</span> <span class='ocrx_word' id='word_1_121' title='bbox 516 1129 697 1167; x_wconf 80' lang='lat' dir='ltr'>oporteret</span> <span class='ocrx_word' id='word_1_122' title='bbox 718 1121 939 1157; x_wconf 83' lang='lat' dir='ltr'>Christianos</span> <span class='ocrx_word' id='word_1_123' title='bbox 963 1121 1025 1155; x_wconf 88' lang='lat' dir='ltr'>ha-</span> 
     </span>
     <span class='ocr_line' id='line_1_21' title="bbox 39 1173 1025 1213; baseline 0 -8"><span class='ocrx_word' id='word_1_124' title='bbox 39 1173 121 1206; x_wconf 88' lang='lat' dir='ltr'>bcrc</span> <span class='ocrx_word' id='word_1_125' title='bbox 141 1174 363 1207; x_wconf 76' lang='lat' dir='ltr'>vocatiouem</span> <span class='ocrx_word' id='word_1_126' title='bbox 389 1187 599 1213; x_wconf 84' lang='lat' dir='ltr'>munerum,</span> <span class='ocrx_word' id='word_1_127' title='bbox 626 1180 659 1206; x_wconf 89' lang='lat' dir='ltr'>et</span> <span class='ocrx_word' id='word_1_128' title='bbox 677 1173 938 1207; x_wconf 80' lang='lat' dir='ltr'>immunitatem</span> <span class='ocrx_word' id='word_1_129' title='bbox 963 1174 1025 1206; x_wconf 88' lang='lat' dir='ltr'>tri-</span> 
     </span>
     <span class='ocr_line' id='line_1_22' title="bbox 39 1225 1023 1269; baseline 0.002 -13"><span class='ocrx_word' id='word_1_130' title='bbox 39 1225 220 1258; x_wconf 85' lang='lat' dir='ltr'>butorum.</span> <span class='ocrx_word' id='word_1_131' title='bbox 291 1225 321 1259; x_wconf 87' lang='lat' dir='ltr'>ls</span> <span class='ocrx_word' id='word_1_132' title='bbox 343 1226 481 1259; x_wconf 85' lang='lat' dir='ltr'>libellus</span> <span class='ocrx_word' id='word_1_133' title='bbox 511 1226 694 1258; x_wconf 85' lang='lat' dir='ltr'>dicebatur</span> <span class='ocrx_word' id='word_1_134' title='bbox 724 1225 875 1269; x_wconf 79' lang='lat' dir='ltr'>scriptus</span> <span class='ocrx_word' id='word_1_135' title='bbox 904 1237 976 1259; x_wconf 84' lang='lat' dir='ltr'>esse</span> <span class='ocrx_word' id='word_1_136' title='bbox 1005 1237 1023 1258; x_wconf 87' lang='lat' dir='ltr'>a</span> 
     </span>
     <span class='ocr_line' id='line_1_23' title="bbox 39 1274 1024 1322; baseline 0 -14"><span class='ocrx_word' id='word_1_137' title='bbox 39 1274 232 1319; x_wconf 86' lang='lat' dir='ltr'>Scbaplero</span> <span class='ocrx_word' id='word_1_138' title='bbox 245 1276 290 1322; x_wconf 81' lang='lat'>⁰¹)</span> <span class='ocrx_word' id='word_1_139' title='bbox 322 1278 500 1322; x_wconf 59' lang='lat' dir='ltr'>(wodani,</span> <span class='ocrx_word' id='word_1_140' title='bbox 542 1276 603 1322; x_wconf 86' lang='lat' dir='ltr'>qui</span> <span class='ocrx_word' id='word_1_141' title='bbox 628 1288 668 1309; x_wconf 89' lang='lat' dir='ltr'>eo</span> <span class='ocrx_word' id='word_1_142' title='bbox 693 1283 852 1321; x_wconf 82' lang='lat' dir='ltr'>tempore</span> <span class='ocrx_word' id='word_1_143' title='bbox 876 1277 913 1309; x_wconf 89' lang='lat' dir='ltr'>iu</span> <span class='ocrx_word' id='word_1_144' title='bbox 937 1276 1024 1310; x_wconf 85' lang='lat' dir='ltr'>urbe</span> 
     </span>
    </p>
   </div>
   <div class='ocr_carea' id='block_1_3' title="bbox 76 1392 1024 1535">
    <p class='ocr_par' dir='ltr' id='par_1_4' title="bbox 76 1392 1023 1458">
     <span class='ocr_line' id='line_1_24' title="bbox 76 1392 1023 1423; baseline -0.002 -6"><span class='ocrx_word' id='word_1_145' title='bbox 76 1394 124 1421; x_wconf 77' lang='lat'>58)</span> <span class='ocrx_word' id='word_1_146' title='bbox 147 1395 283 1423; x_wconf 82' lang='lat' dir='ltr'>prohibet]</span> <span class='ocrx_word' id='word_1_147' title='bbox 303 1394 351 1417; x_wconf 86' lang='lat' dir='ltr'>hoc</span> <span class='ocrx_word' id='word_1_148' title='bbox 370 1394 396 1417; x_wconf 90' lang='lat' dir='ltr'>in</span> <span class='ocrx_word' id='word_1_149' title='bbox 425 1393 546 1417; x_wconf 81' lang='lat' dir='ltr'>omnibns</span> <span class='ocrx_word' id='word_1_150' title='bbox 564 1393 646 1417; x_wconf 83' lang='lat' dir='ltr'>Editt.</span> <span class='ocrx_word' id='word_1_151' title='bbox 673 1393 804 1417; x_wconf 78' lang='lat' dir='ltr'>omissum</span> <span class='ocrx_word' id='word_1_152' title='bbox 831 1392 857 1416; x_wconf 89' lang='lat' dir='ltr'>in</span> <span class='ocrx_word' id='word_1_153' title='bbox 881 1393 935 1416; x_wconf 84' lang='lat' dir='ltr'>fine</span> <span class='ocrx_word' id='word_1_154' title='bbox 953 1392 1023 1416; x_wconf 87' lang='lat' dir='ltr'>Edit.</span> 
     </span>
     <span class='ocr_line' id='line_1_25' title="bbox 113 1427 784 1458; baseline -0.001 -6"><span class='ocrx_word' id='word_1_155' title='bbox 113 1429 187 1452; x_wconf 76' lang='lat'><strong>1530.</strong></span> <span class='ocrx_word' id='word_1_156' title='bbox 207 1429 248 1458; x_wconf 55' lang='lat' dir='ltr'>(in</span> <span class='ocrx_word' id='word_1_157' title='bbox 268 1429 389 1456; x_wconf 84' lang='lat' dir='ltr'>Erratis)</span> <span class='ocrx_word' id='word_1_158' title='bbox 408 1428 448 1450; x_wconf 87' lang='lat' dir='ltr'>his</span> <span class='ocrx_word' id='word_1_159' title='bbox 466 1428 556 1451; x_wconf 88' lang='lat' dir='ltr'>verbis</span> <span class='ocrx_word' id='word_1_160' title='bbox 575 1429 649 1450; x_wconf 86' lang='lat' dir='ltr'>recte</span> <span class='ocrx_word' id='word_1_161' title='bbox 667 1427 784 1451; x_wconf 81' lang='lat' dir='ltr'>additur.</span> 
     </span>
    </p>

    <p class='ocr_par' dir='ltr' id='par_1_5' title="bbox 76 1469 1024 1535">
     <span class='ocr_line' id='line_1_26' title="bbox 76 1469 1024 1502; baseline 0 -8"><span class='ocrx_word' id='word_1_162' title='bbox 76 1470 123 1502; x_wconf 80' lang='lat'>59)</span> <span class='ocrx_word' id='word_1_163' title='bbox 143 1471 159 1494; x_wconf 94' lang='lat' dir='ltr'>i.</span> <span class='ocrx_word' id='word_1_164' title='bbox 175 1477 196 1495; x_wconf 90' lang='lat' dir='ltr'>e.</span> <span class='ocrx_word' id='word_1_165' title='bbox 216 1477 286 1494; x_wconf 87' lang='lat' dir='ltr'>anno</span> <span class='ocrx_word' id='word_1_166' title='bbox 304 1471 394 1501; x_wconf 79' lang='lat'>1525.;</span> <span class='ocrx_word' id='word_1_167' title='bbox 418 1471 468 1494; x_wconf 90' lang='lat' dir='ltr'>hoc</span> <span class='ocrx_word' id='word_1_168' title='bbox 487 1470 557 1494; x_wconf 84' lang='lat' dir='ltr'>enim</span> <span class='ocrx_word' id='word_1_169' title='bbox 575 1470 685 1500; x_wconf 83' lang='lat' dir='ltr'>scripsit</span> <span class='ocrx_word' id='word_1_170' title='bbox 702 1476 726 1494; x_wconf 83' lang='lat' dir='ltr'>a.</span> <span class='ocrx_word' id='word_1_171' title='bbox 744 1471 834 1502; x_wconf 83' lang='lat'>1530.,</span> <span class='ocrx_word' id='word_1_172' title='bbox 853 1476 905 1500; x_wconf 83' lang='lat' dir='ltr'>quo</span> <span class='ocrx_word' id='word_1_173' title='bbox 925 1469 1024 1494; x_wconf 88' lang='lat' dir='ltr'>editio-</span> 
     </span>
     <span class='ocr_line' id='line_1_27' title="bbox 111 1505 748 1535; baseline -0.002 -7"><span class='ocrx_word' id='word_1_174' title='bbox 111 1512 170 1528; x_wconf 89' lang='lat' dir='ltr'>nem</span> <span class='ocrx_word' id='word_1_175' title='bbox 190 1506 337 1535; x_wconf 70' lang='lat' dir='ltr'>principem</span> <span class='ocrx_word' id='word_1_176' title='bbox 355 1506 433 1528; x_wconf 87' lang='lat' dir='ltr'>huius</span> <span class='ocrx_word' id='word_1_177' title='bbox 451 1505 638 1529; x_wconf 81' lang='lat' dir='ltr'>commentarii</span> <span class='ocrx_word' id='word_1_178' title='bbox 658 1505 748 1528; x_wconf 85' lang='lat' dir='ltr'>edidit.</span> 
     </span>
    </p>
   </div>
   <div class='ocr_carea' id='block_1_4' title="bbox 77 1547 1025 2537">
    <p class='ocr_par' dir='ltr' id='par_1_6' title="bbox 77 1547 1025 2537">
     <span class='ocr_line' id='line_1_28' title="bbox 77 1547 821 1577; baseline 0.001 -7"><span class='ocrx_word' id='word_1_179' title='bbox 77 1548 125 1577; x_wconf 80' lang='lat'>60)</span> <span class='ocrx_word' id='word_1_180' title='bbox 145 1549 194 1571; x_wconf 82' lang='lat' dir='ltr'>Hic</span> <span class='ocrx_word' id='word_1_181' title='bbox 217 1548 323 1570; x_wconf 90' lang='lat' dir='ltr'>libellus</span> <span class='ocrx_word' id='word_1_182' title='bbox 342 1548 479 1571; x_wconf 80' lang='lat' dir='ltr'>duodecim</span> <span class='ocrx_word' id='word_1_183' title='bbox 498 1547 631 1571; x_wconf 76' lang='lat' dir='ltr'>articulos</span> <span class='ocrx_word' id='word_1_184' title='bbox 651 1548 821 1577; x_wconf 77' lang='lat' dir='ltr'>continebat,</span> 
     </span>
     <span class='ocr_line' id='line_1_29' title="bbox 110 1582 1024 1613; baseline 0 -8"><span class='ocrx_word' id='word_1_185' title='bbox 110 1584 168 1606; x_wconf 78' lang='lat' dir='ltr'>stes</span> <span class='ocrx_word' id='word_1_186' title='bbox 187 1583 381 1605; x_wconf 75' lang='lat' dir='ltr'>tumultuantes</span> <span class='ocrx_word' id='word_1_187' title='bbox 399 1582 562 1612; x_wconf 87' lang='lat' dir='ltr'>principibus</span> <span class='ocrx_word' id='word_1_188' title='bbox 578 1583 604 1605; x_wconf 88' lang='lat' dir='ltr'>et</span> <span class='ocrx_word' id='word_1_189' title='bbox 619 1582 824 1611; x_wconf 67' lang='lat' dir='ltr'>magistratibus</span> <span class='ocrx_word' id='word_1_190' title='bbox 838 1582 1024 1613; x_wconf 68' lang='lat' dir='ltr'>porrigebant,</span> 
     </span>
     <span class='ocr_line' id='line_1_30' title="bbox 110 1616 1024 1647; baseline 0 -8"><span class='ocrx_word' id='word_1_191' title='bbox 110 1617 205 1646; x_wconf 86' lang='lat' dir='ltr'>quihus</span> <span class='ocrx_word' id='word_1_192' title='bbox 225 1617 413 1645; x_wconf 77' lang='lat' dir='ltr'>postulabant,</span> <span class='ocrx_word' id='word_1_193' title='bbox 438 1618 467 1639; x_wconf 90' lang='lat' dir='ltr'>ut</span> <span class='ocrx_word' id='word_1_194' title='bbox 485 1616 535 1639; x_wconf 85' lang='lat' dir='ltr'>sibi</span> <span class='ocrx_word' id='word_1_195' title='bbox 554 1617 676 1646; x_wconf 85' lang='lat' dir='ltr'>potestas</span> <span class='ocrx_word' id='word_1_196' title='bbox 696 1617 890 1639; x_wconf 74' lang='lat' dir='ltr'>concederetur</span> <span class='ocrx_word' id='word_1_197' title='bbox 907 1617 1024 1647; x_wconf 68' lang='lat' dir='ltr'>eligendi</span> 
     </span>
     <span class='ocr_line' id='line_1_31' title="bbox 109 1651 1024 1680; baseline -0.001 -6"><span class='ocrx_word' id='word_1_198' title='bbox 109 1651 266 1679; x_wconf 84' lang='lat' dir='ltr'>ministros,</span> <span class='ocrx_word' id='word_1_199' title='bbox 286 1656 381 1680; x_wconf 85' lang='lat' dir='ltr'>purum</span> <span class='ocrx_word' id='word_1_200' title='bbox 400 1651 511 1674; x_wconf 80' lang='lat' dir='ltr'>verbum</span> <span class='ocrx_word' id='word_1_201' title='bbox 529 1651 594 1680; x_wconf 81' lang='lat' dir='ltr'>Dei,</span> <span class='ocrx_word' id='word_1_202' title='bbox 614 1651 673 1673; x_wconf 88' lang='lat' dir='ltr'>sine</span> <span class='ocrx_word' id='word_1_203' title='bbox 693 1651 764 1674; x_wconf 87' lang='lat' dir='ltr'>omui</span> <span class='ocrx_word' id='word_1_204' title='bbox 782 1652 957 1674; x_wconf 86' lang='lat' dir='ltr'>humanorum</span> <span class='ocrx_word' id='word_1_205' title='bbox 976 1651 1024 1674; x_wconf 83' lang='lat' dir='ltr'>de·</span> 
     </span>
     <span class='ocr_line' id='line_1_32' title="bbox 108 1685 1023 1715; baseline -0.001 -6"><span class='ocrx_word' id='word_1_206' title='bbox 108 1687 245 1709; x_wconf 83' lang='lat' dir='ltr'>cretorum</span> <span class='ocrx_word' id='word_1_207' title='bbox 264 1685 443 1715; x_wconf 77' lang='lat' dir='ltr'>admixtione,</span> <span class='ocrx_word' id='word_1_208' title='bbox 467 1686 688 1715; x_wconf 80' lang='lat' dir='ltr'>praedicaturos3</span> <span class='ocrx_word' id='word_1_209' title='bbox 717 1687 746 1708; x_wconf 92' lang='lat' dir='ltr'>nt</span> <span class='ocrx_word' id='word_1_210' title='bbox 765 1685 882 1708; x_wconf 82' lang='lat' dir='ltr'>decimas</span> <span class='ocrx_word' id='word_1_211' title='bbox 900 1691 952 1708; x_wconf 88' lang='lat' dir='ltr'>nou</span> <span class='ocrx_word' id='word_1_212' title='bbox 972 1685 1023 1708; x_wconf 88' lang='lat' dir='ltr'>nisi</span> 
     </span>
     <span class='ocr_line' id='line_1_33' title="bbox 109 1719 1024 1749; baseline 0 -6"><span class='ocrx_word' id='word_1_213' title='bbox 109 1726 143 1743; x_wconf 83' lang='lat' dir='ltr'>ex</span> <span class='ocrx_word' id='word_1_214' title='bbox 163 1720 298 1742; x_wconf 82' lang='lat' dir='ltr'>frumento</span> <span class='ocrx_word' id='word_1_215' title='bbox 318 1720 427 1743; x_wconf 85' lang='lat' dir='ltr'>solvere</span> <span class='ocrx_word' id='word_1_216' title='bbox 446 1721 622 1749; x_wconf 84' lang='lat' dir='ltr'>tenerentur,</span> <span class='ocrx_word' id='word_1_217' title='bbox 656 1719 825 1743; x_wconf 84' lang='lat' dir='ltr'>solummodo</span> <span class='ocrx_word' id='word_1_218' title='bbox 850 1720 876 1742; x_wconf 93' lang='lat' dir='ltr'>in</span> <span class='ocrx_word' id='word_1_219' title='bbox 896 1720 1024 1743; x_wconf 87' lang='lat' dir='ltr'>alimenta</span> 
     </span>
     <span class='ocr_line' id='line_1_34' title="bbox 107 1753 1024 1783; baseline 0 -6"><span class='ocrx_word' id='word_1_220' title='bbox 107 1753 294 1778; x_wconf 85' lang='lat' dir='ltr'>ministrorum</span> <span class='ocrx_word' id='word_1_221' title='bbox 319 1755 345 1776; x_wconf 90' lang='lat' dir='ltr'>et</span> <span class='ocrx_word' id='word_1_222' title='bbox 368 1759 514 1783; x_wconf 87' lang='lat' dir='ltr'>pauperum</span> <span class='ocrx_word' id='word_1_223' title='bbox 539 1753 747 1783; x_wconf 79' lang='lat' dir='ltr'>impendendas3</span> <span class='ocrx_word' id='word_1_224' title='bbox 778 1760 811 1776; x_wconf 90' lang='lat' dir='ltr'>ne</span> <span class='ocrx_word' id='word_1_225' title='bbox 837 1754 972 1783; x_wconf 76' lang='lat' dir='ltr'>principes</span> <span class='ocrx_word' id='word_1_226' title='bbox 997 1756 1024 1777; x_wconf 87' lang='lat' dir='ltr'>et</span> 
     </span>
     <span class='ocr_line' id='line_1_35' title="bbox 108 1788 1023 1819; baseline 0 -8"><span class='ocrx_word' id='word_1_227' title='bbox 108 1788 287 1819; x_wconf 74' lang='lat' dir='ltr'>magistratus</span> <span class='ocrx_word' id='word_1_228' title='bbox 312 1790 394 1817; x_wconf 88' lang='lat' dir='ltr'>(quos</span> <span class='ocrx_word' id='word_1_229' title='bbox 413 1788 572 1815; x_wconf 72' lang='lat' dir='ltr'>toleraturi,</span> <span class='ocrx_word' id='word_1_230' title='bbox 597 1794 743 1817; x_wconf 85' lang='lat' dir='ltr'>eorumque</span> <span class='ocrx_word' id='word_1_231' title='bbox 760 1789 911 1819; x_wconf 84' lang='lat' dir='ltr'>mandatis,</span> <span class='ocrx_word' id='word_1_232' title='bbox 937 1795 1023 1818; x_wconf 85' lang='lat' dir='ltr'>neque</span> 
     </span>
     <span class='ocr_line' id='line_1_36' title="bbox 110 1822 1022 1852; baseline -0.001 -6"><span class='ocrx_word' id='word_1_233' title='bbox 110 1825 200 1846; x_wconf 82' lang='lat' dir='ltr'>tamen</span> <span class='ocrx_word' id='word_1_234' title='bbox 219 1823 298 1848; x_wconf 81' lang='lat' dir='ltr'>aliis,</span> <span class='ocrx_word' id='word_1_235' title='bbox 318 1828 395 1851; x_wconf 86' lang='lat' dir='ltr'>qnam</span> <span class='ocrx_word' id='word_1_236' title='bbox 416 1828 484 1852; x_wconf 85' lang='lat' dir='ltr'>quae</span> <span class='ocrx_word' id='word_1_237' title='bbox 502 1822 639 1845; x_wconf 81' lang='lat' dir='ltr'>honestati</span> <span class='ocrx_word' id='word_1_238' title='bbox 659 1823 685 1844; x_wconf 85' lang='lat' dir='ltr'>et</span> <span class='ocrx_word' id='word_1_239' title='bbox 700 1822 798 1845; x_wconf 87' lang='lat' dir='ltr'>rationi</span> <span class='ocrx_word' id='word_1_240' title='bbox 812 1822 960 1846; x_wconf 83' lang='lat' dir='ltr'>convenire</span> <span class='ocrx_word' id='word_1_241' title='bbox 974 1823 1022 1852; x_wconf 85' lang='lat' dir='ltr'>ipsi</span> 
     </span>
     <span class='ocr_line' id='line_1_37' title="bbox 110 1856 1022 1886; baseline -0.001 -6"><span class='ocrx_word' id='word_1_242' title='bbox 110 1857 209 1880; x_wconf 86' lang='lat' dir='ltr'>subditi</span> <span class='ocrx_word' id='word_1_243' title='bbox 228 1856 394 1884; x_wconf 74' lang='lat' dir='ltr'>iudicarent,</span> <span class='ocrx_word' id='word_1_244' title='bbox 421 1857 536 1885; x_wconf 87' lang='lat' dir='ltr'>parituri</span> <span class='ocrx_word' id='word_1_245' title='bbox 556 1857 664 1883; x_wconf 82' lang='lat' dir='ltr'>essent]</span> <span class='ocrx_word' id='word_1_246' title='bbox 685 1863 715 1879; x_wconf 81' lang='lat' dir='ltr'>se</span> <span class='ocrx_word' id='word_1_247' title='bbox 734 1857 845 1885; x_wconf 83' lang='lat' dir='ltr'>posthae</span> <span class='ocrx_word' id='word_1_248' title='bbox 864 1863 912 1886; x_wconf 89' lang='lat' dir='ltr'>pro</span> <span class='ocrx_word' id='word_1_249' title='bbox 932 1857 1022 1880; x_wconf 82' lang='lat' dir='ltr'>servis</span> 
     </span>
     <span class='ocr_line' id='line_1_38' title="bbox 109 1891 1023 1921; baseline -0.002 -6"><span class='ocrx_word' id='word_1_250' title='bbox 109 1892 256 1920; x_wconf 82' lang='lat' dir='ltr'>haberent,</span> <span class='ocrx_word' id='word_1_251' title='bbox 292 1892 354 1920; x_wconf 82' lang='lat' dir='ltr'>quia</span> <span class='ocrx_word' id='word_1_252' title='bbox 378 1891 500 1920; x_wconf 79' lang='lat' dir='ltr'>pretioso</span> <span class='ocrx_word' id='word_1_253' title='bbox 521 1891 623 1914; x_wconf 71' lang='lat' dir='ltr'>Christi</span> <span class='ocrx_word' id='word_1_254' title='bbox 648 1891 779 1921; x_wconf 64' lang='lat' dir='ltr'>sanguine</span> <span class='ocrx_word' id='word_1_255' title='bbox 801 1897 894 1914; x_wconf 83' lang='lat' dir='ltr'>omnes</span> <span class='ocrx_word' id='word_1_256' title='bbox 916 1892 1023 1914; x_wconf 81' lang='lat' dir='ltr'>liberati</span> 
     </span>
     <span class='ocr_line' id='line_1_39' title="bbox 109 1926 1022 1954; baseline -0.001 -6"><span class='ocrx_word' id='word_1_257' title='bbox 109 1927 219 1954; x_wconf 82' lang='lat' dir='ltr'>cssent;</span> <span class='ocrx_word' id='word_1_258' title='bbox 257 1931 354 1954; x_wconf 84' lang='lat' dir='ltr'>porro,</span> <span class='ocrx_word' id='word_1_259' title='bbox 391 1927 419 1948; x_wconf 88' lang='lat' dir='ltr'>ut</span> <span class='ocrx_word' id='word_1_260' title='bbox 450 1931 548 1953; x_wconf 63' lang='lat' dir='ltr'>magna</span> <span class='ocrx_word' id='word_1_261' title='bbox 574 1931 703 1951; x_wconf 76' lang='lat' dir='ltr'>onerum,</span> <span class='ocrx_word' id='word_1_262' title='bbox 740 1930 807 1954; x_wconf 87' lang='lat' dir='ltr'>qnae</span> <span class='ocrx_word' id='word_1_263' title='bbox 832 1926 1022 1953; x_wconf 59' lang='lat' dir='ltr'>exigebantur,</span> 
     </span>
     <span class='ocr_line' id='line_1_40' title="bbox 110 1959 1023 1990; baseline 0 -8"><span class='ocrx_word' id='word_1_264' title='bbox 110 1961 189 1990; x_wconf 81' lang='lat' dir='ltr'>parte</span> <span class='ocrx_word' id='word_1_265' title='bbox 208 1961 382 1987; x_wconf 55' lang='lat' dir='ltr'>tevai-emtum</span> <span class='ocrx_word' id='word_1_266' title='bbox 402 1961 430 1982; x_wconf 89' lang='lat' dir='ltr'>nt</span> <span class='ocrx_word' id='word_1_267' title='bbox 444 1959 558 1982; x_wconf 86' lang='lat' dir='ltr'>venandi</span> <span class='ocrx_word' id='word_1_268' title='bbox 578 1962 604 1982; x_wconf 87' lang='lat' dir='ltr'>et</span> <span class='ocrx_word' id='word_1_269' title='bbox 624 1959 744 1988; x_wconf 76' lang='lat' dir='ltr'>piscandi</span> <span class='ocrx_word' id='word_1_270' title='bbox 763 1960 805 1982; x_wconf 87' lang='lat' dir='ltr'>ius</span> <span class='ocrx_word' id='word_1_271' title='bbox 824 1959 919 1989; x_wconf 86' lang='lat' dir='ltr'>ubique</span> <span class='ocrx_word' id='word_1_272' title='bbox 940 1960 1023 1983; x_wconf 83' lang='lat' dir='ltr'>habe-</span> 
     </span>
     <span class='ocr_line' id='line_1_41' title="bbox 110 1993 1023 2023; baseline -0.001 -5"><span class='ocrx_word' id='word_1_273' title='bbox 110 1996 187 2023; x_wconf 84' lang='lat' dir='ltr'>reut,</span> <span class='ocrx_word' id='word_1_274' title='bbox 209 1994 291 2017; x_wconf 84' lang='lat' dir='ltr'>Deum</span> <span class='ocrx_word' id='word_1_275' title='bbox 310 1994 379 2017; x_wconf 88' lang='lat' dir='ltr'>enim</span> <span class='ocrx_word' id='word_1_276' title='bbox 397 1995 430 2017; x_wconf 89' lang='lat' dir='ltr'>ab</span> <span class='ocrx_word' id='word_1_277' title='bbox 450 1994 525 2016; x_wconf 86' lang='lat' dir='ltr'>initio</span> <span class='ocrx_word' id='word_1_278' title='bbox 544 1994 633 2017; x_wconf 81' lang='lat' dir='ltr'>numdi</span> <span class='ocrx_word' id='word_1_279' title='bbox 652 1993 802 2016; x_wconf 83' lang='lat' dir='ltr'>hominihus</span> <span class='ocrx_word' id='word_1_280' title='bbox 828 1993 971 2017; x_wconf 88' lang='lat' dir='ltr'>dominium</span> <span class='ocrx_word' id='word_1_281' title='bbox 997 1994 1023 2017; x_wconf 88' lang='lat' dir='ltr'>in</span> 
     </span>
     <span class='ocr_line' id='line_1_42' title="bbox 111 2028 1023 2057; baseline 0 -6"><span class='ocrx_word' id='word_1_282' title='bbox 111 2030 190 2052; x_wconf 87' lang='lat' dir='ltr'>bruta</span> <span class='ocrx_word' id='word_1_283' title='bbox 211 2028 334 2057; x_wconf 80' lang='lat' dir='ltr'>dedisse;</span> <span class='ocrx_word' id='word_1_284' title='bbox 367 2030 395 2050; x_wconf 90' lang='lat' dir='ltr'>ut</span> <span class='ocrx_word' id='word_1_285' title='bbox 415 2028 502 2051; x_wconf 80' lang='lat' dir='ltr'>silvae</span> <span class='ocrx_word' id='word_1_286' title='bbox 521 2034 675 2051; x_wconf 81' lang='lat' dir='ltr'>communes</span> <span class='ocrx_word' id='word_1_287' title='bbox 696 2028 803 2055; x_wconf 84' lang='lat' dir='ltr'>essent,</span> <span class='ocrx_word' id='word_1_288' title='bbox 830 2029 856 2050; x_wconf 89' lang='lat' dir='ltr'>et</span> <span class='ocrx_word' id='word_1_289' title='bbox 875 2028 970 2057; x_wconf 85' lang='lat' dir='ltr'>cuique</span> <span class='ocrx_word' id='word_1_290' title='bbox 988 2028 1023 2051; x_wconf 86' lang='lat' dir='ltr'>li-</span> 
     </span>
     <span class='ocr_line' id='line_1_43' title="bbox 112 2062 1024 2092; baseline -0.001 -7"><span class='ocrx_word' id='word_1_291' title='bbox 112 2069 225 2092; x_wconf 58' lang='lat' dir='ltr'>gnorum</span> <span class='ocrx_word' id='word_1_292' title='bbox 245 2069 308 2085; x_wconf 80' lang='lat' dir='ltr'>nsns</span> <span class='ocrx_word' id='word_1_293' title='bbox 329 2062 547 2092; x_wconf 66' lang='lat' dir='ltr'>permitteretnrJ</span> <span class='ocrx_word' id='word_1_294' title='bbox 578 2062 693 2091; x_wconf 86' lang='lat' dir='ltr'>deniqne</span> <span class='ocrx_word' id='word_1_295' title='bbox 717 2063 745 2084; x_wconf 91' lang='lat' dir='ltr'>ut</span> <span class='ocrx_word' id='word_1_296' title='bbox 764 2068 858 2084; x_wconf 84' lang='lat' dir='ltr'>omnes</span> <span class='ocrx_word' id='word_1_297' title='bbox 876 2064 1024 2085; x_wconf 80' lang='lat' dir='ltr'>consuetu-</span> 
     </span>
     <span class='ocr_line' id='line_1_44' title="bbox 110 2096 1024 2125; baseline -0.001 -5"><span class='ocrx_word' id='word_1_298' title='bbox 110 2098 188 2121; x_wconf 84' lang='lat' dir='ltr'>dines</span> <span class='ocrx_word' id='word_1_299' title='bbox 208 2098 254 2119; x_wconf 78' lang='lat' dir='ltr'>ant</span> <span class='ocrx_word' id='word_1_300' title='bbox 274 2097 361 2125; x_wconf 87' lang='lat' dir='ltr'>potins</span> <span class='ocrx_word' id='word_1_301' title='bbox 378 2098 478 2120; x_wconf 87' lang='lat' dir='ltr'>abusus</span> <span class='ocrx_word' id='word_1_302' title='bbox 498 2097 523 2118; x_wconf 92' lang='lat' dir='ltr'>in</span> <span class='ocrx_word' id='word_1_303' title='bbox 543 2096 733 2119; x_wconf 84' lang='lat' dir='ltr'>detrimentum</span> <span class='ocrx_word' id='word_1_304' title='bbox 749 2096 885 2119; x_wconf 77' lang='lat' dir='ltr'>libertatis</span> <span class='ocrx_word' id='word_1_305' title='bbox 901 2102 967 2119; x_wconf 86' lang='lat' dir='ltr'>suae</span> <span class='ocrx_word' id='word_1_306' title='bbox 981 2097 1024 2119; x_wconf 92' lang='lat' dir='ltr'>in-</span> 
     </span>
     <span class='ocr_line' id='line_1_45' title="bbox 111 2130 1024 2160; baseline -0.002 -5"><span class='ocrx_word' id='word_1_307' title='bbox 111 2131 227 2155; x_wconf 74' lang='lat' dir='ltr'>troducti</span> <span class='ocrx_word' id='word_1_308' title='bbox 247 2131 430 2154; x_wconf 80' lang='lat' dir='ltr'>abolerentur.</span> <span class='ocrx_word' id='word_1_309' title='bbox 454 2130 503 2154; x_wconf 83' lang='lat' dir='ltr'>His</span> <span class='ocrx_word' id='word_1_310' title='bbox 519 2130 674 2160; x_wconf 73' lang='lat' dir='ltr'>denegatis,</span> <span class='ocrx_word' id='word_1_311' title='bbox 695 2130 815 2153; x_wconf 74' lang='lat' dir='ltr'>efficacia</span> <span class='ocrx_word' id='word_1_312' title='bbox 833 2130 954 2153; x_wconf 84' lang='lat' dir='ltr'>subsidia</span> <span class='ocrx_word' id='word_1_313' title='bbox 972 2130 1024 2154; x_wconf 84' lang='lat' dir='ltr'>sibi</span> 
     </span>
     <span class='ocr_line' id='line_1_46' title="bbox 111 2165 1024 2195; baseline 0 -7"><span class='ocrx_word' id='word_1_314' title='bbox 111 2165 139 2189; x_wconf 92' lang='lat' dir='ltr'>in</span> <span class='ocrx_word' id='word_1_315' title='bbox 158 2167 263 2195; x_wconf 89' lang='lat' dir='ltr'>promtu</span> <span class='ocrx_word' id='word_1_316' title='bbox 282 2172 345 2188; x_wconf 87' lang='lat' dir='ltr'>esse</span> <span class='ocrx_word' id='word_1_317' title='bbox 363 2165 396 2188; x_wconf 86' lang='lat' dir='ltr'>ad</span> <span class='ocrx_word' id='word_1_318' title='bbox 416 2165 628 2193; x_wconf 77' lang='lat' dir='ltr'>recuperandam</span> <span class='ocrx_word' id='word_1_319' title='bbox 643 2165 812 2193; x_wconf 86' lang='lat' dir='ltr'>libertatem,</span> <span class='ocrx_word' id='word_1_320' title='bbox 832 2170 944 2194; x_wconf 82' lang='lat' dir='ltr'>canique</span> <span class='ocrx_word' id='word_1_321' title='bbox 956 2171 1024 2188; x_wconf 87' lang='lat' dir='ltr'>con-</span> 
     </span>
     <span class='ocr_line' id='line_1_47' title="bbox 111 2198 1022 2229; baseline 0 -6"><span class='ocrx_word' id='word_1_322' title='bbox 111 2202 155 2223; x_wconf 87' lang='lat' dir='ltr'>tra</span> <span class='ocrx_word' id='word_1_323' title='bbox 174 2206 279 2223; x_wconf 86' lang='lat' dir='ltr'>omnem</span> <span class='ocrx_word' id='word_1_324' title='bbox 298 2199 352 2223; x_wconf 87' lang='lat' dir='ltr'>vim</span> <span class='ocrx_word' id='word_1_325' title='bbox 372 2199 526 2229; x_wconf 57' lang='lat' dir='ltr'>tyrannidis</span> <span class='ocrx_word' id='word_1_326' title='bbox 553 2200 579 2222; x_wconf 90' lang='lat' dir='ltr'>et</span> <span class='ocrx_word' id='word_1_327' title='bbox 604 2198 791 2228; x_wconf 81' lang='lat' dir='ltr'>oppressionis</span> <span class='ocrx_word' id='word_1_328' title='bbox 818 2199 1022 2224; x_wconf 84' lang='lat' dir='ltr'>defendendam.</span> 
     </span>
     <span class='ocr_line' id='line_1_48' title="bbox 113 2233 1024 2263; baseline -0.001 -6"><span class='ocrx_word' id='word_1_329' title='bbox 113 2234 247 2263; x_wconf 61' lang='lat' dir='ltr'>scriptum</span> <span class='ocrx_word' id='word_1_330' title='bbox 267 2235 315 2256; x_wconf 90' lang='lat' dir='ltr'>hoc</span> <span class='ocrx_word' id='word_1_331' title='bbox 337 2234 435 2262; x_wconf 88' lang='lat' dir='ltr'>passim</span> <span class='ocrx_word' id='word_1_332' title='bbox 455 2233 623 2263; x_wconf 77' lang='lat' dir='ltr'>divulgatum</span> <span class='ocrx_word' id='word_1_333' title='bbox 642 2238 792 2263; x_wconf 75' lang='lat' dir='ltr'>magnoque</span> <span class='ocrx_word' id='word_1_334' title='bbox 817 2233 947 2262; x_wconf 79' lang='lat' dir='ltr'>applausu</span> <span class='ocrx_word' id='word_1_335' title='bbox 973 2239 1024 2256; x_wconf 90' lang='lat' dir='ltr'>ex-</span> 
     </span>
     <span class='ocr_line' id='line_1_49' title="bbox 111 2267 1024 2298; baseline -0.001 -6"><span class='ocrx_word' id='word_1_336' title='bbox 111 2270 233 2298; x_wconf 80' lang='lat' dir='ltr'>ceptum,</span> <span class='ocrx_word' id='word_1_337' title='bbox 264 2268 440 2291; x_wconf 79' lang='lat' dir='ltr'>rebellionem</span> <span class='ocrx_word' id='word_1_338' title='bbox 459 2267 587 2290; x_wconf 81' lang='lat' dir='ltr'>rusticam</span> <span class='ocrx_word' id='word_1_339' title='bbox 606 2267 727 2297; x_wconf 83' lang='lat' dir='ltr'>perfecit.</span> <span class='ocrx_word' id='word_1_340' title='bbox 771 2267 832 2290; x_wconf 83' lang='lat' dir='ltr'>Vid.</span> <span class='ocrx_word' id='word_1_341' title='bbox 854 2267 972 2290; x_wconf 79' lang='lat' dir='ltr'>sieidani</span> <span class='ocrx_word' id='word_1_342' title='bbox 992 2268 1024 2291; x_wconf 85' lang='lat' dir='ltr'>de</span> 
     </span>
     <span class='ocr_line' id='line_1_50' title="bbox 112 2300 1025 2333; baseline -0.001 -7"><span class='ocrx_word' id='word_1_343' title='bbox 112 2304 186 2326; x_wconf 79' lang='lat' dir='ltr'>statu</span> <span class='ocrx_word' id='word_1_344' title='bbox 211 2302 351 2333; x_wconf 82' lang='lat' dir='ltr'>religionis</span> <span class='ocrx_word' id='word_1_345' title='bbox 377 2304 403 2325; x_wconf 83' lang='lat' dir='ltr'>et</span> <span class='ocrx_word' id='word_1_346' title='bbox 428 2301 591 2331; x_wconf 82' lang='lat' dir='ltr'>reipublicae</span> <span class='ocrx_word' id='word_1_347' title='bbox 617 2301 716 2325; x_wconf 90' lang='lat' dir='ltr'>Carolo</span> <span class='ocrx_word' id='word_1_348' title='bbox 736 2301 770 2325; x_wconf 83' lang='lat' dir='ltr'>V.</span> <span class='ocrx_word' id='word_1_349' title='bbox 797 2300 918 2324; x_wconf 77' lang='lat' dir='ltr'>Caesare</span> <span class='ocrx_word' id='word_1_350' title='bbox 949 2308 1025 2325; x_wconf 88' lang='lat' dir='ltr'>com-</span> 
     </span>
     <span class='ocr_line' id='line_1_51' title="bbox 112 2334 1024 2365; baseline 0 -6"><span class='ocrx_word' id='word_1_351' title='bbox 112 2337 224 2360; x_wconf 70' lang='lat' dir='ltr'>mentar,</span> <span class='ocrx_word' id='word_1_352' title='bbox 250 2337 267 2362; x_wconf 88' lang='lat' dir='ltr'>l.</span> <span class='ocrx_word' id='word_1_353' title='bbox 283 2337 317 2360; x_wconf 84' lang='lat' dir='ltr'>V.</span> <span class='ocrx_word' id='word_1_354' title='bbox 345 2336 391 2360; x_wconf 84' lang='lat' dir='ltr'>fol.</span> <span class='ocrx_word' id='word_1_355' title='bbox 406 2334 466 2360; x_wconf 82' lang='lat'>75¹·.</span> <span class='ocrx_word' id='word_1_356' title='bbox 490 2335 552 2360; x_wconf 83' lang='lat' dir='ltr'>cdit.</span> <span class='ocrx_word' id='word_1_357' title='bbox 571 2336 685 2365; x_wconf 76' lang='lat' dir='ltr'>Argent.</span> <span class='ocrx_word' id='word_1_358' title='bbox 708 2335 781 2359; x_wconf 68' lang='grc'>1558,</span> <span class='ocrx_word' id='word_1_359' title='bbox 805 2336 830 2358; x_wconf 77' lang='lat' dir='ltr'>S.</span> <span class='ocrx_word' id='word_1_360' title='bbox 857 2336 883 2358; x_wconf 89' lang='lat' dir='ltr'>et</span> <span class='ocrx_word' id='word_1_361' title='bbox 903 2336 1024 2359; x_wconf 66' lang='lat' dir='ltr'>sechen-</span> 
     </span>
     <span class='ocr_line' id='line_1_52' title="bbox 114 2369 1024 2399; baseline 0 -6"><span class='ocrx_word' id='word_1_362' title='bbox 114 2371 178 2393; x_wconf 68' lang='grc' dir='ltr'>ἀοι-ι’</span> <span class='ocrx_word' id='word_1_363' title='bbox 192 2372 332 2395; x_wconf 83' lang='lat' dir='ltr'>comment.</span> <span class='ocrx_word' id='word_1_364' title='bbox 351 2371 383 2394; x_wconf 83' lang='lat' dir='ltr'>de</span> <span class='ocrx_word' id='word_1_365' title='bbox 402 2371 511 2394; x_wconf 87' lang='lat' dir='ltr'>Luther.</span> <span class='ocrx_word' id='word_1_366' title='bbox 533 2369 597 2393; x_wconf 84' lang='lat'>1.11.</span> <span class='ocrx_word' id='word_1_367' title='bbox 615 2371 683 2392; x_wconf 81' lang='lat' dir='ltr'>sect.</span> <span class='ocrx_word' id='word_1_368' title='bbox 695 2369 720 2393; x_wconf 82' lang='lat'>3.</span> <span class='ocrx_word' id='word_1_369' title='bbox 742 2377 766 2399; x_wconf 89' lang='lat' dir='ltr'>p.</span> <span class='ocrx_word' id='word_1_370' title='bbox 779 2370 803 2392; x_wconf 85' lang='lat'>5.</span> <span class='ocrx_word' id='word_1_371' title='bbox 823 2381 857 2386; x_wconf 90' lang='lat'>—</span> <span class='ocrx_word' id='word_1_372' title='bbox 881 2370 1024 2393; x_wconf 84' lang='lat' dir='ltr'>Adversus</span> 
     </span>
     <span class='ocr_line' id='line_1_53' title="bbox 112 2402 1023 2436; baseline 0.001 -8"><span class='ocrx_word' id='word_1_373' title='bbox 112 2405 162 2428; x_wconf 83' lang='lat' dir='ltr'>hos</span> <span class='ocrx_word' id='word_1_374' title='bbox 180 2405 311 2428; x_wconf 84' lang='lat' dir='ltr'>articulos</span> <span class='ocrx_word' id='word_1_375' title='bbox 329 2405 464 2428; x_wconf 83' lang='lat' dir='ltr'>Lutherus</span> <span class='ocrx_word' id='word_1_376' title='bbox 489 2404 599 2433; x_wconf 75' lang='lat' dir='ltr'>scripsit</span> <span class='ocrx_word' id='word_1_377' title='bbox 624 2404 734 2427; x_wconf 88' lang='lat' dir='ltr'>librum:</span> <span class='ocrx_word' id='word_1_378' title='bbox 767 2402 943 2435; x_wconf 70' lang='lat' dir='ltr'>OEtmnnunqe</span> <span class='ocrx_word' id='word_1_379' title='bbox 966 2409 1023 2436; x_wconf 62' lang='lat' dir='ltr'>gum</span> 
     </span>
     <span class='ocr_line' id='line_1_54' title="bbox 111 2436 1024 2471; baseline 0 -8"><span class='ocrx_word' id='word_1_380' title='bbox 111 2436 190 2468; x_wconf 69' lang='lat' dir='ltr'>ftiebe</span> <span class='ocrx_word' id='word_1_381' title='bbox 214 2437 272 2470; x_wconf 77' lang='lat' dir='ltr'>nuff</span> <span class='ocrx_word' id='word_1_382' title='bbox 292 2437 329 2464; x_wconf 74' lang='lat' dir='ltr'>bie</span> <span class='ocrx_word' id='word_1_383' title='bbox 347 2438 435 2471; x_wconf 64' lang='lat' dir='ltr'>mass</span> <span class='ocrx_word' id='word_1_384' title='bbox 453 2436 566 2464; x_wconf 61' lang='lat' dir='ltr'>anicia</span> <span class='ocrx_word' id='word_1_385' title='bbox 583 2437 625 2463; x_wconf 75' lang='lat' dir='ltr'>bet</span> <span class='ocrx_word' id='word_1_386' title='bbox 642 2436 822 2467; x_wconf 54' lang='lat' dir='ltr'>§Bamrstbofft</span> <span class='ocrx_word' id='word_1_387' title='bbox 841 2443 892 2469; x_wconf 64' lang='lat' dir='ltr'>tynn</span> <span class='ocrx_word' id='word_1_388' title='bbox 913 2437 1024 2469; x_wconf 60' lang='grc' dir='ltr'>(ἔφανας</span> 
     </span>
     <span class='ocr_line' id='line_1_55' title="bbox 111 2471 1024 2506; baseline -0.002 -9"><span class='ocrx_word' id='word_1_389' title='bbox 111 2472 170 2497; x_wconf 75' lang='lat' dir='ltr'>ben.</span> <span class='ocrx_word' id='word_1_390' title='bbox 201 2471 387 2506; x_wconf 61' lang='lat' dir='ltr'>Qittembetg.</span> <span class='ocrx_word' id='word_1_391' title='bbox 416 2474 489 2497; x_wconf 78' lang='lat'>1525.</span> <span class='ocrx_word' id='word_1_392' title='bbox 517 2475 560 2496; x_wconf 78' lang='lat'>4⁰.</span> <span class='ocrx_word' id='word_1_393' title='bbox 613 2472 691 2496; x_wconf 78' lang='lat' dir='ltr'>Cont‘.</span> <span class='ocrx_word' id='word_1_394' title='bbox 709 2473 834 2496; x_wconf 64' lang='lat' dir='ltr'>Strobel:</span> <span class='ocrx_word' id='word_1_395' title='bbox 859 2473 952 2502; x_wconf 65' lang='lat' dir='ltr'>Beytr.</span> <span class='ocrx_word' id='word_1_396' title='bbox 973 2479 1024 2496; x_wconf 84' lang='lat' dir='ltr'>zur</span> 
     </span>
     <span class='ocr_line' id='line_1_56' title="bbox 113 2506 449 2537; baseline 0.006 -7"><span class='ocrx_word' id='word_1_397' title='bbox 113 2506 178 2531; x_wconf 75' lang='lat' dir='ltr'>Litt.</span> <span class='ocrx_word' id='word_1_398' title='bbox 198 2507 226 2530; x_wconf 84' lang='lat' dir='ltr'>T.</span> <span class='ocrx_word' id='word_1_399' title='bbox 240 2507 270 2530; x_wconf 88' lang='lat' dir='ltr'>ll.</span> <span class='ocrx_word' id='word_1_400' title='bbox 289 2514 313 2537; x_wconf 75' lang='lat' dir='ltr'>p.</span> <span class='ocrx_word' id='word_1_401' title='bbox 330 2508 449 2532; x_wconf 67' lang='lat'><strong>1—-106,</strong></span> 
     </span>
    </p>
   </div>
   <div class='ocr_carea' id='block_1_5' title="bbox 75 2548 1024 2751">
    <p class='ocr_par' dir='ltr' id='par_1_7' title="bbox 75 2548 1024 2751">
     <span class='ocr_line' id='line_1_57' title="bbox 75 2548 1024 2578; baseline -0.001 -4"><span class='ocrx_word' id='word_1_402' title='bbox 75 2549 125 2578; x_wconf 80' lang='lat'>61)</span> <span class='ocrx_word' id='word_1_403' title='bbox 142 2549 259 2572; x_wconf 83' lang='lat' dir='ltr'>istorum</span> <span class='ocrx_word' id='word_1_404' title='bbox 277 2549 415 2574; x_wconf 82' lang='lat' dir='ltr'>duodecim</span> <span class='ocrx_word' id='word_1_405' title='bbox 433 2549 609 2574; x_wconf 85' lang='lat' dir='ltr'>articulorum</span> <span class='ocrx_word' id='word_1_406' title='bbox 628 2551 738 2576; x_wconf 68' lang='lat' dir='ltr'>auctor,</span> <span class='ocrx_word' id='word_1_407' title='bbox 759 2548 812 2572; x_wconf 81' lang='lat' dir='ltr'>etsi</span> <span class='ocrx_word' id='word_1_408' title='bbox 831 2554 847 2571; x_wconf 84' lang='lat' dir='ltr'>a</span> <span class='ocrx_word' id='word_1_409' title='bbox 860 2549 978 2572; x_wconf 80' lang='lat' dir='ltr'>Luthero</span> <span class='ocrx_word' id='word_1_410' title='bbox 998 2549 1024 2573; x_wconf 90' lang='lat' dir='ltr'>in</span> 
     </span>
     <span class='ocr_line' id='line_1_58' title="bbox 109 2583 1023 2615; baseline -0.002 -8"><span class='ocrx_word' id='word_1_411' title='bbox 109 2584 179 2607; x_wconf 86' lang='lat' dir='ltr'>libro</span> <span class='ocrx_word' id='word_1_412' title='bbox 198 2583 307 2607; x_wconf 84' lang='lat' dir='ltr'>laudato</span> <span class='ocrx_word' id='word_1_413' title='bbox 331 2585 452 2615; x_wconf 83' lang='lat' dir='ltr'>tacetur,</span> <span class='ocrx_word' id='word_1_414' title='bbox 485 2584 639 2607; x_wconf 81' lang='lat' dir='ltr'>nouiinatur</span> <span class='ocrx_word' id='word_1_415' title='bbox 659 2583 873 2612; x_wconf 74' lang='lat' dir='ltr'>christophorus</span> <span class='ocrx_word' id='word_1_416' title='bbox 893 2584 1023 2612; x_wconf 58' lang='lat' dir='ltr'>sthaple-</span> 
     </span>
     <span class='ocr_line' id='line_1_59' title="bbox 109 2617 1023 2647; baseline -0.001 -6"><span class='ocrx_word' id='word_1_417' title='bbox 109 2624 174 2645; x_wconf 84' lang='lat' dir='ltr'>rus,</span> <span class='ocrx_word' id='word_1_418' title='bbox 199 2617 378 2647; x_wconf 66' lang='lat' dir='ltr'>zizinglianae</span> <span class='ocrx_word' id='word_1_419' title='bbox 397 2619 537 2642; x_wconf 85' lang='lat' dir='ltr'>doctrinae</span> <span class='ocrx_word' id='word_1_420' title='bbox 555 2618 624 2647; x_wconf 88' lang='lat' dir='ltr'>apud</span> <span class='ocrx_word' id='word_1_421' title='bbox 643 2618 872 2645; x_wconf 60' lang='lat' dir='ltr'>Memminggenses</span> <span class='ocrx_word' id='word_1_422' title='bbox 890 2617 1023 2640; x_wconf 83' lang='lat' dir='ltr'>eeclesia-</span> 
     </span>
     <span class='ocr_line' id='line_1_60' title="bbox 110 2651 1023 2682; baseline -0.001 -8"><span class='ocrx_word' id='word_1_423' title='bbox 110 2654 179 2674; x_wconf 84' lang='lat' dir='ltr'>stes.</span> <span class='ocrx_word' id='word_1_424' title='bbox 227 2652 351 2675; x_wconf 69' lang='lat' dir='ltr'>subactis</span> <span class='ocrx_word' id='word_1_425' title='bbox 377 2654 473 2682; x_wconf 85' lang='lat' dir='ltr'>postea</span> <span class='ocrx_word' id='word_1_426' title='bbox 497 2658 513 2675; x_wconf 87' lang='lat' dir='ltr'>a</span> <span class='ocrx_word' id='word_1_427' title='bbox 538 2652 646 2676; x_wconf 74' lang='lat' dir='ltr'>suevici</span> <span class='ocrx_word' id='word_1_428' title='bbox 671 2652 791 2675; x_wconf 80' lang='lat' dir='ltr'>foederis</span> <span class='ocrx_word' id='word_1_429' title='bbox 818 2651 928 2674; x_wconf 82' lang='lat' dir='ltr'>ducibus</span> <span class='ocrx_word' id='word_1_430' title='bbox 952 2652 1023 2680; x_wconf 79' lang='lat' dir='ltr'>apud</span> 
     </span>
     <span class='ocr_line' id='line_1_61' title="bbox 108 2685 1022 2716; baseline -0.001 -8"><span class='ocrx_word' id='word_1_431' title='bbox 108 2685 296 2716; x_wconf 76' lang='lat' dir='ltr'>Memmingam</span> <span class='ocrx_word' id='word_1_432' title='bbox 314 2686 468 2710; x_wconf 85' lang='lat' dir='ltr'>cohortibus</span> <span class='ocrx_word' id='word_1_433' title='bbox 487 2687 666 2712; x_wconf 82' lang='lat' dir='ltr'>rusticorum,</span> <span class='ocrx_word' id='word_1_434' title='bbox 698 2688 725 2709; x_wconf 83' lang='lat' dir='ltr'>et</span> <span class='ocrx_word' id='word_1_435' title='bbox 745 2685 877 2715; x_wconf 85' lang='lat' dir='ltr'>supplicio</span> <span class='ocrx_word' id='word_1_436' title='bbox 904 2686 929 2708; x_wconf 88' lang='lat' dir='ltr'>in</span> <span class='ocrx_word' id='word_1_437' title='bbox 954 2685 1022 2709; x_wconf 79' lang='lat' dir='ltr'>civi-</span> 
     </span>
     <span class='ocr_line' id='line_1_62' title="bbox 108 2719 1022 2751; baseline 0.001 -8"><span class='ocrx_word' id='word_1_438' title='bbox 108 2721 165 2744; x_wconf 81' lang='lat' dir='ltr'>tate</span> <span class='ocrx_word' id='word_1_439' title='bbox 182 2720 242 2750; x_wconf 83' lang='lat' dir='ltr'>ipsa</span> <span class='ocrx_word' id='word_1_440' title='bbox 260 2720 293 2744; x_wconf 88' lang='lat' dir='ltr'>de</span> <span class='ocrx_word' id='word_1_441' title='bbox 311 2720 443 2751; x_wconf 82' lang='lat' dir='ltr'>aliquibus</span> <span class='ocrx_word' id='word_1_442' title='bbox 463 2723 567 2751; x_wconf 85' lang='lat' dir='ltr'>sumto,</span> <span class='ocrx_word' id='word_1_443' title='bbox 600 2721 764 2751; x_wconf 73' lang='lat' dir='ltr'>Schaplcrus</span> <span class='ocrx_word' id='word_1_444' title='bbox 790 2726 805 2743; x_wconf 86' lang='lat' dir='ltr'>a</span> <span class='ocrx_word' id='word_1_445' title='bbox 830 2719 933 2743; x_wconf 83' lang='lat' dir='ltr'>civibus</span> <span class='ocrx_word' id='word_1_446' title='bbox 953 2720 1022 2744; x_wconf 84' lang='lat' dir='ltr'>ciam</span> 
     </span>
    </p>
   </div>
   <div class='ocr_carea' id='block_1_6' title="bbox 854 1553 1024 1577">
    <p class='ocr_par' dir='ltr' id='par_1_8' title="bbox 854 1553 1024 1577">
     <span class='ocr_line' id='line_1_63' title="bbox 854 1553 1024 1577; baseline 0.006 -7"><span class='ocrx_word' id='word_1_447' title='bbox 854 1553 920 1577; x_wconf 88' lang='lat' dir='ltr'>quos</span> <span class='ocrx_word' id='word_1_448' title='bbox 940 1553 1024 1576; x_wconf 57' lang='lat' dir='ltr'>aare·</span> 
     </span>
    </p>
   </div>
   <div class='ocr_carea' id='block_1_7' title="bbox 276 115 1843 155">
    <p class='ocr_par' dir='ltr' id='par_1_9' title="bbox 276 115 1843 155">
     <span class='ocr_line' id='line_1_64' title="bbox 276 115 1843 155; baseline 0.001 -3"><span class='ocrx_word' id='word_1_449' title='bbox 276 117 334 155; x_wconf 85' lang='lat' dir='ltr'>1v.</span> <span class='ocrx_word' id='word_1_450' title='bbox 388 115 728 154; x_wconf 83' lang='lat' dir='ltr'><strong>COMMENTARII</strong></span> <span class='ocrx_word' id='word_1_451' title='bbox 763 116 810 153; x_wconf 90' lang='lat' dir='ltr'>IN</span> <span class='ocrx_word' id='word_1_452' title='bbox 845 116 1032 152; x_wconf 83' lang='lat' dir='ltr'>LIBRUM</span> <span class='ocrx_word' id='word_1_453' title='bbox 1059 116 1116 153; x_wconf 91' lang='lat'>111.</span> <span class='ocrx_word' id='word_1_454' title='bbox 1151 116 1486 152; x_wconf 86' lang='lat' dir='ltr'>POLITICORUM</span> <span class='ocrx_word' id='word_1_455' title='bbox 1518 117 1843 155; x_wconf 82' lang='lat' dir='ltr'><strong>ARISTOTELIS.</strong></span> 
     </span>
    </p>
   </div>
   <div class='ocr_carea' id='block_1_8' title="bbox 2002 120 2075 156">
    <p class='ocr_par' dir='ltr' id='par_1_10' title="bbox 2002 120 2075 156">
     <span class='ocr_line' id='line_1_65' title="bbox 2002 120 2075 156; baseline 0.014 -1"><span class='ocrx_word' id='word_1_456' title='bbox 2002 120 2075 156; x_wconf 74' lang='lat'>442</span> 
     </span>
    </p>
   </div>
   <div class='ocr_carea' id='block_1_9' title="bbox 1080 204 2072 904">
    <p class='ocr_par' dir='ltr' id='par_1_11' title="bbox 1080 204 2072 904">
     <span class='ocr_line' id='line_1_66' title="bbox 1087 204 2072 250; baseline 0.002 -13"><span class='ocrx_word' id='word_1_457' title='bbox 1087 204 1361 248; x_wconf 71' lang='lat' dir='ltr'>Memmingensi</span> <span class='ocrx_word' id='word_1_458' title='bbox 1382 205 1614 239; x_wconf 76' lang='lat' dir='ltr'>concionator</span> <span class='ocrx_word' id='word_1_459' title='bbox 1639 212 1724 239; x_wconf 86' lang='lat' dir='ltr'>erat.</span> <span class='ocrx_word' id='word_1_460' title='bbox 1779 205 1875 238; x_wconf 88' lang='lat' dir='ltr'>Haec</span> <span class='ocrx_word' id='word_1_461' title='bbox 1896 206 2072 250; x_wconf 82' lang='lat' dir='ltr'>posteri0r</span> 
     </span>
     <span class='ocr_line' id='line_1_67' title="bbox 1086 256 2072 302; baseline 0.002 -15"><span class='ocrx_word' id='word_1_462' title='bbox 1086 256 1220 300; x_wconf 88' lang='lat' dir='ltr'>opinio,</span> <span class='ocrx_word' id='word_1_463' title='bbox 1245 263 1494 302; x_wconf 79' lang='lat' dir='ltr'>praeterquam</span> <span class='ocrx_word' id='word_1_464' title='bbox 1513 258 1607 302; x_wconf 82' lang='lat' dir='ltr'>quod</span> <span class='ocrx_word' id='word_1_465' title='bbox 1626 256 1909 300; x_wconf 75' lang='lat' dir='ltr'>cuniEvangelio</span> <span class='ocrx_word' id='word_1_466' title='bbox 1928 264 2072 301; x_wconf 80' lang='lat' dir='ltr'>pugnat,</span> 
     </span>
     <span class='ocr_line' id='line_1_68' title="bbox 1085 307 2072 354; baseline 0.002 -15"><span class='ocrx_word' id='word_1_467' title='bbox 1085 307 1319 351; x_wconf 87' lang='lat' dir='ltr'>perniciosior</span> <span class='ocrx_word' id='word_1_468' title='bbox 1335 308 1440 342; x_wconf 79' lang='lat' dir='ltr'>etiarn</span> <span class='ocrx_word' id='word_1_469' title='bbox 1460 315 1510 342; x_wconf 83' lang='lat' dir='ltr'>est</span> <span class='ocrx_word' id='word_1_470' title='bbox 1526 309 1645 352; x_wconf 83' lang='lat' dir='ltr'>priore</span> <span class='ocrx_word' id='word_1_471' title='bbox 1668 309 1724 341; x_wconf 87' lang='lat' dir='ltr'>illa</span> <span class='ocrx_word' id='word_1_472' title='bbox 1738 335 1746 348; x_wconf 88' lang='lat'>,</span> <span class='ocrx_word' id='word_1_473' title='bbox 1782 320 1889 354; x_wconf 84' lang='lat' dir='ltr'>quam</span> <span class='ocrx_word' id='word_1_474' title='bbox 1914 308 2072 341; x_wconf 88' lang='lat' dir='ltr'>iudicant</span> 
     </span>
     <span class='ocr_line' id='line_1_69' title="bbox 1084 358 2072 404; baseline 0.001 -14"><span class='ocrx_word' id='word_1_475' title='bbox 1084 358 1194 403; x_wconf 87' lang='lat' dir='ltr'>aliqui</span> <span class='ocrx_word' id='word_1_476' title='bbox 1220 359 1413 392; x_wconf 83' lang='lat' dir='ltr'>tristiorem</span> <span class='ocrx_word' id='word_1_477' title='bbox 1438 372 1477 392; x_wconf 83' lang='lat' dir='ltr'>ac</span> <span class='ocrx_word' id='word_1_478' title='bbox 1504 358 1790 393; x_wconf 79' lang='lat' dir='ltr'>inhumaniorem</span> <span class='ocrx_word' id='word_1_479' title='bbox 1812 372 1896 393; x_wconf 81' lang='lat' dir='ltr'>esse.</span> <span class='ocrx_word' id='word_1_480' title='bbox 1950 358 2072 404; x_wconf 86' lang='lat' dir='ltr'>Itaque</span> 
     </span>
     <span class='ocr_line' id='line_1_70' title="bbox 1084 409 2071 456; baseline 0.001 -15"><span class='ocrx_word' id='word_1_481' title='bbox 1084 409 1259 453; x_wconf 88' lang='lat' dir='ltr'>posterior</span> <span class='ocrx_word' id='word_1_482' title='bbox 1278 423 1421 454; x_wconf 83' lang='lat' dir='ltr'>prorsus</span> <span class='ocrx_word' id='word_1_483' title='bbox 1437 418 1487 444; x_wconf 85' lang='lat' dir='ltr'>est</span> <span class='ocrx_word' id='word_1_484' title='bbox 1506 412 1746 456; x_wconf 87' lang='lat' dir='ltr'>repudianda,</span> <span class='ocrx_word' id='word_1_485' title='bbox 1774 412 1816 444; x_wconf 88' lang='lat' dir='ltr'>de</span> <span class='ocrx_word' id='word_1_486' title='bbox 1842 410 1961 454; x_wconf 91' lang='lat' dir='ltr'>priore</span> <span class='ocrx_word' id='word_1_487' title='bbox 1982 422 2071 443; x_wconf 85' lang='lat' dir='ltr'>non-</span> 
     </span>
     <span class='ocr_line' id='line_1_71' title="bbox 1083 458 2069 508; baseline 0.001 -16"><span class='ocrx_word' id='word_1_488' title='bbox 1083 458 1172 492; x_wconf 84' lang='lat' dir='ltr'>nihil</span> <span class='ocrx_word' id='word_1_489' title='bbox 1189 461 1440 504; x_wconf 84' lang='lat' dir='ltr'>disputandum</span> <span class='ocrx_word' id='word_1_490' title='bbox 1460 469 1530 502; x_wconf 82' lang='lat' dir='ltr'>est,</span> <span class='ocrx_word' id='word_1_491' title='bbox 1559 476 1665 508; x_wconf 90' lang='lat' dir='ltr'>quam</span> <span class='ocrx_word' id='word_1_492' title='bbox 1688 462 1837 496; x_wconf 85' lang='lat' dir='ltr'>memini</span> <span class='ocrx_word' id='word_1_493' title='bbox 1855 461 2024 506; x_wconf 78' lang='lat' dir='ltr'>agitatam</span> <span class='ocrx_word' id='word_1_494' title='bbox 2051 474 2069 493; x_wconf 85' lang='lat' dir='ltr'>a</span> 
     </span>
     <span class='ocr_line' id='line_1_72' title="bbox 1082 510 2069 559; baseline 0.002 -16"><span class='ocrx_word' id='word_1_495' title='bbox 1082 510 1213 544; x_wconf 85' lang='lat' dir='ltr'>Ioanne</span> <span class='ocrx_word' id='word_1_496' title='bbox 1230 512 1367 546; x_wconf 84' lang='lat' dir='ltr'>Maiore</span> <span class='ocrx_word' id='word_1_497' title='bbox 1392 513 1585 547; x_wconf 88' lang='lat' dir='ltr'>Parisiensi</span> <span class='ocrx_word' id='word_1_498' title='bbox 1610 512 1865 559; x_wconf 60' lang='lat' dir='ltr'>Tincologoffl).</span> <span class='ocrx_word' id='word_1_499' title='bbox 1925 512 1982 546; x_wconf 87' lang='lat' dir='ltr'>Sic</span> <span class='ocrx_word' id='word_1_500' title='bbox 2009 524 2069 545; x_wconf 87' lang='lat' dir='ltr'>au-</span> 
     </span>
     <span class='ocr_line' id='line_1_73' title="bbox 1082 563 2069 611; baseline 0 -16"><span class='ocrx_word' id='word_1_501' title='bbox 1082 569 1151 595; x_wconf 82' lang='lat' dir='ltr'>teni</span> <span class='ocrx_word' id='word_1_502' title='bbox 1171 563 1393 596; x_wconf 85' lang='lat' dir='ltr'>sentiendum</span> <span class='ocrx_word' id='word_1_503' title='bbox 1411 570 1479 604; x_wconf 90' lang='lat' dir='ltr'>est,</span> <span class='ocrx_word' id='word_1_504' title='bbox 1502 564 1656 608; x_wconf 80' lang='lat' dir='ltr'>primuni</span> <span class='ocrx_word' id='word_1_505' title='bbox 1677 567 1772 611; x_wconf 84' lang='lat' dir='ltr'>quod</span> <span class='ocrx_word' id='word_1_506' title='bbox 1788 564 1963 609; x_wconf 86' lang='lat' dir='ltr'>approbet</span> <span class='ocrx_word' id='word_1_507' title='bbox 1973 563 2069 596; x_wconf 79' lang='lat' dir='ltr'>Deus</span> 
     </span>
     <span class='ocr_line' id='line_1_74' title="bbox 1082 614 2069 658; baseline 0.003 -13"><span class='ocrx_word' id='word_1_508' title='bbox 1082 626 1205 647; x_wconf 87' lang='lat' dir='ltr'>omnes</span> <span class='ocrx_word' id='word_1_509' title='bbox 1228 614 1371 658; x_wconf 88' lang='lat' dir='ltr'>politias</span> <span class='ocrx_word' id='word_1_510' title='bbox 1395 615 1587 658; x_wconf 54' lang='lat' dir='ltr'>legitiu&#39;ias,</span> <span class='ocrx_word' id='word_1_511' title='bbox 1618 615 1683 649; x_wconf 90' lang='lat' dir='ltr'>boc</span> <span class='ocrx_word' id='word_1_512' title='bbox 1711 624 1778 656; x_wconf 87' lang='lat' dir='ltr'>est,</span> <span class='ocrx_word' id='word_1_513' title='bbox 1806 623 1844 650; x_wconf 87' lang='lat' dir='ltr'>ut</span> <span class='ocrx_word' id='word_1_514' title='bbox 1860 616 1993 649; x_wconf 89' lang='lat' dir='ltr'>Paulus</span> <span class='ocrx_word' id='word_1_515' title='bbox 2018 615 2069 648; x_wconf 83' lang='lat' dir='ltr'>lo-</span> 
     </span>
     <span class='ocr_line' id='line_1_75' title="bbox 1082 664 2067 711; baseline 0.001 -14"><span class='ocrx_word' id='word_1_516' title='bbox 1082 664 1222 710; x_wconf 88' lang='lat' dir='ltr'>quitur,</span> <span class='ocrx_word' id='word_1_517' title='bbox 1249 677 1340 711; x_wconf 89' lang='lat' dir='ltr'>quae</span> <span class='ocrx_word' id='word_1_518' title='bbox 1357 665 1479 699; x_wconf 82' lang='lat' dir='ltr'>timori</span> <span class='ocrx_word' id='word_1_519' title='bbox 1502 667 1595 699; x_wconf 86' lang='lat' dir='ltr'>malo</span> <span class='ocrx_word' id='word_1_520' title='bbox 1614 674 1695 700; x_wconf 86' lang='lat' dir='ltr'>sunt</span> <span class='ocrx_word' id='word_1_521' title='bbox 1722 668 1840 711; x_wconf 87' lang='lat' dir='ltr'>operi,</span> <span class='ocrx_word' id='word_1_522' title='bbox 1871 673 1905 701; x_wconf 89' lang='lat' dir='ltr'>et</span> <span class='ocrx_word' id='word_1_523' title='bbox 1928 664 2067 700; x_wconf 87' lang='lat' dir='ltr'>honore</span> 
     </span>
     <span class='ocr_line' id='line_1_76' title="bbox 1081 716 2068 764; baseline 0.002 -16"><span class='ocrx_word' id='word_1_524' title='bbox 1081 716 1238 749; x_wconf 85' lang='lat' dir='ltr'>afficiunt</span> <span class='ocrx_word' id='word_1_525' title='bbox 1258 717 1393 750; x_wconf 89' lang='lat' dir='ltr'>bonum</span> <span class='ocrx_word' id='word_1_526' title='bbox 1420 729 1528 762; x_wconf 85' lang='lat' dir='ltr'>opus,</span> <span class='ocrx_word' id='word_1_527' title='bbox 1561 730 1622 751; x_wconf 89' lang='lat' dir='ltr'>seu</span> <span class='ocrx_word' id='word_1_528' title='bbox 1647 731 1737 764; x_wconf 89' lang='lat' dir='ltr'>quae</span> <span class='ocrx_word' id='word_1_529' title='bbox 1760 719 1955 764; x_wconf 83' lang='lat' dir='ltr'>sequuntur</span> <span class='ocrx_word' id='word_1_530' title='bbox 1978 717 2068 751; x_wconf 86' lang='lat' dir='ltr'>iudi-</span> 
     </span>
     <span class='ocr_line' id='line_1_77' title="bbox 1081 767 2065 809; baseline 0 -9"><span class='ocrx_word' id='word_1_531' title='bbox 1081 767 1172 801; x_wconf 88' lang='lat' dir='ltr'>cium</span> <span class='ocrx_word' id='word_1_532' title='bbox 1208 768 1377 808; x_wconf 88' lang='lat' dir='ltr'>rationis,</span> <span class='ocrx_word' id='word_1_533' title='bbox 1421 775 1455 801; x_wconf 91' lang='lat' dir='ltr'>et</span> <span class='ocrx_word' id='word_1_534' title='bbox 1490 769 1600 809; x_wconf 70' lang='lat' dir='ltr'>legem</span> <span class='ocrx_word' id='word_1_535' title='bbox 1636 777 1803 809; x_wconf 86' lang='lat' dir='ltr'>naturae,</span> <span class='ocrx_word' id='word_1_536' title='bbox 1849 775 1883 802; x_wconf 85' lang='lat' dir='ltr'>et</span> <span class='ocrx_word' id='word_1_537' title='bbox 1918 767 2065 802; x_wconf 89' lang='lat' dir='ltr'>honesta</span> 
     </span>
     <span class='ocr_line' id='line_1_78' title="bbox 1081 818 2067 866; baseline 0.002 -15"><span class='ocrx_word' id='word_1_538' title='bbox 1081 818 1321 863; x_wconf 85' lang='lat' dir='ltr'>praecipiunt,</span> <span class='ocrx_word' id='word_1_539' title='bbox 1366 826 1399 852; x_wconf 92' lang='lat' dir='ltr'>et</span> <span class='ocrx_word' id='word_1_540' title='bbox 1429 820 1686 864; x_wconf 84' lang='lat' dir='ltr'>turpitudinem</span> <span class='ocrx_word' id='word_1_541' title='bbox 1714 819 1904 866; x_wconf 86' lang='lat' dir='ltr'>probibent</span> <span class='ocrx_word' id='word_1_542' title='bbox 1936 832 1976 853; x_wconf 88' lang='lat' dir='ltr'>ac</span> <span class='ocrx_word' id='word_1_543' title='bbox 2004 832 2067 864; x_wconf 86' lang='lat' dir='ltr'>pu-</span> 
     </span>
     <span class='ocr_line' id='line_1_79' title="bbox 1080 870 1193 904; baseline 0.018 -2"><span class='ocrx_word' id='word_1_544' title='bbox 1080 870 1193 904; x_wconf 83' lang='lat' dir='ltr'>uiunt.</span> 
     </span>
    </p>
   </div>
   <div class='ocr_carea' id='block_1_10' title="bbox 1075 936 2067 1906">
    <p class='ocr_par' dir='ltr' id='par_1_12' title="bbox 1075 936 2067 1906">
     <span class='ocr_line' id='line_1_80' title="bbox 1181 936 2067 983; baseline 0 -13"><span class='ocrx_word' id='word_1_545' title='bbox 1181 936 1280 970; x_wconf 90' lang='lat' dir='ltr'>Talis</span> <span class='ocrx_word' id='word_1_546' title='bbox 1302 937 1425 982; x_wconf 82' lang='lat' dir='ltr'>politia</span> <span class='ocrx_word' id='word_1_547' title='bbox 1457 944 1508 971; x_wconf 85' lang='lat' dir='ltr'>est</span> <span class='ocrx_word' id='word_1_548' title='bbox 1536 937 1714 971; x_wconf 88' lang='lat' dir='ltr'>ordinatio</span> <span class='ocrx_word' id='word_1_549' title='bbox 1740 937 1826 979; x_wconf 82' lang='lat' dir='ltr'>Dei,</span> <span class='ocrx_word' id='word_1_550' title='bbox 1866 937 2067 983; x_wconf 83' lang='lat' dir='ltr'>ubicunque</span> 
     </span>
     <span class='ocr_line' id='line_1_81' title="bbox 1078 988 2066 1032; baseline 0 -11"><span class='ocrx_word' id='word_1_551' title='bbox 1078 988 1236 1032; x_wconf 75' lang='lat' dir='ltr'>gentium</span> <span class='ocrx_word' id='word_1_552' title='bbox 1263 995 1332 1028; x_wconf 87' lang='lat' dir='ltr'>est,</span> <span class='ocrx_word' id='word_1_553' title='bbox 1368 989 1503 1022; x_wconf 82' lang='lat' dir='ltr'>etiamsi</span> <span class='ocrx_word' id='word_1_554' title='bbox 1532 989 1575 1022; x_wconf 79' lang='lat' dir='ltr'>sit</span> <span class='ocrx_word' id='word_1_555' title='bbox 1608 989 1691 1021; x_wconf 88' lang='lat' dir='ltr'>alibi</span> <span class='ocrx_word' id='word_1_556' title='bbox 1719 989 1926 1023; x_wconf 81' lang='lat' dir='ltr'>clementior</span> <span class='ocrx_word' id='word_1_557' title='bbox 1950 991 2066 1022; x_wconf 84' lang='lat' dir='ltr'>forma</span> 
     </span>
     <span class='ocr_line' id='line_1_82' title="bbox 1080 1040 2067 1085; baseline 0.003 -14"><span class='ocrx_word' id='word_1_558' title='bbox 1080 1040 1237 1084; x_wconf 84' lang='lat' dir='ltr'>imperii,</span> <span class='ocrx_word' id='word_1_559' title='bbox 1265 1040 1349 1072; x_wconf 87' lang='lat' dir='ltr'>alibi</span> <span class='ocrx_word' id='word_1_560' title='bbox 1366 1040 1501 1074; x_wconf 86' lang='lat' dir='ltr'>durior.</span> <span class='ocrx_word' id='word_1_561' title='bbox 1549 1041 1639 1075; x_wconf 77' lang='lat' dir='ltr'>Nam</span> <span class='ocrx_word' id='word_1_562' title='bbox 1658 1048 1696 1074; x_wconf 89' lang='lat' dir='ltr'>ut</span> <span class='ocrx_word' id='word_1_563' title='bbox 1718 1041 1753 1074; x_wconf 90' lang='lat' dir='ltr'>in</span> <span class='ocrx_word' id='word_1_564' title='bbox 1771 1041 1847 1075; x_wconf 91' lang='lat' dir='ltr'>aliis</span> <span class='ocrx_word' id='word_1_565' title='bbox 1862 1041 2067 1085; x_wconf 80' lang='lat' dir='ltr'>regionibus</span> 
     </span>
     <span class='ocr_line' id='line_1_83' title="bbox 1079 1091 2066 1126; baseline 0.001 -3"><span class='ocrx_word' id='word_1_566' title='bbox 1079 1091 1113 1123; x_wconf 88' lang='grc' dir='ltr'>ἰιι</span> <span class='ocrx_word' id='word_1_567' title='bbox 1134 1091 1316 1124; x_wconf 81' lang='lat' dir='ltr'>curatione</span> <span class='ocrx_word' id='word_1_568' title='bbox 1336 1092 1544 1125; x_wconf 77' lang='lat' dir='ltr'>morborum</span> <span class='ocrx_word' id='word_1_569' title='bbox 1562 1092 1757 1126; x_wconf 77' lang='lat' dir='ltr'>acrioribus</span> <span class='ocrx_word' id='word_1_570' title='bbox 1775 1092 1941 1126; x_wconf 85' lang='lat' dir='ltr'>remediis</span> <span class='ocrx_word' id='word_1_571' title='bbox 1966 1099 2066 1126; x_wconf 86' lang='lat' dir='ltr'>uten-</span> 
     </span>
     <span class='ocr_line' id='line_1_84' title="bbox 1078 1142 2067 1184; baseline 0.001 -10"><span class='ocrx_word' id='word_1_572' title='bbox 1078 1144 1161 1175; x_wconf 82' lang='lat' dir='ltr'>‹luni</span> <span class='ocrx_word' id='word_1_573' title='bbox 1179 1149 1250 1182; x_wconf 85' lang='lat' dir='ltr'>est,</span> <span class='ocrx_word' id='word_1_574' title='bbox 1277 1142 1313 1174; x_wconf 89' lang='lat' dir='ltr'>in</span> <span class='ocrx_word' id='word_1_575' title='bbox 1331 1143 1407 1176; x_wconf 84' lang='lat' dir='ltr'>aliis</span> <span class='ocrx_word' id='word_1_576' title='bbox 1424 1143 1637 1184; x_wconf 84' lang='lat' dir='ltr'>lenioribus,</span> <span class='ocrx_word' id='word_1_577' title='bbox 1666 1144 1713 1177; x_wconf 85' lang='lat' dir='ltr'>ita</span> <span class='ocrx_word' id='word_1_578' title='bbox 1740 1144 1977 1178; x_wconf 62' lang='lat' dir='ltr'>severioribus</span> <span class='ocrx_word' id='word_1_579' title='bbox 2001 1143 2067 1176; x_wconf 87' lang='lat' dir='ltr'>im-</span> 
     </span>
     <span class='ocr_line' id='line_1_85' title="bbox 1078 1193 2064 1239; baseline 0.001 -14"><span class='ocrx_word' id='word_1_580' title='bbox 1078 1193 1184 1237; x_wconf 87' lang='lat' dir='ltr'>periis</span> <span class='ocrx_word' id='word_1_581' title='bbox 1201 1205 1289 1237; x_wconf 90' lang='lat' dir='ltr'>opus</span> <span class='ocrx_word' id='word_1_582' title='bbox 1314 1200 1384 1233; x_wconf 88' lang='lat' dir='ltr'>est,</span> <span class='ocrx_word' id='word_1_583' title='bbox 1412 1194 1472 1226; x_wconf 86' lang='lat' dir='ltr'>ubi</span> <span class='ocrx_word' id='word_1_584' title='bbox 1495 1195 1667 1227; x_wconf 78' lang='lat' dir='ltr'>ferociora</span> <span class='ocrx_word' id='word_1_585' title='bbox 1692 1196 1833 1239; x_wconf 74' lang='lat' dir='ltr'>ingenia</span> <span class='ocrx_word' id='word_1_586' title='bbox 1857 1201 1949 1229; x_wconf 86' lang='lat' dir='ltr'>sunt.</span> <span class='ocrx_word' id='word_1_587' title='bbox 2014 1194 2064 1227; x_wconf 79' lang='lat' dir='ltr'>Ea</span> 
     </span>
     <span class='ocr_line' id='line_1_86' title="bbox 1077 1244 2066 1290; baseline 0.001 -14"><span class='ocrx_word' id='word_1_588' title='bbox 1077 1256 1131 1277; x_wconf 89' lang='lat' dir='ltr'>res</span> <span class='ocrx_word' id='word_1_589' title='bbox 1149 1244 1287 1288; x_wconf 88' lang='lat' dir='ltr'>peperit</span> <span class='ocrx_word' id='word_1_590' title='bbox 1307 1244 1422 1278; x_wconf 78' lang='lat' dir='ltr'>varias</span> <span class='ocrx_word' id='word_1_591' title='bbox 1440 1247 1572 1279; x_wconf 86' lang='lat' dir='ltr'>sorrnas</span> <span class='ocrx_word' id='word_1_592' title='bbox 1591 1246 1835 1290; x_wconf 86' lang='lat' dir='ltr'>imperiorum.</span> <span class='ocrx_word' id='word_1_593' title='bbox 1871 1246 1967 1280; x_wconf 79' lang='lat' dir='ltr'>Alibi</span> <span class='ocrx_word' id='word_1_594' title='bbox 1984 1258 2066 1278; x_wconf 67' lang='lat' dir='ltr'>vere</span> 
     </span>
     <span class='ocr_line' id='line_1_87' title="bbox 1076 1295 2066 1342; baseline 0.002 -14"><span class='ocrx_word' id='word_1_595' title='bbox 1076 1295 1168 1328; x_wconf 77' lang='lat' dir='ltr'>servi</span> <span class='ocrx_word' id='word_1_596' title='bbox 1189 1301 1270 1328; x_wconf 88' lang='lat' dir='ltr'>sunt</span> <span class='ocrx_word' id='word_1_597' title='bbox 1293 1295 1435 1329; x_wconf 83' lang='lat' dir='ltr'>subditi.</span> <span class='ocrx_word' id='word_1_598' title='bbox 1486 1296 1580 1328; x_wconf 79' lang='lat' dir='ltr'>Alibi</span> <span class='ocrx_word' id='word_1_599' title='bbox 1606 1309 1731 1341; x_wconf 79' lang='lat' dir='ltr'>regum</span> <span class='ocrx_word' id='word_1_600' title='bbox 1753 1304 1907 1342; x_wconf 86' lang='lat' dir='ltr'>potestas</span> <span class='ocrx_word' id='word_1_601' title='bbox 1932 1297 2066 1341; x_wconf 83' lang='lat' dir='ltr'>legibus</span> 
     </span>
     <span class='ocr_line' id='line_1_88' title="bbox 1077 1346 2064 1392; baseline 0.003 -14"><span class='ocrx_word' id='word_1_602' title='bbox 1077 1346 1340 1390; x_wconf 75' lang='lat' dir='ltr'>circumscripta</span> <span class='ocrx_word' id='word_1_603' title='bbox 1366 1353 1435 1386; x_wconf 85' lang='lat' dir='ltr'>est,</span> <span class='ocrx_word' id='word_1_604' title='bbox 1474 1354 1505 1379; x_wconf 85' lang='lat' dir='ltr'>et</span> <span class='ocrx_word' id='word_1_605' title='bbox 1532 1350 1706 1392; x_wconf 77' lang='lat' dir='ltr'>quaedam</span> <span class='ocrx_word' id='word_1_606' title='bbox 1732 1349 1876 1383; x_wconf 86' lang='lat' dir='ltr'>libertas</span> <span class='ocrx_word' id='word_1_607' title='bbox 1901 1359 2064 1382; x_wconf 81' lang='lat' dir='ltr'>concessa</span> 
     </span>
     <span class='ocr_line' id='line_1_89' title="bbox 1077 1396 2064 1444; baseline 0.004 -16"><span class='ocrx_word' id='word_1_608' title='bbox 1077 1396 1229 1441; x_wconf 88' lang='lat' dir='ltr'>populis.</span> <span class='ocrx_word' id='word_1_609' title='bbox 1282 1397 1379 1430; x_wconf 85' lang='lat' dir='ltr'>Sicut</span> <span class='ocrx_word' id='word_1_610' title='bbox 1397 1397 1432 1430; x_wconf 89' lang='lat' dir='ltr'>in</span> <span class='ocrx_word' id='word_1_611' title='bbox 1449 1398 1661 1439; x_wconf 81' lang='lat' dir='ltr'>Germania,</span> <span class='ocrx_word' id='word_1_612' title='bbox 1696 1400 1777 1444; x_wconf 83' lang='lat' dir='ltr'>quia</span> <span class='ocrx_word' id='word_1_613' title='bbox 1796 1400 1962 1433; x_wconf 78' lang='lat' dir='ltr'>Romano</span> <span class='ocrx_word' id='word_1_614' title='bbox 1987 1399 2064 1432; x_wconf 87' lang='lat' dir='ltr'>iure</span> 
     </span>
     <span class='ocr_line' id='line_1_90' title="bbox 1076 1447 2066 1496; baseline 0.002 -16"><span class='ocrx_word' id='word_1_615' title='bbox 1076 1454 1225 1481; x_wconf 81' lang='lat' dir='ltr'>utuntur</span> <span class='ocrx_word' id='word_1_616' title='bbox 1248 1447 1446 1492; x_wconf 86' lang='lat' dir='ltr'>principes,</span> <span class='ocrx_word' id='word_1_617' title='bbox 1481 1448 1561 1482; x_wconf 89' lang='lat' dir='ltr'>ideo</span> <span class='ocrx_word' id='word_1_618' title='bbox 1584 1462 1658 1483; x_wconf 88' lang='lat' dir='ltr'>non</span> <span class='ocrx_word' id='word_1_619' title='bbox 1681 1451 1812 1496; x_wconf 83' lang='lat' dir='ltr'>ubique</span> <span class='ocrx_word' id='word_1_620' title='bbox 1839 1463 1961 1484; x_wconf 86' lang='lat' dir='ltr'>omnes</span> <span class='ocrx_word' id='word_1_621' title='bbox 1986 1451 2066 1484; x_wconf 86' lang='lat' dir='ltr'>suh-</span> 
     </span>
     <span class='ocr_line' id='line_1_91' title="bbox 1077 1499 2065 1546; baseline 0.002 -15"><span class='ocrx_word' id='word_1_622' title='bbox 1077 1499 1159 1539; x_wconf 83' lang='lat' dir='ltr'>diti,</span> <span class='ocrx_word' id='word_1_623' title='bbox 1187 1499 1333 1543; x_wconf 90' lang='lat' dir='ltr'>proprie</span> <span class='ocrx_word' id='word_1_624' title='bbox 1352 1500 1444 1533; x_wconf 88' lang='lat' dir='ltr'>servi</span> <span class='ocrx_word' id='word_1_625' title='bbox 1460 1506 1552 1534; x_wconf 88' lang='lat' dir='ltr'>sunt.</span> <span class='ocrx_word' id='word_1_626' title='bbox 1593 1500 1780 1546; x_wconf 82' lang='lat' dir='ltr'>Approbat</span> <span class='ocrx_word' id='word_1_627' title='bbox 1796 1509 1914 1535; x_wconf 88' lang='lat' dir='ltr'>autem</span> <span class='ocrx_word' id='word_1_628' title='bbox 1930 1508 2065 1535; x_wconf 88' lang='lat' dir='ltr'>utram-</span> 
     </span>
     <span class='ocr_line' id='line_1_92' title="bbox 1077 1550 2065 1598; baseline 0.004 -16"><span class='ocrx_word' id='word_1_629' title='bbox 1077 1563 1144 1595; x_wconf 90' lang='lat' dir='ltr'>que</span> <span class='ocrx_word' id='word_1_630' title='bbox 1159 1551 1312 1583; x_wconf 73' lang='lat' dir='ltr'>formam</span> <span class='ocrx_word' id='word_1_631' title='bbox 1330 1550 1444 1591; x_wconf 88' lang='lat' dir='ltr'>Deus,</span> <span class='ocrx_word' id='word_1_632' title='bbox 1481 1558 1514 1584; x_wconf 90' lang='lat' dir='ltr'>et</span> <span class='ocrx_word' id='word_1_633' title='bbox 1535 1558 1686 1598; x_wconf 82' lang='lat' dir='ltr'>utroque</span> <span class='ocrx_word' id='word_1_634' title='bbox 1702 1553 1779 1586; x_wconf 90' lang='lat' dir='ltr'>loco</span> <span class='ocrx_word' id='word_1_635' title='bbox 1797 1554 1872 1587; x_wconf 67' lang='lat' dir='ltr'>vult</span> <span class='ocrx_word' id='word_1_636' title='bbox 1888 1553 2065 1598; x_wconf 77' lang='lat' dir='ltr'>principes</span> 
     </span>
     <span class='ocr_line' id='line_1_93' title="bbox 1077 1602 2065 1646; baseline 0.003 -12"><span class='ocrx_word' id='word_1_637' title='bbox 1077 1614 1118 1634; x_wconf 90' lang='lat' dir='ltr'>eo</span> <span class='ocrx_word' id='word_1_638' title='bbox 1143 1602 1219 1635; x_wconf 91' lang='lat' dir='ltr'>iure</span> <span class='ocrx_word' id='word_1_639' title='bbox 1239 1603 1335 1646; x_wconf 87' lang='lat' dir='ltr'>quod</span> <span class='ocrx_word' id='word_1_640' title='bbox 1360 1608 1540 1646; x_wconf 85' lang='lat' dir='ltr'>receptum</span> <span class='ocrx_word' id='word_1_641' title='bbox 1568 1610 1618 1636; x_wconf 82' lang='lat' dir='ltr'>est</span> <span class='ocrx_word' id='word_1_642' title='bbox 1644 1603 1707 1637; x_wconf 86' lang='lat' dir='ltr'>uti.</span> <span class='ocrx_word' id='word_1_643' title='bbox 1765 1603 1805 1637; x_wconf 87' lang='lat' dir='ltr'>Iu</span> <span class='ocrx_word' id='word_1_644' title='bbox 1831 1603 1988 1638; x_wconf 85' lang='lat' dir='ltr'>historiis</span> <span class='ocrx_word' id='word_1_645' title='bbox 2011 1616 2065 1637; x_wconf 87' lang='lat' dir='ltr'>re-</span> 
     </span>
     <span class='ocr_line' id='line_1_94' title="bbox 1076 1652 2065 1703; baseline 0.005 -18"><span class='ocrx_word' id='word_1_646' title='bbox 1076 1665 1179 1697; x_wconf 78' lang='lat' dir='ltr'>gum,</span> <span class='ocrx_word' id='word_1_647' title='bbox 1206 1652 1268 1686; x_wconf 89' lang='lat' dir='ltr'>ubi</span> <span class='ocrx_word' id='word_1_648' title='bbox 1284 1653 1440 1686; x_wconf 79' lang='lat' dir='ltr'>Saluucli</span> <span class='ocrx_word' id='word_1_649' title='bbox 1459 1653 1511 1687; x_wconf 89' lang='lat' dir='ltr'>ius</span> <span class='ocrx_word' id='word_1_650' title='bbox 1538 1655 1637 1698; x_wconf 80' lang='lat' dir='ltr'>regui</span> <span class='ocrx_word' id='word_1_651' title='bbox 1662 1655 1947 1703; x_wconf 60' lang='lat' dir='ltr'>‹lt-scribiturfiss),</span> <span class='ocrx_word' id='word_1_652' title='bbox 1982 1668 2065 1701; x_wconf 84' lang='lat' dir='ltr'>pro-</span> 
     </span>
     <span class='ocr_line' id='line_1_95' title="bbox 1075 1704 2066 1750; baseline 0.003 -14"><span class='ocrx_word' id='word_1_653' title='bbox 1075 1705 1180 1737; x_wconf 84' lang='lat' dir='ltr'>batur</span> <span class='ocrx_word' id='word_1_654' title='bbox 1196 1704 1422 1737; x_wconf 83' lang='lat' dir='ltr'>acerbissima</span> <span class='ocrx_word' id='word_1_655' title='bbox 1436 1705 1550 1738; x_wconf 84' lang='lat' dir='ltr'>fornia</span> <span class='ocrx_word' id='word_1_656' title='bbox 1569 1706 1729 1750; x_wconf 82' lang='lat' dir='ltr'>imperii,</span> <span class='ocrx_word' id='word_1_657' title='bbox 1759 1714 1908 1741; x_wconf 84' lang='lat' dir='ltr'>ornatur</span> <span class='ocrx_word' id='word_1_658' title='bbox 1931 1706 1998 1740; x_wconf 85' lang='lat' dir='ltr'>hoc</span> <span class='ocrx_word' id='word_1_659' title='bbox 2024 1707 2066 1740; x_wconf 83' lang='lat' dir='ltr'>ti-</span> 
     </span>
     <span class='ocr_line' id='line_1_96' title="bbox 1076 1755 2064 1803; baseline 0.002 -15"><span class='ocrx_word' id='word_1_660' title='bbox 1076 1756 1171 1796; x_wconf 88' lang='lat' dir='ltr'>tulo,</span> <span class='ocrx_word' id='word_1_661' title='bbox 1200 1756 1295 1800; x_wconf 87' lang='lat' dir='ltr'>quod</span> <span class='ocrx_word' id='word_1_662' title='bbox 1310 1755 1363 1789; x_wconf 89' lang='lat' dir='ltr'>ius</span> <span class='ocrx_word' id='word_1_663' title='bbox 1380 1756 1424 1788; x_wconf 84' lang='lat' dir='ltr'>sit</span> <span class='ocrx_word' id='word_1_664' title='bbox 1440 1768 1575 1799; x_wconf 72' lang='lat' dir='ltr'>regum.</span> <span class='ocrx_word' id='word_1_665' title='bbox 1636 1758 1818 1801; x_wconf 71' lang='lat' dir='ltr'>Significat</span> <span class='ocrx_word' id='word_1_666' title='bbox 1842 1759 1935 1791; x_wconf 81' lang='lat' dir='ltr'>enim</span> <span class='ocrx_word' id='word_1_667' title='bbox 1954 1758 2064 1803; x_wconf 84' lang='lat' dir='ltr'>Spiri-</span> 
     </span>
     <span class='ocr_line' id='line_1_97' title="bbox 1076 1807 2065 1855; baseline 0.004 -16"><span class='ocrx_word' id='word_1_668' title='bbox 1076 1813 1131 1840; x_wconf 86' lang='lat' dir='ltr'>tus</span> <span class='ocrx_word' id='word_1_669' title='bbox 1163 1812 1302 1840; x_wconf 76' lang='lat' dir='ltr'>sanctus</span> <span class='ocrx_word' id='word_1_670' title='bbox 1331 1807 1526 1850; x_wconf 78' lang='lat' dir='ltr'>legitimum</span> <span class='ocrx_word' id='word_1_671' title='bbox 1561 1808 1773 1852; x_wconf 82' lang='lat' dir='ltr'>imperium,</span> <span class='ocrx_word' id='word_1_672' title='bbox 1811 1809 1972 1855; x_wconf 60' lang='lat' dir='ltr'>quamvis</span> <span class='ocrx_word' id='word_1_673' title='bbox 2001 1811 2065 1843; x_wconf 92' lang='lat' dir='ltr'>du-</span> 
     </span>
     <span class='ocr_line' id='line_1_98' title="bbox 1076 1857 2062 1906; baseline 0.004 -16"><span class='ocrx_word' id='word_1_674' title='bbox 1076 1870 1155 1891; x_wconf 87' lang='lat' dir='ltr'>rum</span> <span class='ocrx_word' id='word_1_675' title='bbox 1183 1857 1246 1898; x_wconf 89' lang='lat' dir='ltr'>sit,</span> <span class='ocrx_word' id='word_1_676' title='bbox 1281 1863 1401 1891; x_wconf 88' lang='lat' dir='ltr'>tamen</span> <span class='ocrx_word' id='word_1_677' title='bbox 1418 1857 1495 1891; x_wconf 87' lang='lat' dir='ltr'>Deo</span> <span class='ocrx_word' id='word_1_678' title='bbox 1523 1860 1681 1903; x_wconf 85' lang='lat' dir='ltr'>probari.</span> <span class='ocrx_word' id='word_1_679' title='bbox 1734 1860 1779 1894; x_wconf 82' lang='lat' dir='ltr'>Et</span> <span class='ocrx_word' id='word_1_680' title='bbox 1803 1859 1929 1906; x_wconf 82' lang='lat' dir='ltr'>Ioseph</span> <span class='ocrx_word' id='word_1_681' title='bbox 1951 1867 2062 1894; x_wconf 86' lang='lat' dir='ltr'>totam</span> 
     </span>
    </p>
   </div>
   <div class='ocr_carea' id='block_1_11' title="bbox 1108 1981 2063 2749">
    <p class='ocr_par' dir='ltr' id='par_1_13' title="bbox 1142 1981 1952 2050">
     <span class='ocr_line' id='line_1_99' title="bbox 1142 1981 1952 2015; baseline 0.007 -10"><span class='ocrx_word' id='word_1_682' title='bbox 1142 1983 1169 2006; x_wconf 87' lang='lat' dir='ltr'>in</span> <span class='ocrx_word' id='word_1_683' title='bbox 1194 1981 1327 2013; x_wconf 86' lang='lat' dir='ltr'>patriam,</span> <span class='ocrx_word' id='word_1_684' title='bbox 1360 1983 1452 2007; x_wconf 74' lang='lat' dir='ltr'>sancti</span> <span class='ocrx_word' id='word_1_685' title='bbox 1473 1983 1546 2007; x_wconf 83' lang='lat' dir='ltr'>Galli</span> <span class='ocrx_word' id='word_1_686' title='bbox 1570 1984 1710 2015; x_wconf 84' lang='lat' dir='ltr'>oppidum,</span> <span class='ocrx_word' id='word_1_687' title='bbox 1742 1986 1872 2010; x_wconf 83' lang='lat' dir='ltr'>dimissus</span> <span class='ocrx_word' id='word_1_688' title='bbox 1901 1988 1952 2011; x_wconf 85' lang='lat' dir='ltr'>est.</span> 
     </span>
     <span class='ocr_line' id='line_1_100' title="bbox 1145 2017 1762 2050; baseline 0.006 -9"><span class='ocrx_word' id='word_1_689' title='bbox 1145 2017 1320 2041; x_wconf 71' lang='lat' dir='ltr'>sechendorf</span> <span class='ocrx_word' id='word_1_690' title='bbox 1337 2018 1353 2041; x_wconf 87' lang='grc' dir='ltr'>Ι.</span> <span class='ocrx_word' id='word_1_691' title='bbox 1369 2018 1385 2042; x_wconf 90' lang='lat' dir='ltr'>l.</span> <span class='ocrx_word' id='word_1_692' title='bbox 1404 2018 1422 2042; x_wconf 87' lang='lat' dir='ltr'>l.</span> <span class='ocrx_word' id='word_1_693' title='bbox 1438 2018 1470 2041; x_wconf 88' lang='lat' dir='ltr'>ll.</span> <span class='ocrx_word' id='word_1_694' title='bbox 1491 2020 1557 2042; x_wconf 80' lang='lat' dir='ltr'>sert.</span> <span class='ocrx_word' id='word_1_695' title='bbox 1571 2020 1595 2043; x_wconf 81' lang='grc'>3.</span> <span class='ocrx_word' id='word_1_696' title='bbox 1617 2020 1642 2049; x_wconf 73' lang='lat' dir='ltr'>S.</span> <span class='ocrx_word' id='word_1_697' title='bbox 1657 2021 1679 2044; x_wconf 82' lang='lat'>3.</span> <span class='ocrx_word' id='word_1_698' title='bbox 1701 2028 1725 2050; x_wconf 87' lang='lat' dir='ltr'>p.</span> <span class='ocrx_word' id='word_1_699' title='bbox 1738 2021 1762 2045; x_wconf 84' lang='lat'>6.</span> 
     </span>
    </p>

    <p class='ocr_par' dir='ltr' id='par_1_14' title="bbox 1110 2060 2063 2704">
     <span class='ocr_line' id='line_1_101' title="bbox 1110 2060 2062 2094; baseline 0.004 -10"><span class='ocrx_word' id='word_1_700' title='bbox 1110 2060 1159 2087; x_wconf 82' lang='lat'>62)</span> <span class='ocrx_word' id='word_1_701' title='bbox 1178 2060 1296 2083; x_wconf 86' lang='lat' dir='ltr'>loannes</span> <span class='ocrx_word' id='word_1_702' title='bbox 1314 2060 1402 2083; x_wconf 85' lang='lat' dir='ltr'>Maior</span> <span class='ocrx_word' id='word_1_703' title='bbox 1421 2068 1445 2086; x_wconf 86' lang='lat' dir='ltr'>s.</span> <span class='ocrx_word' id='word_1_704' title='bbox 1462 2061 1566 2091; x_wconf 71' lang='lat' dir='ltr'>Maii-e,</span> <span class='ocrx_word' id='word_1_705' title='bbox 1601 2064 1682 2085; x_wconf 82' lang='lat' dir='ltr'>natus</span> <span class='ocrx_word' id='word_1_706' title='bbox 1701 2063 1726 2086; x_wconf 90' lang='lat' dir='ltr'>in</span> <span class='ocrx_word' id='word_1_707' title='bbox 1746 2064 1854 2087; x_wconf 59' lang='lat' dir='ltr'>§cotiae</span> <span class='ocrx_word' id='word_1_708' title='bbox 1872 2064 1968 2094; x_wconf 82' lang='lat' dir='ltr'>oppido</span> <span class='ocrx_word' id='word_1_709' title='bbox 1989 2065 2062 2088; x_wconf 80' lang='lat' dir='ltr'>Har-</span> 
     </span>
     <span class='ocr_line' id='line_1_102' title="bbox 1146 2094 2063 2128; baseline 0.005 -11"><span class='ocrx_word' id='word_1_710' title='bbox 1146 2094 1276 2125; x_wconf 79' lang='lat' dir='ltr'>dingtou‚</span> <span class='ocrx_word' id='word_1_711' title='bbox 1301 2095 1389 2118; x_wconf 87' lang='lat' dir='ltr'>literis</span> <span class='ocrx_word' id='word_1_712' title='bbox 1408 2101 1517 2125; x_wconf 85' lang='lat' dir='ltr'>operam</span> <span class='ocrx_word' id='word_1_713' title='bbox 1538 2096 1611 2119; x_wconf 84' lang='lat' dir='ltr'>dedit</span> <span class='ocrx_word' id='word_1_714' title='bbox 1631 2097 1842 2128; x_wconf 71' lang='lat' dir='ltr'>Cantabrigiae,</span> <span class='ocrx_word' id='word_1_715' title='bbox 1868 2102 1922 2122; x_wconf 88' lang='lat' dir='ltr'>tum</span> <span class='ocrx_word' id='word_1_716' title='bbox 1942 2099 2063 2123; x_wconf 85' lang='lat' dir='ltr'>Parisios</span> 
     </span>
     <span class='ocr_line' id='line_1_103' title="bbox 1146 2128 2062 2157; baseline 0.005 -6"><span class='ocrx_word' id='word_1_717' title='bbox 1146 2135 1177 2151; x_wconf 87' lang='lat' dir='ltr'>se</span> <span class='ocrx_word' id='word_1_718' title='bbox 1196 2128 1325 2154; x_wconf 79' lang='lat' dir='ltr'>contulit,</span> <span class='ocrx_word' id='word_1_719' title='bbox 1359 2129 1402 2152; x_wconf 91' lang='lat' dir='ltr'>ubi</span> <span class='ocrx_word' id='word_1_720' title='bbox 1420 2135 1444 2152; x_wconf 88' lang='lat' dir='ltr'>a.</span> <span class='ocrx_word' id='word_1_721' title='bbox 1462 2130 1534 2154; x_wconf 81' lang='lat'>1505.</span> <span class='ocrx_word' id='word_1_722' title='bbox 1556 2131 1650 2154; x_wconf 80' lang='lat' dir='ltr'>doctor</span> <span class='ocrx_word' id='word_1_723' title='bbox 1670 2133 1779 2155; x_wconf 79' lang='lat' dir='ltr'>creatus</span> <span class='ocrx_word' id='word_1_724' title='bbox 1806 2135 1856 2157; x_wconf 84' lang='lat' dir='ltr'>est.</span> <span class='ocrx_word' id='word_1_725' title='bbox 1908 2134 2010 2156; x_wconf 77' lang='lat' dir='ltr'>Deinde</span> <span class='ocrx_word' id='word_1_726' title='bbox 2036 2134 2062 2156; x_wconf 86' lang='lat' dir='ltr'>in</span> 
     </span>
     <span class='ocr_line' id='line_1_104' title="bbox 1144 2162 2062 2195; baseline 0.007 -10"><span class='ocrx_word' id='word_1_727' title='bbox 1144 2162 1262 2193; x_wconf 84' lang='lat' dir='ltr'>patriam</span> <span class='ocrx_word' id='word_1_728' title='bbox 1285 2163 1371 2186; x_wconf 85' lang='lat' dir='ltr'>redux</span> <span class='ocrx_word' id='word_1_729' title='bbox 1396 2164 1501 2194; x_wconf 82' lang='lat' dir='ltr'>aliquot</span> <span class='ocrx_word' id='word_1_730' title='bbox 1527 2166 1632 2193; x_wconf 88' lang='lat' dir='ltr'>tempus</span> <span class='ocrx_word' id='word_1_731' title='bbox 1657 2165 1683 2188; x_wconf 89' lang='lat' dir='ltr'>in</span> <span class='ocrx_word' id='word_1_732' title='bbox 1709 2167 1855 2190; x_wconf 78' lang='lat' dir='ltr'>Academia</span> <span class='ocrx_word' id='word_1_733' title='bbox 1874 2167 2062 2195; x_wconf 57' lang='lat' dir='ltr'>Glasgoviana</span> 
     </span>
     <span class='ocr_line' id='line_1_105' title="bbox 1145 2196 2062 2230; baseline 0.005 -10"><span class='ocrx_word' id='word_1_734' title='bbox 1145 2197 1253 2225; x_wconf 82' lang='lat' dir='ltr'>docuit,</span> <span class='ocrx_word' id='word_1_735' title='bbox 1289 2199 1387 2227; x_wconf 88' lang='lat' dir='ltr'>postea</span> <span class='ocrx_word' id='word_1_736' title='bbox 1417 2198 1444 2221; x_wconf 86' lang='lat' dir='ltr'>in</span> <span class='ocrx_word' id='word_1_737' title='bbox 1475 2198 1619 2228; x_wconf 72' lang='lat' dir='ltr'>collegium</span> <span class='ocrx_word' id='word_1_738' title='bbox 1652 2199 1811 2223; x_wconf 83' lang='lat' dir='ltr'>Parisiense</span> <span class='ocrx_word' id='word_1_739' title='bbox 1847 2196 1978 2224; x_wconf 74' lang='lat' dir='ltr'>reversus</span> <span class='ocrx_word' id='word_1_740' title='bbox 2008 2205 2062 2230; x_wconf 77' lang='lat' dir='ltr'>est,</span> 
     </span>
     <span class='ocr_line' id='line_1_106' title="bbox 1145 2231 2062 2264; baseline 0.007 -10"><span class='ocrx_word' id='word_1_741' title='bbox 1145 2231 1189 2255; x_wconf 83' lang='lat' dir='ltr'>ubi</span> <span class='ocrx_word' id='word_1_742' title='bbox 1216 2237 1265 2254; x_wconf 82' lang='lat' dir='ltr'>sex</span> <span class='ocrx_word' id='word_1_743' title='bbox 1289 2231 1374 2255; x_wconf 86' lang='lat' dir='ltr'>libros</span> <span class='ocrx_word' id='word_1_744' title='bbox 1398 2232 1531 2256; x_wconf 83' lang='lat' dir='ltr'>historiae</span> <span class='ocrx_word' id='word_1_745' title='bbox 1552 2233 1724 2257; x_wconf 79' lang='lat' dir='ltr'>Britannicae</span> <span class='ocrx_word' id='word_1_746' title='bbox 1748 2235 1856 2264; x_wconf 88' lang='lat' dir='ltr'>scripsit</span> <span class='ocrx_word' id='word_1_747' title='bbox 1881 2237 1906 2258; x_wconf 82' lang='lat' dir='ltr'>et</span> <span class='ocrx_word' id='word_1_748' title='bbox 1935 2236 2008 2260; x_wconf 78' lang='lat'>1521.</span> <span class='ocrx_word' id='word_1_749' title='bbox 2028 2238 2062 2259; x_wconf 77' lang='lat'>4⁰</span> 
     </span>
     <span class='ocr_line' id='line_1_107' title="bbox 1144 2265 2061 2298; baseline 0.005 -10"><span class='ocrx_word' id='word_1_750' title='bbox 1144 2265 1235 2289; x_wconf 82' lang='lat' dir='ltr'>edidit.</span> <span class='ocrx_word' id='word_1_751' title='bbox 1271 2265 1393 2295; x_wconf 89' lang='lat' dir='ltr'>Denique</span> <span class='ocrx_word' id='word_1_752' title='bbox 1411 2266 1437 2289; x_wconf 93' lang='lat' dir='ltr'>in</span> <span class='ocrx_word' id='word_1_753' title='bbox 1459 2267 1574 2296; x_wconf 87' lang='lat' dir='ltr'>patriam</span> <span class='ocrx_word' id='word_1_754' title='bbox 1594 2268 1688 2295; x_wconf 82' lang='lat' dir='ltr'>rediit,</span> <span class='ocrx_word' id='word_1_755' title='bbox 1715 2269 1802 2298; x_wconf 85' lang='lat' dir='ltr'>ibique</span> <span class='ocrx_word' id='word_1_756' title='bbox 1821 2276 1845 2293; x_wconf 85' lang='lat' dir='ltr'>a.</span> <span class='ocrx_word' id='word_1_757' title='bbox 1863 2270 1934 2293; x_wconf 72' lang='lat'>1540.</span> <span class='ocrx_word' id='word_1_758' title='bbox 1959 2270 1992 2294; x_wconf 80' lang='lat'>62</span> <span class='ocrx_word' id='word_1_759' title='bbox 2009 2276 2061 2293; x_wconf 83' lang='lat' dir='ltr'>an-</span> 
     </span>
     <span class='ocr_line' id='line_1_108' title="bbox 1146 2300 2061 2334; baseline 0.004 -11"><span class='ocrx_word' id='word_1_760' title='bbox 1146 2305 1198 2323; x_wconf 83' lang='lat' dir='ltr'>nos</span> <span class='ocrx_word' id='word_1_761' title='bbox 1216 2300 1315 2329; x_wconf 87' lang='lat' dir='ltr'>natus,</span> <span class='ocrx_word' id='word_1_762' title='bbox 1334 2302 1396 2329; x_wconf 86' lang='lat' dir='ltr'>aut,</span> <span class='ocrx_word' id='word_1_763' title='bbox 1423 2302 1452 2324; x_wconf 85' lang='lat' dir='ltr'>ut</span> <span class='ocrx_word' id='word_1_764' title='bbox 1469 2302 1509 2324; x_wconf 72' lang='lat' dir='ltr'>Le</span> <span class='ocrx_word' id='word_1_765' title='bbox 1527 2302 1605 2331; x_wconf 72' lang='lat' dir='ltr'>Long</span> <span class='ocrx_word' id='word_1_766' title='bbox 1623 2301 1649 2324; x_wconf 93' lang='lat' dir='ltr'>in</span> <span class='ocrx_word' id='word_1_767' title='bbox 1668 2302 1735 2325; x_wconf 73' lang='lat' dir='ltr'>nihl.</span> <span class='ocrx_word' id='word_1_768' title='bbox 1755 2303 1816 2326; x_wconf 79' lang='lat' dir='ltr'>hist.</span> <span class='ocrx_word' id='word_1_769' title='bbox 1838 2310 1861 2332; x_wconf 83' lang='lat' dir='ltr'>p.</span> <span class='ocrx_word' id='word_1_770' title='bbox 1879 2304 1935 2327; x_wconf 80' lang='lat'>123.</span> <span class='ocrx_word' id='word_1_771' title='bbox 1954 2307 2061 2334; x_wconf 71' lang='lat' dir='ltr'>narrat,</span> 
     </span>
     <span class='ocr_line' id='line_1_109' title="bbox 1145 2334 2060 2362; baseline 0.008 -7"><span class='ocrx_word' id='word_1_772' title='bbox 1145 2339 1168 2358; x_wconf 73' lang='lat' dir='ltr'>a.</span> <span class='ocrx_word' id='word_1_773' title='bbox 1186 2334 1260 2357; x_wconf 75' lang='lat'>1548.</span> <span class='ocrx_word' id='word_1_774' title='bbox 1280 2336 1402 2356; x_wconf 86' lang='lat' dir='ltr'>mortuus</span> <span class='ocrx_word' id='word_1_775' title='bbox 1422 2336 1473 2358; x_wconf 89' lang='lat' dir='ltr'>est.</span> <span class='ocrx_word' id='word_1_776' title='bbox 1517 2335 1631 2358; x_wconf 82' lang='lat' dir='ltr'>Praeter</span> <span class='ocrx_word' id='word_1_777' title='bbox 1650 2336 1723 2359; x_wconf 85' lang='lat' dir='ltr'>illam</span> <span class='ocrx_word' id='word_1_778' title='bbox 1742 2337 1885 2360; x_wconf 79' lang='lat' dir='ltr'>historiam</span> <span class='ocrx_word' id='word_1_779' title='bbox 1905 2339 1969 2362; x_wconf 86' lang='lat' dir='ltr'>haec</span> <span class='ocrx_word' id='word_1_780' title='bbox 1988 2339 2060 2362; x_wconf 80' lang='lat' dir='ltr'>scri-</span> 
     </span>
     <span class='ocr_line' id='line_1_110' title="bbox 1145 2368 2061 2402; baseline 0.007 -12"><span class='ocrx_word' id='word_1_781' title='bbox 1145 2370 1192 2397; x_wconf 90' lang='lat' dir='ltr'>pta</span> <span class='ocrx_word' id='word_1_782' title='bbox 1217 2368 1276 2390; x_wconf 91' lang='lat' dir='ltr'>eius</span> <span class='ocrx_word' id='word_1_783' title='bbox 1306 2371 1568 2392; x_wconf 84' lang='lat' dir='ltr'>commemorantur:</span> <span class='ocrx_word' id='word_1_784' title='bbox 1606 2369 1822 2394; x_wconf 84' lang='lat' dir='ltr'>Commentarius</span> <span class='ocrx_word' id='word_1_785' title='bbox 1847 2371 1873 2394; x_wconf 87' lang='lat' dir='ltr'>in</span> <span class='ocrx_word' id='word_1_786' title='bbox 1897 2373 2061 2402; x_wconf 78' lang='lat' dir='ltr'>Magistrum</span> 
     </span>
     <span class='ocr_line' id='line_1_111' title="bbox 1145 2402 2061 2430; baseline 0.008 -7"><span class='ocrx_word' id='word_1_787' title='bbox 1145 2402 1352 2426; x_wconf 83' lang='lat' dir='ltr'>sententiarum.</span> <span class='ocrx_word' id='word_1_788' title='bbox 1382 2403 1472 2426; x_wconf 85' lang='lat' dir='ltr'>Paris.</span> <span class='ocrx_word' id='word_1_789' title='bbox 1495 2404 1567 2426; x_wconf 78' lang='lat'>1509.</span> <span class='ocrx_word' id='word_1_790' title='bbox 1595 2404 1659 2429; x_wconf 72' lang='lat' dir='ltr'>fol:</span> <span class='ocrx_word' id='word_1_791' title='bbox 1684 2404 1901 2428; x_wconf 77' lang='lat' dir='ltr'>Conimentarius</span> <span class='ocrx_word' id='word_1_792' title='bbox 1922 2407 1948 2430; x_wconf 82' lang='lat' dir='ltr'>in</span> <span class='ocrx_word' id='word_1_793' title='bbox 1967 2408 2061 2430; x_wconf 68' lang='lat' dir='ltr'>Eran—</span> 
     </span>
     <span class='ocr_line' id='line_1_112' title="bbox 1146 2436 2059 2466; baseline 0.008 -8"><span class='ocrx_word' id='word_1_794' title='bbox 1146 2436 1244 2466; x_wconf 76' lang='lat' dir='ltr'>gelinm</span> <span class='ocrx_word' id='word_1_795' title='bbox 1256 2437 1394 2460; x_wconf 78' lang='lat' dir='ltr'>Matthaei.</span> <span class='ocrx_word' id='word_1_796' title='bbox 1420 2437 1483 2460; x_wconf 90' lang='lat' dir='ltr'>lbid.</span> <span class='ocrx_word' id='word_1_797' title='bbox 1506 2438 1579 2460; x_wconf 75' lang='lat'>1508.</span> <span class='ocrx_word' id='word_1_798' title='bbox 1599 2438 1660 2463; x_wconf 69' lang='lat' dir='ltr'>soh:</span> <span class='ocrx_word' id='word_1_799' title='bbox 1681 2439 1829 2463; x_wconf 76' lang='lat' dir='ltr'>Commeat.</span> <span class='ocrx_word' id='word_1_800' title='bbox 1849 2440 1875 2462; x_wconf 90' lang='lat' dir='ltr'>in</span> <span class='ocrx_word' id='word_1_801' title='bbox 1888 2442 1982 2465; x_wconf 81' lang='lat' dir='ltr'>Mattb.</span> <span class='ocrx_word' id='word_1_802' title='bbox 1998 2442 2059 2466; x_wconf 78' lang='lat' dir='ltr'>XV.</span> 
     </span>
     <span class='ocr_line' id='line_1_113' title="bbox 1145 2470 2062 2501; baseline 0.005 -8"><span class='ocrx_word' id='word_1_803' title='bbox 1145 2470 1232 2493; x_wconf 83' lang='lat' dir='ltr'>Paris.</span> <span class='ocrx_word' id='word_1_804' title='bbox 1254 2470 1344 2497; x_wconf 35' lang='lat'><strong>1518&amp;</strong></span> <span class='ocrx_word' id='word_1_805' title='bbox 1364 2471 1581 2494; x_wconf 81' lang='lat' dir='ltr'>Commentarius</span> <span class='ocrx_word' id='word_1_806' title='bbox 1601 2472 1625 2494; x_wconf 91' lang='lat' dir='ltr'>in</span> <span class='ocrx_word' id='word_1_807' title='bbox 1645 2474 1760 2501; x_wconf 83' lang='lat' dir='ltr'>quatuor</span> <span class='ocrx_word' id='word_1_808' title='bbox 1775 2475 1979 2501; x_wconf 64' lang='lat' dir='ltr'>Evangelistas.</span> <span class='ocrx_word' id='word_1_809' title='bbox 1998 2476 2062 2499; x_wconf 77' lang='lat' dir='ltr'>ibid.</span> 
     </span>
     <span class='ocr_line' id='line_1_114' title="bbox 1148 2502 2063 2540; baseline 0.007 -13"><span class='ocrx_word' id='word_1_810' title='bbox 1148 2504 1222 2528; x_wconf 77' lang='lat'>1529.</span> <span class='ocrx_word' id='word_1_811' title='bbox 1246 2506 1297 2533; x_wconf 73' lang='lat'>4⁰3</span> <span class='ocrx_word' id='word_1_812' title='bbox 1331 2505 1523 2534; x_wconf 71' lang='lat' dir='ltr'>sophisticaiia</span> <span class='ocrx_word' id='word_1_813' title='bbox 1548 2506 1732 2536; x_wconf 78' lang='lat' dir='ltr'>Parisiensia;</span> <span class='ocrx_word' id='word_1_814' title='bbox 1763 2502 1867 2531; x_wconf 79' lang='lat' dir='ltr'>Placita</span> <span class='ocrx_word' id='word_1_815' title='bbox 1892 2510 2063 2540; x_wconf 48' lang='lat' dir='ltr'>theologia-Q</span> 
     </span>
     <span class='ocr_line' id='line_1_115' title="bbox 1145 2538 2060 2573; baseline 0.005 -11"><span class='ocrx_word' id='word_1_816' title='bbox 1145 2538 1243 2562; x_wconf 73' lang='lat' dir='ltr'>Latina</span> <span class='ocrx_word' id='word_1_817' title='bbox 1262 2539 1406 2562; x_wconf 77' lang='lat' dir='ltr'>translatio</span> <span class='ocrx_word' id='word_1_818' title='bbox 1427 2539 1541 2562; x_wconf 71' lang='lat' dir='ltr'>eaxtoni</span> <span class='ocrx_word' id='word_1_819' title='bbox 1561 2540 1690 2563; x_wconf 73' lang='lat' dir='ltr'>historiae</span> <span class='ocrx_word' id='word_1_820' title='bbox 1709 2542 1816 2569; x_wconf 59' lang='lat' dir='ltr'>:nimico</span> <span class='ocrx_word' id='word_1_821' title='bbox 1837 2544 1974 2573; x_wconf 78' lang='lat' dir='ltr'>scriptae3</span> <span class='ocrx_word' id='word_1_822' title='bbox 1996 2545 2060 2567; x_wconf 76' lang='lat' dir='ltr'>Dis-</span> 
     </span>
     <span class='ocr_line' id='line_1_116' title="bbox 1144 2573 2060 2608; baseline 0.007 -13"><span class='ocrx_word' id='word_1_823' title='bbox 1144 2573 1247 2602; x_wconf 84' lang='lat' dir='ltr'>putatio</span> <span class='ocrx_word' id='word_1_824' title='bbox 1268 2573 1299 2595; x_wconf 88' lang='lat' dir='ltr'>de</span> <span class='ocrx_word' id='word_1_825' title='bbox 1319 2575 1454 2602; x_wconf 84' lang='lat' dir='ltr'>potestate</span> <span class='ocrx_word' id='word_1_826' title='bbox 1470 2573 1558 2601; x_wconf 81' lang='lat' dir='ltr'>Papae</span> <span class='ocrx_word' id='word_1_827' title='bbox 1578 2574 1603 2596; x_wconf 90' lang='lat' dir='ltr'>in</span> <span class='ocrx_word' id='word_1_828' title='bbox 1623 2575 1704 2597; x_wconf 84' lang='lat' dir='ltr'>rebus</span> <span class='ocrx_word' id='word_1_829' title='bbox 1726 2578 1919 2605; x_wconf 74' lang='lat' dir='ltr'>temporalibus</span> <span class='ocrx_word' id='word_1_830' title='bbox 1935 2578 1981 2608; x_wconf 82' lang='lat' dir='ltr'>(ex</span> <span class='ocrx_word' id='word_1_831' title='bbox 2001 2579 2060 2601; x_wconf 78' lang='lat' dir='ltr'>eius</span> 
     </span>
     <span class='ocr_line' id='line_1_117' title="bbox 1145 2607 2061 2639; baseline 0.004 -8"><span class='ocrx_word' id='word_1_832' title='bbox 1145 2608 1296 2631; x_wconf 79' lang='lat' dir='ltr'>Commeat.</span> <span class='ocrx_word' id='word_1_833' title='bbox 1314 2607 1340 2629; x_wconf 88' lang='lat' dir='ltr'>in</span> <span class='ocrx_word' id='word_1_834' title='bbox 1359 2608 1453 2631; x_wconf 80' lang='lat' dir='ltr'>Matth.</span> <span class='ocrx_word' id='word_1_835' title='bbox 1471 2607 1532 2630; x_wconf 70' lang='lat' dir='ltr'>XV.</span> <span class='ocrx_word' id='word_1_836' title='bbox 1550 2611 1707 2639; x_wconf 55' lang='lat' dir='ltr'>excerpta„</span> <span class='ocrx_word' id='word_1_837' title='bbox 1734 2613 1842 2634; x_wconf 72' lang='lat' dir='ltr'>summa</span> <span class='ocrx_word' id='word_1_838' title='bbox 1861 2612 1893 2634; x_wconf 86' lang='lat' dir='ltr'>de</span> <span class='ocrx_word' id='word_1_839' title='bbox 1910 2613 2061 2636; x_wconf 78' lang='lat' dir='ltr'>consessio-</span> 
     </span>
     <span class='ocr_line' id='line_1_118' title="bbox 1143 2641 2059 2678; baseline 0.008 -15"><span class='ocrx_word' id='word_1_840' title='bbox 1143 2641 1238 2670; x_wconf 86' lang='lat' dir='ltr'>nibus,</span> <span class='ocrx_word' id='word_1_841' title='bbox 1271 2641 1304 2664; x_wconf 87' lang='lat' dir='ltr'>de</span> <span class='ocrx_word' id='word_1_842' title='bbox 1328 2641 1487 2670; x_wconf 82' lang='lat' dir='ltr'>capitalibus</span> <span class='ocrx_word' id='word_1_843' title='bbox 1515 2641 1590 2665; x_wconf 73' lang='lat' dir='ltr'>vitiis</span> <span class='ocrx_word' id='word_1_844' title='bbox 1611 2645 1638 2666; x_wconf 79' lang='lat' dir='ltr'>et</span> <span class='ocrx_word' id='word_1_845' title='bbox 1656 2643 1785 2675; x_wconf 68' lang='lat' dir='ltr'>decalogo</span> <span class='ocrx_word' id='word_1_846' title='bbox 1806 2645 1958 2670; x_wconf 79' lang='lat' dir='ltr'>divinorum</span> <span class='ocrx_word' id='word_1_847' title='bbox 1977 2653 2059 2678; x_wconf 83' lang='lat' dir='ltr'>prae-</span> 
     </span>
     <span class='ocr_line' id='line_1_119' title="bbox 1144 2677 1291 2704; baseline 0 -6"><span class='ocrx_word' id='word_1_848' title='bbox 1144 2677 1291 2704; x_wconf 86' lang='lat' dir='ltr'>ceptorum.</span> 
     </span>
    </p>

    <p class='ocr_par' dir='ltr' id='par_1_15' title="bbox 1108 2716 1434 2749">
     <span class='ocr_line' id='line_1_120' title="bbox 1108 2716 1434 2749; baseline 0 -8"><span class='ocrx_word' id='word_1_849' title='bbox 1108 2716 1155 2749; x_wconf 81' lang='lat'>63)</span> <span class='ocrx_word' id='word_1_850' title='bbox 1177 2718 1201 2741; x_wconf 86' lang='lat'>1.</span> <span class='ocrx_word' id='word_1_851' title='bbox 1215 2718 1288 2741; x_wconf 82' lang='lat' dir='ltr'>Sam.</span> <span class='ocrx_word' id='word_1_852' title='bbox 1300 2717 1327 2747; x_wconf 84' lang='lat'>8,</span> <span class='ocrx_word' id='word_1_853' title='bbox 1345 2718 1361 2741; x_wconf 82' lang='lat'><em>9</em></span> <span class='ocrx_word' id='word_1_854' title='bbox 1376 2724 1434 2748; x_wconf 81' lang='lat' dir='ltr'>sqq.</span> 
     </span>
    </p>
   </div>
   <div class='ocr_carea' id='block_1_12' title="bbox 2001 1987 2062 2012">
    <p class='ocr_par' dir='ltr' id='par_1_16' title="bbox 2001 1987 2062 2012">
     <span class='ocr_line' id='line_1_121' title="bbox 2001 1987 2062 2012; baseline 0.033 -2"><span class='ocrx_word' id='word_1_855' title='bbox 2001 1987 2062 2012; x_wconf 70' lang='lat' dir='ltr'>Vid.</span> 
     </span>
    </p>
   </div>
  </div>
 </body>
</html>
