2347 3000
206 125 304 162 1087

207 210 276 244 alia
297 206 388 241 ratio
407 203 644 248 allegabatur:
673 197 872 242 Corrupisti
892 195 1085 240 populum,
1113 191 1197 237 quia

208 259 335 294 dedisti
364 256 499 301 populo
529 255 645 287 locum
673 251 717 284 ad
741 248 983 293 spectandum.
1050 244 1105 277 Ad
1131 241 1199 276 boc

210 310 415 355 respondet:
444 307 525 341 Non
541 303 687 341 alienis,
715 300 776 334 sed
798 299 868 333 suis
893 296 1080 330 tribulibus
1103 293 1200 327 (ledit

442 354 628 397 Ambinon]
664 350 730 384 boc
758 357 828 390 est,
871 349 908 381 in
936 359 1062 390 genere.
1088 345 1198 378 multa

212 410 416 445 declamitas
449 411 572 439 contra
608 402 793 436 ambitum.
909 394 1082 443 Defende]
1109 395 1200 429 scili-

213 470 265 497 eet
282 463 393 507 ipsam
411 455 667 500 turpitudinem
689 451 854 485 ambitus.
926 445 1119 494 Ambitum]
1137 445 1202 480 sci-

215 516 292 547 lieet
322 521 442 553 genus.
545 504 792 547 Innocentiam]
829 502 863 533 id
891 507 962 540 est,
1006 511 1078 532 nou
1105 496 1203 529 volui

215 564 340 609 punire
365 559 448 597 hos,
498 556 559 601 qui
587 555 714 588 iniuste
752 557 1000 585 accusarentur
1038 548 1202 581 ambitus.

215 611 400 653 Accusabo]
427 608 558 642 scilieet
582 606 618 638 in
642 617 780 649 genere.
856 602 1010 645 lusisti]
1034 598 1204 643 Proposi-

215 666 265 698 tio
284 670 316 696 et
334 659 510 698 infitiatio,
536 656 603 690 hoc
621 663 683 696 est,
707 667 796 699 nego
813 653 907 686 huuc
924 664 995 685 esse
1013 663 1112 683 reum
1132 662 1204 681 am-

216 716 327 753 bitus,
356 710 455 757 quasi
475 709 584 742 dieat:
623 719 697 740 non
719 705 921 752 quaeritur,
957 703 1042 747 quid
1065 702 1110 735 sit
1133 713 1205 733 am-

217 767 329 803 bitus,
362 762 431 805 ‚sed
457 759 660 805 quaeritur,
697 763 818 790 utrum
843 755 898 787 ille
920 755 1032 786 sactus
1058 753 1102 786 sit
1124 763 1206 784 reus

218 815 382 850 ambitus.
450 810 643 854 Referente]
671 808 801 841 scilicet
819 810 1054 850 proponente.
1124 803 1207 837 Gla-

217 863 419 907 diatoribus]
447 862 577 895 scilicet
596 860 625 893 si
641 872 718 892 cum
736 856 991 901 gladiatoribus
1010 854 1207 899 prodirent.

220 917 343 959 Locus]
372 913 503 948 scilicet
523 912 552 946 si
573 912 670 944 locus
695 910 738 942 ad
760 908 991 953 spectandum
1016 907 1117 938 datus
1146 909 1207 936 est.

223 965 405 1009 Tribute'm]
433 964 469 996 id
487 970 556 1002 est,
582 974 645 1006 per
662 960 816 1003 singulas
832 958 956 996 tribus,
983 956 1084 1001 quasi
1098 955 1207 988 dicat:

221 1026 272 1053 est
291 1015 451 1063 quaestio
468 1011 725 1050 coniecturalis,
752 1022 828 1043 non
842 1008 1040 1051 negotialis.
1107 1004 1210 1048 Opus]

221 1069 351 1104 scilicet
367 1064 455 1098 nihil
475 1064 582 1097 laedit
599 1062 809 1100 Murenam,
838 1059 919 1104 quia
946 1058 982 1089 in
1009 1068 1135 1100 genere
1159 1055 1212 1087 lo-

224 1120 346 1166 quitur
364 1118 406 1149 de
424 1127 463 1148 re
475 1141 484 1155 ,
510 1125 584 1147 non
604 1114 646 1146 de
662 1122 828 1156 persona.
910 1107 1120 1151 Camlidatis]
1148 1104 1213 1139 sci—

223 1173 302 1204 lieet
323 1167 446 1202 Serw'o
474 1172 507 1199 et
531 1164 595 1197 tibi
617 1162 757 1198 Catoni.
836 1155 943 1205 Ichm]
977 1158 1012 1191 id
1039 1164 1108 1198 cst,
1143 1156 1213 1189 alia

224 1220 383 1268 quaestio
404 1223 465 1250 est.

327 1276 356 1313 ς.
376 1269 436 1302 68.
463 1265 628 1309 Dubium]
657 1263 788 1298 scilicet
810 1262 852 1294 de
874 1271 1039 1304 persona.
1116 1258 1214 1292 Iudi-

224 1322 316 1365 σαι-υ]
344 1319 475 1353 scilicet
492 1318 533 1350 de
549 1328 598 1349 re.
673 1317 783 1360 Atque
807 1313 856 1356 id]
886 1312 920 1344 id
944 1316 1013 1350 est,
1041 1307 1215 1353 generali-

225 1381 278 1406 ter
295 1369 498 1404 decernitur
521 1368 562 1400 de
584 1377 643 1406 re,
676 1376 751 1398 non
773 1364 816 1397 de
842 1372 1008 1407 persona.
1088 1358 1216 1403 Quare]

225 1422 404 1457 Infitiatio.

330 1481 415 1525 Cap.
432 1476 586 1513 XXXIII.
620 1474 649 1520 ἓ.
666 1474 726 1508 68.
762 1474 885 1518 Multi]
913 1469 1117 1506 Translatio
1137 1480 1217 1502 cau-

228 1547 306 1573 sae,
347 1543 456 1577 quare
482 1529 683 1561 venientem
711 1525 924 1569 exceperint.
1009 1523 1102 1557 Solet
1122 1520 1217 1564 fieri]

228 1586 322 1628 Ergo
341 1594 414 1615 non
430 1583 467 1614 fit
482 1579 656 1613 mercede.
737 1575 930 1618 Viden-etur]
958 1573 993 1606 id
1008 1579 1077 1612 est,
1104 1571 1217 1604 multo

230 1635 341 1679 magis
358 1632 562 1665 mirandum
580 1634 686 1665 esset,
713 1626 741 1659 si
757 1637 862 1658 nemo
883 1624 1023 1657 obviarn
1040 1622 1204 1654 venisset.

335 1684 364 1727 {-
381 1683 440 1716 69.
469 1681 590 1724 Multi]
617 1679 653 1712 id
671 1683 737 1716 est,
767 1687 889 1709 omues
914 1672 1094 1707 candidati
1115 1683 1219 1704 vene-

233 1742 316 1771 runt
333 1735 383 1766 illi
399 1732 553 1765 obviam.

336 1784 364 1829 ᾗ.
390 1784 448 1817 70.
483 1785 530 1816 At
556 1773 851 1822 sectabanturffiss
886 1773 1066 1818 Repetitio
1092 1771 1221 1804 infitia-

233 1837 339 1871 tionis
355 1836 396 1868 de
413 1831 656 1868 sectatoribus.

338 1881 587 1930 Cap.xxxtV.
617 1879 647 1924 ἓ,
663 1879 723 1914 70.
750 1875 994 1918 Sectatoribus]
1021 1873 1058 1906 id
1074 1878 1136 1912 est,
1164 1872 1222 1904 de-

234 1938 427 1975 bitoribus,
463 1933 650 1967 comitibus
682 1928 841 1963 assiduis.
943 1923 1223 1966 Assectauonenz]

236 1991 271 2023 id
291 1995 360 2027 est,
388 1985 648 2020 deductionem.
731 1983 772 2013 ct
788 1977 879 2020 suos]
909 1975 944 2009 id
961 1982 1032 2014 est,
1059 1987 1133 2007 non
1147 1973 1223 2006 fieri

240 2045 370 2085 potest,
398 2042 435 2070 ut
453 2046 591 2078 semper
606 2030 769 2065 homines
785 2028 921 2061 nobiles
943 2027 1120 2060 deducant
1144 2036 1225 2057 cau-

239 2092 395 2123 didatos:
426 2098 508 2130 ergo
527 2083 704 2117 tenuiores
730 2078 862 2113 assidui
883 2083 986 2116 sunt,
1023 2076 1149 2121 quibus
1166 2087 1226 2108 va—

241 2147 304 2174 cet.
380 2136 565 2180 Bttsc'licae]
590 2134 625 2167 id
644 2139 714 2172 est,
741 2131 819 2164 loca
838 2128 978 2174 publica
1001 2127 1226 2167 iudiciorum,

240 2188 461 2225 consistoria.

346 2239 375 2284 ξ,
393 2239 451 2272 71.
484 2236 603 2271 Valent
616 2233 746 2279 qratia]
775 2231 811 2264 id
829 2235 891 2269 est,
917 2228 1130 2268 celebritate,
1158 2239 1226 2273 qua

243 2292 395 2326 invitent
412 2288 499 2321 alios
515 2286 619 2319 etiam
638 2286 681 2317 ad
696 2281 975 2326 suffragandum.
1045 2281 1087 2313 Si
1105 2284 1139 2313 td
1156 2278 1229 2322 sus-

241 2339 492 2388 frayantnrffi),
520 2337 606 2370 nihil
624 2336 731 2369 valent
744 2332 875 2377 qratia]
904 2331 965 2371 Ut,
993 2329 1028 2363 id
1046 2337 1108 2370 est,
1135 2336 1229 2374 post-

246 2405 365 2439 quam,
417 2390 454 2423 Si
471 2387 614 2431 legitur:
643 2386 673 2419 si
690 2383 779 2417 nihil
796 2383 915 2415 valent
933 2381 1068 2426 gratia,
1102 2387 1141 2414 ut
1162 2381 1230 2414 sus-

245 2445 427 2488 fragentur
442 2440 581 2484 plures,
615 2437 651 2470 id
670 2442 737 2475 est,
770 2432 918 2478 reliqui,
949 2432 1122 2467 sententia
1148 2431 1231 2464 saci-

248 2495 316 2528 lior
331 2492 397 2526 erit
413 2491 602 2524 intellectu.
680 2486 802 2531 Loqui]
827 2483 956 2518 scilicet
971 2483 1149 2517 tenuiores
1160 2509 1169 2523 ‚
1196 2494 1230 2516 se

210 364 339 395 lorum.

284 2626 332 2657 81)
351 2620 554 2649 sectabantur]
573 2617 621 2642 Ed.
638 2615 712 2641 1568.
733 2620 828 2639 errore
847 2616 958 2644 typogr.
977 2613 1190 2643 spectabantur.

286 2676 334 2704 3⁶2)
353 2670 571 2705 suffragantur]
591 2669 631 2692 sie
649 2667 698 2692 Ed.
716 2667 785 2690 156⁸.
807 2670 832 2688 et
852 2666 904 2695 ahg
942 2664 989 2688 Ed.
1013 2664 1098 2688 orell.
1123 2663 1233 2696 suffra-

320 2711 432 2741 geritur.

780 111 902 147 PHIL.
937 108 1050 144 MEL.
1085 104 1287 141 SCRIPTA
1322 103 1657 140 PHILOLOGICA.

2142 101 2239 136 1088

1251 189 1341 224 nihil
1357 203 1458 235 posse
1481 190 1583 224 nobis
1602 195 1802 234 praestare,
1832 186 1900 221 nisi
1917 184 1985 221 boc
2004 187 2158 222 officium
2182 189 2242 222 de-

1251 242 1439 276 ductionis.
1513 242 1649 285 Fabiae]
1676 240 1807 274 scilicet
1825 252 1914 285 quae
1932 239 2024 283 leges
2042 240 2243 279 voluerunt,

1250 299 1290 326 ut
1307 299 1422 326 certus
1441 304 1609 325 numerus
1625 297 1838 324 sectatorum
1856 290 1960 322 alicui
1979 291 2242 335 adiungeretur.

1251 343 1379 388 Poena]
1406 343 1538 377 scilicet
1555 342 1757 375 constituta.

1356 393 1386 438 ξ.
1405 395 1465 429 72.
1493 396 1539 427 At
1562 392 1762 436 spectacula]
1789 391 1868 424 Alia
1894 391 2097 424 translatio:
2130 390 2244 424 Datus

1255 451 1306 479 est
1320 445 1418 479 locus
1435 444 1636 489 spectandi,
1665 443 1858 475 conductae
1878 448 1960 475 sunt
1982 442 2170 475 tribulibus
2193 447 2244 474 ta—

1254 497 1398 528 bernae.
1515 494 1735 537 Pane-torum]
1782 493 1817 526 id
1852 499 1903 526 est
1920 519 1928 531 ,
1980 493 2244 535 suffragiorum.

1254 547 1363 579 Vide:
1406 544 1522 578 Omne
1548 545 1627 577 tulit
1652 550 1843 588 punctum,
1874 543 2002 589 etuffl).
2063 544 2245 587 Significat

1257 598 1379 631 Cicero
1399 608 1434 629 se
1455 609 1493 627 ea
1512 596 1547 627 in
1568 608 1603 628 re
1620 595 1793 628 studuisse
1811 594 1935 627 Servio
1949 621 1957 633 ‚
1988 595 2056 625 iam
2085 594 2185 639 quasi
2210 594 2247 629 in

1257 662 1291 682 se
1317 648 1485 680 transfert
1510 647 1604 679 illam
1624 646 1817 685 iacturam,
1845 645 1878 677 id
1898 651 1966 684 est,
1992 645 2102 677 multa
2121 645 2246 678 suffra-

1259 700 1314 744 gia
1341 705 1424 731 tunc
1453 698 1654 737 amisimus,
1692 697 1774 742 quia
1801 696 1838 728 in
1863 696 2080 740 exquirendo
2108 707 2249 728 eramus

1259 750 1364 783 nimis
1380 749 1492 782 severi
1508 755 1539 780 et
1559 759 1666 781 acres.
1745 747 1913 791 Primum]
1934 746 2064 780 scilicet
2080 747 2250 786 fecerunt,

1260 800 1442 839 videlieet,
1470 806 1508 831 ut
1529 800 1617 833 alius
1638 798 1740 831 alteri
1760 798 1908 830 cederet.
1986 798 2158 842 Nondum]
2186 796 2251 831 sci-

1261 852 1341 884 licet
1368 851 1532 889 suerunt,
1574 849 1635 895 qui
1665 849 1736 883 suis
1761 848 1948 882 tribulibus
1968 854 2060 882 totas
2083 848 2250 881 tabernas

1263 903 1511 936 conducerent.

1364 960 1449 1004 Cap.
1470 957 1608 993 XXXV.
1638 956 1668 1001 §-
1684 958 1744 992 73.
1782 957 1942 1001 Dedisse]
1971 957 2102 991 scilicet
2127 957 2251 992 fertur.

1262 1011 1348 1045 Vult
1360 1011 1459 1056 loqui
1476 1012 1518 1043 de
1537 1016 1679 1048 autore,
1712 1008 1772 1053 qui
1792 1009 1948 1052 primum
1973 1009 2182 1054 conduxerit
2202 1015 2254 1041 ta-

1263 1063 1391 1095 bernas
1415 1061 1601 1095 universae
1628 1059 1748 1092 tribui.
1826 1061 1916 1093 llaec
1941 1060 2068 1103 omnia]
2102 1059 2253 1092 Conclu-

1265 1113 1330 1147 sio.
1416 1111 1656 1154 Seciatore'um]
1694 1110 1827 1143 scilicet
1848 1109 2029 1143 comitum.
2114 1111 2254 1153 Specta-

1265 1159 1428 1208 culorum]
1445 1163 1481 1195 id
1497 1168 1566 1201 est,
1593 1161 1689 1206 quod
1706 1161 1874 1193 tabernae
1891 1160 1961 1193 sint
1976 1161 2170 1193 conductae
2189 1171 2254 1203 pro

1267 1214 1500 1247 tenuioribus.
1604 1213 1692 1253 Quid
1714 1208 1848 1255 euz'm?]
1883 1209 2132 1255 Interpretatio
2159 1210 2255 1254 legis.

1270 1265 1445 1309 Conviuce]
1473 1263 1508 1295 id
1526 1269 1597 1302 est,
1625 1263 1759 1306 proba,
1787 1262 1881 1307 quod
1899 1262 2101 1295 dederimus
2124 1273 2256 1294 merce-

1269 1316 1361 1349 dem.
1451 1316 1521 1349 Sed
1540 1314 1648 1358 vulyo]
1682 1313 1719 1345 id
1741 1319 1810 1353 est,
1839 1312 1920 1345 licet
1942 1313 2026 1345 dare
2050 1313 2254 1357 prandium,

1269 1367 1331 1400 sed
1354 1366 1422 1406 ita,
1463 1377 1506 1398 ne
1535 1365 1637 1398 detur
1662 1364 1768 1397 simul
1793 1363 1986 1401 universis;
2021 1364 2102 1396 licet
2126 1365 2257 1396 condu-

1271 1429 1347 1450 cere
1373 1417 1558 1456 tabernas,
1592 1415 1743 1455 sedita,
1776 1421 1817 1447 ut
1847 1415 2091 1448 conducantur
2117 1421 2256 1448 tantum

1270 1468 1477 1508 tribulibus,
1512 1479 1586 1500 non
1611 1466 1746 1499 alienis.
1815 1465 1888 1499 Lex
1913 1466 1997 1498 dicit
2019 1466 2060 1498 de
2083 1466 2258 1505 mercede,

1271 1532 1336 1552 nos
1354 1525 1471 1552 autem
1488 1518 1665 1551 neminem
1685 1518 1845 1549 mercede
1865 1516 2108 1550 conduximus.
2179 1519 2259 1551 Non

1271 1571 1393 1614 iyiiur]
1418 1569 1554 1603 Probat
1568 1569 1754 1612 exemplis,
1783 1569 1877 1612 quod
1895 1566 1981 1600 baec
2000 1580 2073 1600 non
2092 1567 2162 1601 sint
2176 1579 2261 1600 cou-

1272 1627 1326 1653 tra
1351 1621 1483 1664 legem,
1514 1632 1605 1665 quae
1629 1619 1728 1652 dixit.
1807 1619 1968 1662 Crimini]
2000 1618 2033 1650 id
2059 1625 2127 1657 est,
2162 1618 2259 1663 quod

1272 1671 1369 1703 dedit
1386 1671 1575 1714 prandium
1587 1695 1596 1709 ,
1630 1676 1690 1703 aut
1708 1669 1803 1714 quod
1820 1669 1988 1702 conduxit
2004 1668 2190 1703 tribulibus
2207 1675 2260 1702 ta-

1272 1722 1411 1755 beruas.

1376 1769 1405 1814 ἓ.
1423 1769 1483 1804 74.
1517 1772 1565 1803 At
1585 1771 1690 1814 enim]
1716 1769 1831 1802 Locus
1856 1768 2072 1803 communis:
2106 1769 2190 1804 Non
2211 1776 2262 1804 est

1275 1821 1386 1854 nimia
1408 1827 1441 1853 et
1457 1820 1560 1865 quasi
1575 1820 1816 1864 superstitiosa
1834 1820 2038 1860 severitate,
2066 1822 2126 1855 sed
2150 1821 2187 1853 in
2207 1832 2261 1854 re-

1275 1871 1413 1916 publica
1445 1870 1634 1904 mediocris
1659 1871 1806 1904 comitas
1838 1878 1871 1904 et
1898 1871 2156 1914 magnificentia
2185 1872 2263 1905 lau-

1277 1924 1356 1956 dem
1372 1921 1491 1956 habet.
1575 1923 1712 1966 Verum]
1741 1921 1776 1954 id
1794 1928 1862 1960 est,
1895 1928 2050 1962 rectum,
2085 1922 2187 1968 quasi
2209 1922 2263 1956 di-

1276 1980 1348 2007 cat:
1391 1972 1620 2016 Magistratus
1651 1973 1754 2005 (lebet
1788 1985 1860 2006 esse
1885 1973 2083 2016 praemium
2110 1974 2262 2008 virtutis.

1277 2024 1339 2058 Est
1355 2023 1470 2056 Stoica
1489 2030 1522 2056 et
1541 2035 1665 2067 aspera
1682 2023 1856 2057 doctrina.
1937 2022 2078 2072 Quippe]
2099 2022 2262 2070 μίμησις.

1279 2076 1368 2108 Sunt
1388 2073 1482 2107 enim
1500 2075 1608 2107 verba
1626 2074 1782 2108 Catonis.
1857 2076 2057 2119 Ilorribile's]
2087 2075 2166 2109 Uno
2185 2088 2264 2109 ver-

1279 2127 1324 2159 bo
1349 2125 1459 2158 eludit
1477 2122 1544 2157 hoc
1560 2131 1822 2169 argumentum.
1898 2127 1966 2159 Sed
1987 2127 2075 2171 eam]
2103 2126 2265 2171 Opponit

1279 2177 1439 2221 exempla
1458 2175 1645 2209 mediocris
1661 2175 1876 2216 severitatis,
1904 2176 2005 2221 quasi
2025 2177 2133 2210 dicat:
2170 2177 2264 2211 Tota

1279 2234 1408 2261 natura
1424 2233 1599 2271 repugnat
1613 2224 1695 2261 huic
1710 2227 1843 2260 nimiae
1859 2226 2048 2261 severitati.
2119 2229 2264 2274 Robore]

1281 2279 1317 2311 id
1335 2284 1406 2318 est,
1434 2289 1578 2323 quercu.
1662 2278 1887 2322 Accumbunt]
1916 2277 2076 2322 Opponit
2094 2279 2265 2323 exempla.

1283 2330 1429 2374 Cubans]
1457 2328 1492 2362 id
1510 2335 1579 2369 est,
1605 2334 1736 2362 stantes
1754 2329 1954 2362 comedunt.
2023 2329 2267 2379 Reiinuerunt]

1282 2378 1351 2413 hoc
1381 2386 1448 2420 est,
1490 2380 1729 2424 quamtumvis
1759 2379 1829 2413 sint
1859 2378 1970 2412 severi
1992 2378 2266 2414 Lacedaemonii

1284 2436 1344 2464 aut
1361 2430 1563 2469 Cretenses,
1589 2437 1707 2463 tamen
1726 2442 1790 2462 nos
1811 2429 1935 2462 melius
1958 2430 2150 2464 retinemus
2173 2443 2266 2465 rem-

1283 2481 1459 2526 publicam
1483 2481 1654 2514 mediocri
1678 2487 1798 2514 nostra
1823 2480 2028 2519 severitate,
2072 2494 2177 2526 quam
2198 2482 2263 2527 ipsi

1283 2532 1438 2565 retinent
1459 2543 1522 2565 sua
1544 2531 1655 2564 nimia
1676 2530 1873 2565 severitate.
1977 2532 2104 2577 Alteri]
2136 2533 2266 2566 scilicet

1320 2662 1485 2720 &Quinctii-gitti
1501 2667 1550 2700 ars
1570 2663 1642 2692 poet.
1657 2661 1732 2686 aa:
1753 2663 1838 2688 Omne
1857 2663 1918 2688 tulit
1935 2666 2076 2697 punctum,
2096 2665 2140 2697 qui
2158 2666 2265 2694 miscuit

1468 2703 1474 2719 ι
1488 2703 1520 2720 οι.
