2347 3000
103 125 206 162 1013

90 209 276 245 damnavit
314 209 457 255 proprie
491 209 676 242 Mllonem.
753 208 935 248 Secundo,
980 209 1075 253 quod

89 263 217 296 diserte
234 263 392 295 additum
411 261 476 300 sit,
502 267 541 293 ut
556 259 693 293 usitatis
713 259 847 293 iudiciis
866 272 920 292 res
947 272 1075 303 eogno-

88 321 255 348 sceretur.
308 311 451 350 Tertio,
480 312 575 356 quod
594 309 683 343 nibil
707 312 884 343 decretum
911 311 953 343 sit
980 323 1074 343 com-

88 366 188 398 muni
205 376 374 397 consensu
392 368 544 395 senatus.
596 362 725 394 Reddit
744 369 860 395 autem
887 360 942 394 bic
966 361 1073 393 ratio-

87 429 168 449 uem
195 415 336 453 Cicero,
371 425 480 458 quare
503 419 643 446 senatus
668 413 829 445 debuerit
855 412 989 457 aliquid
1014 413 1072 444 de-

87 478 245 500 cernere:
276 465 365 509 Quia
385 477 524 508 semper
548 465 745 508 exemplum
774 464 933 508 privatae
957 463 1071 495 caedis

88 524 137 552 est
154 517 307 555 malum,
336 516 473 548 etiamsi
499 515 675 548 interdum
700 521 804 548 autor
827 515 940 547 caedis
966 511 1071 546 babet

86 568 344 601 exeusationem
365 593 373 606 ‚
421 573 460 599 ut
493 579 570 599 cum
598 566 721 600 Nasica
753 566 910 609 privatus
943 565 1071 597 oceidit

85 617 304 657 Gracchum,
334 618 397 650 etsi
418 624 538 661 postea
563 615 687 650 habuit
711 617 991 655 exeusationem,
1020 622 1070 647 ta-

82 682 165 703 men
185 669 381 713 exemplmu
402 669 467 701 suit
484 668 630 702 malum.
682 668 716 700 Si
740 667 911 712 episeopis
927 667 1069 711 permit-

83 728 216 754 teretur
233 733 295 753 suo
315 720 461 752 arbitrio
486 720 614 752 indicta
641 732 742 751 causa
770 731 911 750 movere
936 718 1067 750 bellum

83 774 250 806 adversus
277 771 510 814 respublicas,
549 782 639 815 quae
672 769 706 801 111
737 769 898 801 doctrina
935 769 1067 813 aliquid

82 828 283 862 mutarunt,
330 822 527 865 exemplum
560 826 648 853 esset
680 821 834 859 malum,
885 820 967 864 quia
1003 817 1068 851 boc

83 879 267 918 praetextu
285 873 382 905 fieret
398 872 548 915 impetus
559 884 575 903 a
594 871 728 914 cupidis·
744 869 947 903 bominibus
962 870 1066 903 etiam

82 925 119 958 in
145 925 311 958 insontes.
364 922 413 955 Ita
440 922 637 966 exemplum
662 923 820 966 privatae
842 922 955 954 caedis
979 934 1068 954 sem—

81 987 145 1020 per
164 981 215 1008 est
229 973 464 1018 periculosum
482 973 707 1017 reipublicae,
734 972 872 1006 etiamsi
889 973 1067 1005 interdum

80 1024 187 1059 habet
207 1024 479 1058 excusationem.
532 1023 614 1057 ldeo
631 1030 771 1057 senatus
788 1030 936 1068 propter
954 1036 1068 1056 exem-

78 1077 177 1122 plum
195 1075 464 1120 debuitaliquid
482 1075 690 1114 decernere,
725 1082 757 1107 et
782 1082 900 1108 tamen
924 1087 999 1108 rein
1024 1075 1068 1106 ad

80 1128 209 1162 iudicia
226 1127 389 1166 rejicere,
416 1138 479 1159 nee
498 1132 642 1170 propter
658 1126 808 1170 speciem
827 1126 976 1169 exempli
1000 1132 1068 1158 sta-

80 1179 145 1212 tim
162 1180 332 1212 damnare
351 1184 464 1210 totum
482 1178 625 1210 sactum.
686 1177 761 1209 Hoc
785 1177 930 1209 consilio
954 1176 1069 1221 iuquit

83 1230 206 1262 Cicero
232 1230 411 1261 decretum
437 1228 580 1272 aliquod
604 1230 732 1260 sactum
761 1240 851 1266 esse,
894 1234 926 1260 et
949 1234 1067 1259 tamen

82 1294 158 1314 rem
174 1281 339 1312 reiectam
358 1291 430 1311 esse
458 1281 499 1311 ad
530 1279 656 1311 usitata
684 1278 829 1317 iudicia,
865 1284 898 1311 et
925 1291 1001 1309 cum
1032 1278 1066 1310 in

81 1334 222 1366 decreto
239 1331 370 1363 multae
390 1337 502 1363 esseut
522 1336 656 1373 partes⁷
684 1330 845 1362 tribunus
864 1329 1066 1372 postularit,

80 1390 118 1417 ut
136 1381 349 1415 nominatim
374 1380 666 1424 pronuntiaretur
690 1381 830 1413 eaedem
854 1380 1066 1412 (3101111000-

80 1441 135 1469 tra
152 1432 407 1476 rempublicam
430 1444 523 1469 0550,
555 1432 615 1464 sed
641 1438 723 1464 tune
749 1431 967 1463 variantibus
990 1443 1066 1463 sen-

80 1485 198 1517 tentiis
215 1484 377 1517 tribunus
392 1481 590 1528 impedivit,
616 1494 660 1515 ne
679 1494 742 1526 pro
758 1482 892 1516 Milone
909 1495 1066 1526 pronun-

80 1537 240 1569 tiaretur.

184 1588 251 1620 Cur
274 1582 398 1631 iyi'tur]
436 1585 617 1618 Correctio
648 1584 887 1623 infitiationis,
929 1585 964 1616 iu
996 1597 1062 1628 qua

81 1638 220 1681 mitigat
236 1642 269 1668 et
287 1637 541 1679 interpretatur
558 1642 699 1668 senatus
721 1636 920 1673 decretum,
956 1641 988 1667 et
1015 1635 1064 1666 di-

79 1689 125 1722 cit
152 1687 394 1734 quaestionem
420 1686 584 1719 constitui
611 1693 757 1730 propter
786 1686 1065 1730 iuipiisitionem,

80 1752 153 1773 non
177 1738 295 1772 statim
321 1744 466 1781 propter
488 1737 766 1770 damnationem.
802 1737 930 1774 ἄλλως.
984 1736 1066 1769 Exi-

81 1792 260 1825 stimatmn
293 1795 343 1821 est
371 1789 609 1821 incensionem
633 1789 749 1821 curiae
774 1800 845 1821 esse
869 1789 994 1819 saetam
1023 1787 1065 1818 ab

455 1837 559 1885 Quia]
589 1838 883 1882 Interpretatione
907 1845 1065 1871 senatus-

83 1892 279 1926 consultum
316 1890 454 1933 mitigat
491 1888 747 1934 amphibolum.
860 1890 963 1923 A‘ullu
998 1887 1065 1935 vis]

84 1943 185 1989 «guasi
208 1942 317 1974 dicat:
356 1941 418 1973 Yis
443 1940 514 1984 ipsa
539 1952 677 1984 semper
705 1945 807 1972 nocet
839 1940 1066 1983 reipublicae,

83 1996 155 2031 sixe
171 1993 216 2027 sit
232 1993 340 2031 iusta,
368 1991 439 2023 sive
459 1991 608 2029 iniusta,
637 1997 669 2023 et
688 1989 826 2023 tametsi
844 1997 988 2026 noceat,
1016 1996 1067 2022 ta-

83 2058 166 2079 nen
191 2050 311 2088 postea
339 2055 426 2086 opus
451 2039 555 2075 babet
579 2041 820 2086 inquisitione.
898 2043 940 2074 In
961 2042 1067 2074 libera

82 2093 234 2141 cia-litae]
263 2094 369 2138 Quod
388 2100 532 2137 propter
553 2093 751 2136 exemplum
770 2097 910 2125 senatus
933 2091 1066 2136 aliquid

84 2146 279 2181 decreverit
304 2145 339 2177 in
362 2156 487 2187 genere
516 2144 751 2187 complectens
775 2149 962 2187 utramque
988 2155 1066 2187 par-

83 2206 166 2232 tem.
250 2198 374 2231 Contra
398 2193 652 2242 rempublicam]
687 2193 818 2227 scilicet
841 2200 987 2238 propter
1011 2206 1067 2227 ex-

85 2250 251 2295 emplum.

187 2298 217 2343 ξ.
236 2297 293 2332 14.
324 2294 503 2343 Defensio]
538 2295 639 2341 quasi
664 2295 774 2328 dicat:
818 2295 985 2328 Defensio
1019 2301 1069 2329 est

87 2351 228 2397 quidem
244 2349 359 2388 licita,
386 2350 446 2382 sed
463 2354 582 2380 tamen
606 2358 679 2379 non
703 2347 819 2380 statim
840 2352 995 2383 constat,
1024 2358 1068 2377 an

86 2402 191 2436 luerit
215 2399 370 2434 defensio
394 2399 449 2431 vel
476 2397 636 2431 offensio.
726 2400 806 2432 Nisi
829 2395 923 2444 vero]
962 2397 1069 2430 Ponit

86 2452 255 2496 exempla.
307 2449 395 2498 Acci]
412 2450 541 2484 scilicet
557 2449 637 2494 qnia
657 2449 693 2480 in
710 2449 860 2493 speciem
879 2455 959 2481 sunt
975 2454 1069 2481 atro-

87 2506 157 2541 cia,
186 2503 272 2536 11100Ι
290 2503 393 2535 datur
418 2508 539 2546 postea
560 2500 741 2533 iudicium.
822 2497 1069 2546 Vulnerurunt]

87 2556 214 2590 scilicet
233 2560 377 2598 propter
398 2553 608 2596 exemplum.

190 2606 275 2649 Cap.
294 2603 352 2636 Vl.
379 2603 408 2647 3.
430 2603 486 2637 14.
515 2606 555 2637 In
570 2599 700 2648 Appia]
728 2600 855 2635 50111001
874 2599 1071 2633 versusHe-

89 2657 250 2690 truriam.
328 2657 370 2688 In
389 2652 444 2701 re]
473 2654 601 2687 50111001
624 2653 795 2697 exemplo.
873 2649 1071 2698 Reservaz-i]

90 2709 217 2743 seilicet
235 2709 276 2740 de
303 2718 452 2750 persona
475 2703 564 2737 nibil
590 2704 775 2743 constitui,
804 2704 845 2736 de
870 2714 995 2746 genere
1021 2702 1071 2734 in-

82 1841 203 1875 muieis
219 1839 375 1872 Milonis.

443 123 484 158 x.
537 119 821 158 ENAnnArio
862 119 1118 157 ORATIONIS
1157 119 1405 156 elcenoNis
1442 122 1540 156 pao
1580 124 1776 162 aaroni.

2025 130 2120 166 1014

1129 208 1244 240 vidiae.
1262 208 1426 243 iudicavi.
1485 209 1626 258 Notavi]
1654 212 1785 246 scilicet
1799 211 1865 247 boc
1883 215 2021 249 decrevi
2041 230 2114 250 rem

1129 272 1200 292 esse
1218 261 1361 299 malam,
1376 261 1435 293 sed
1450 267 1565 293 tamen
1584 265 1861 303 cognoscendam
1882 280 1964 300 esse.
2024 270 2116 309 Quod

1125 311 1171 353 si]
1200 310 1416 345 Translatio.
1496 314 1743 359 Quaestionem]
1771 316 1805 348 id
1823 323 1889 355 est,
1919 320 2113 351 extraordi-

1127 361 1266 393 narium
1293 362 1475 395 iudicium.
1554 367 1780 411 Decernebat]
1808 367 1938 400 50111001
1960 376 2111 404 senatus.

1124 411 1249 444 Elevat
1264 410 1320 445 hic
1336 414 1432 446 100115
1446 415 1672 448 autoritatem
1689 420 1995 457 senatusconsulti,
2015 423 2111 465 quod

1123 462 1253 494 scilicet
1271 463 1543 507 impedientibus
1568 467 1717 500 tribunis
1742 470 1852 512 plebis
1875 483 1947 503 non
1973 471 2111 504 licuerit

1123 513 1260 545 senatui
1288 515 1464 557 proferre,
1491 518 1585 560 quod
1606 519 1726 552 voluit.
1809 524 1850 554 L't
1868 524 2046 566 veteribus]
2076 523 2110 555 id

1124 570 1192 603 051,
1227 577 1300 596 11011
1323 577 1415 597 nova
1441 566 1558 610 aliqua
1585 568 1668 611 lege.
1744 572 1858 605 Estra
1881 575 2044 618 ordinem]
2075 575 2108 607 id

1123 621 1191 654 051,
1218 616 1359 649 delectis
1377 616 1668 660 exquisitoribus,
1704 621 1758 652 vel
1786 616 2107 658 extraordinaritun

1122 665 1303 700 iudicium.
1403 669 1645 714 Quaerereiur]
1680 671 1810 706 scilicet
1836 680 1874 706 111
1898 676 1995 708 fieret
2020 676 2109 709 iudi-

1123 729 1214 749 cnun
1239 730 1304 761 pro
1330 730 1429 750 ruore
1453 718 1527 751 sine
1547 721 1665 754 armis.
1702 721 1908 763 ἇποὸίωξις.
1985 729 2108 762 Ι)ῖ1·ἰ3(ι

1120 771 1286 802 sententia
1308 770 1372 813 esi]
1401 766 1467 801 1100
1487 776 1554 810 051,
1582 772 1798 814 postulatum
1826 782 1894 815 est,
1929 784 1967 809 ut
1993 780 2108 810 nomi-

1121 819 1230 852 natim
1249 825 1369 852 contra
1383 820 1553 853 Milonem
1572 824 1882 865 pronuntiaretur,
1910 829 1969 860 sed
1989 835 2108 863 tamen

1121 869 1157 902 id
1173 882 1245 902 non
1262 871 1469 904 estfactum.
1523 871 1614 905 Nam
1634 886 1711 906 cnm
1729 876 1889 908 animadx
1901 879 1979 911 ertit
1999 881 2108 914 tribu-

1121 933 1186 953 nus
1211 933 1275 965 pro
1302 921 1437 955 Milone
1466 923 1584 966 potius
1607 931 1768 958 senatum
1791 930 2106 971 pronuntiaturum

1122 984 1213 1012 esse,
1242 973 1352 1005 vetuit
1371 975 1618 1017 pronuntiare.
1671 976 1840 1012 Erasmus
1858 979 1892 1011 in
1915 980 2109 1027 Colloquiis

1120 1023 1191 1056 suis
1217 1023 1375 1057 dividere
1399 1026 1610 1058 sententiam
1636 1026 1801 1071 intelligit
1824 1042 1889 1074 pro
1919 1044 2107 1066 numerare

1121 1075 1299 1118 suffragia.
1337 1075 1404 1108 Sed
1420 1088 1493 1108 non
1510 1083 1560 1110 est
1575 1074 1678 1112 huius
1695 1079 1763 1111 loci
1779 1082 1963 1116 sententia.
2038 1087 2108 1118 Di-

1120 1128 1370 1164 visasemeniia
1386 1129 1450 1172 est]
1477 1128 1607 1160 seilicet
1629 1142 1706 1162 cum
1732 1131 1832 1174 plura
1859 1135 2108 1178 complectere-

1121 1182 1177 1208 tur
1193 1177 1386 1217 sententia,
1411 1180 1628 1222 postulatum
1647 1188 1714 1221 est,
1749 1189 1786 1214 111
1811 1184 1853 1216 110
1878 1185 2023 1229 singulis
2051 1199 2107 1219 or-

1121 1228 1201 1259 dine
1217 1228 1417 1262 referretur.
1496 1232 1637 1276 Reliqua
1653 1234 1832 1278 ccic{01·t'{us]
1862 1235 1894 1267 id
1921 1243 1989 1276 est,
2017 1236 2105 1270 1111111

1120 1278 1284 1311 decrexit.
1372 1282 1629 1325 Intercessione]
1666 1284 1791 1316 seilicet
1813 1286 1934 1319 Planci
1961 1288 2106 1329 tribuni,

1120 1329 1180 1373 qui
1199 1329 1309 1362 vetuit
1326 1332 1560 1373 pronuntiare
1590 1332 1740 1377 (ἄλλως,
1769 1336 1898 1370 50111001
1917 1350 1979 1382 per
1997 1339 2107 1372 tribu—

1120 1392 1222 1418 num,
1266 1381 1326 1425 qui
1357 1381 1569 1422 intercessit,
1613 1381 1679 1416 boc
1704 1392 1773 1424 est,
1814 1389 1925 1421 vetuit
1947 1402 2106 1433 pronun-

1120 1431 1299 1477 thirem».
1394 1434 1550 1477 Sublata]
1578 1434 1611 1466 id
1633 1442 1701 1473 est,
1730 1448 1908 1480 repressa,
1937 1441 2106 1485 (111551111-

1119 1489 1189 1514 cat:
1231 1482 1313 1515 Non
1341 1484 1457 1526 potuit
1489 1484 1596 1517 libere
1624 1486 1801 1526 iudicare,
1844 1491 1939 1534 quod
1963 1492 2105 1536 quidem

1120 1534 1390 1567 intercesserunt
1409 1535 1594 1568 subornati
1612 1548 1628 1568 a
1645 1536 1837 1572 Clodianis.

1223 1607 1252 1652 ξ.
1280 1607 1337 1643 15.
1384 1612 1430 1643 At
1455 1612 1560 1654 enim]
1595 1611 1756 1645 Tertium
1782 1616 2038 1658 praeiudicium
2065 1620 2106 1651 de

1118 1661 1191 1703 lege
1224 1660 1398 1704 Pompeii.
1513 1664 1554 1695 Ut
1585 1667 1818 1710 quaereretur]
1865 1668 1965 1713 quasi
1997 1669 2106 1702 dieat:

1119 1712 1186 1744 Sed
1211 1711 1371 1756 quaestio
1396 1723 1469 1743 non
1493 1713 1611 1745 statim
1639 1721 1689 1747 est
1712 1717 1881 1751 executio.
1947 1719 2106 1764 Mitigat:

1120 1762 1213 1795 Haec
1240 1762 1399 1806 quaestio
1425 1769 1475 1794 est
1500 1765 1541 1795 de
1568 1763 1661 1804 iure,
1703 1778 1776 1798 non
1808 1769 1849 1800 de
1879 1770 1982 1803 sacto.
2075 1775 2108 1805 A

1119 1826 1180 1859 qno
1192 1811 1226 1857 ἓ]
1262 1813 1391 1846 scilicet
1415 1813 1560 1846 Milone.
1665 1818 1779 1862 Neque
1801 1808 1918 1863 quaeri
1946 1823 2107 1867 uuquam]

1120 1865 1209 1897 Nota
1230 1864 1463 1896 absolutionis
1485 1871 1517 1897 et
1541 1867 1858 1903 condemnationis.
1936 1874 2107 1917 lussisset]

1444 1914 1525 1948 Non
1570 1917 1705 1951 fecisset
1754 1920 1853 1953 vobis
1896 1929 2108 1965 potestatem

1120 1966 1333 2004 damnandi,
1363 1972 1421 1998 aut
1442 1966 1659 2001 absolvendi.
1738 1972 1949 2017 Salutarem]
1978 1974 2109 2007 scilicet

1120 2016 1363 2049 absolutionis.
1391 2016 1432 2049 A.
1452 2017 1639 2061 significat:
1670 2020 1826 2055 absolvo.
1859 2024 1898 2059 Θ.
1917 2024 2106 2068 significat:

1120 2074 1291 2107 mortem,
1335 2068 1389 2100 vel
1421 2068 1702 2104 (humationem.
1774 2072 1816 2105 N.
1846 2073 1886 2107 L.
1918 2076 2107 2119 significat:

1120 2120 1279 2151 nondum
1299 2119 1388 2152 licet.
1427 2118 1515 2152 Erat
1531 2121 1623 2153 enim
1642 2124 1815 2167 quaedam
1833 2129 2039 2170 prorogatio
2050 2128 2107 2173 ⁸²⁶).

1124 2171 1285 2214 Tristem]
1316 2170 1349 2202 id
1375 2176 1444 2210 est,
1471 2177 1594 2204 notam
1621 2174 1939 2211 condemnationis.
2020 2181 2107 2213 Cau-

1119 2223 1207 2266 sam]
1235 2221 1416 2255 Confessio
1435 2228 1485 2255 est
1500 2223 1699 2259 manifesta.

1121 1915 1221 1960 quasi
1267 1915 1359 1947 dicat
1378 1928 1383 1947 2

1155 2357 1203 2383 25)
1224 2355 1302 2380 conf.
1323 2356 1354 2378 Α.
1374 2355 1460 2379 Adam
1479 2355 1581 2379 flandi).
1601 2356 1626 2380 d.
1645 2357 1712 2381 rijm.
1730 2358 1848 2383 Atterth.
1875 2359 1965 2383 iibers.
1985 2367 2011 2385 v,
2031 2361 2056 2385 J.
2076 2361 2107 2386 L.

1191 2391 1287 2419 Meyer
1307 2390 1336 2412 Τ.
1350 2389 1369 2413 l.
1388 2396 1412 2419 p.
1430 2390 1468 2413 19.

1157 2442 1204 2468 26)
1225 2441 1340 2464 Praetor
1360 2440 1456 2470 cuique
1475 2440 1569 2467 iudici,
1589 2442 1618 2464 ut
1638 2442 1799 2466 sententiam
1821 2444 1923 2468 ferret.
1943 2446 2000 2468 tres
2019 2447 2108 2469 tabel-

1190 2477 1234 2499 las
1254 2475 1350 2501 dabat.
1370 2474 1398 2496 iu
1418 2480 1529 2504 quarum
1548 2481 1603 2498 uua
1621 2478 1679 2498 erat
1696 2477 1788 2500 littera
1804 2478 1831 2501 (¹.
1847 2479 1870 2501 id
1885 2482 1940 2505 est,
1961 2480 2108 2503 condemno

1193 2511 1373 2539 (quapropter
1392 2509 1485 2532 littera
1506 2509 1593 2531 tristis
1612 2510 1780 2538 appellata),
1815 2513 1838 2534 in
1858 2514 1947 2536 attera
1967 2514 2059 2537 littera
2078 2517 2108 2539 A.

1191 2545 1217 2566 111
1237 2545 1294 2568 est.
1313 2543 1427 2566 absolvo
1448 2543 1555 2570 (littera
1576 2544 1739 2571 salutaris),
1766 2546 1790 2567 in
1813 2547 1893 2569 tertia
1914 2548 1943 2570 N.
1960 2548 1990 2572 L.
2010 2549 2035 2571 id
2055 2551 2108 2574 est.

1193 2584 1244 2601 non
1266 2578 1364 2606 liquet.
1384 2577 1488 2599 seilicet
1508 2577 1587 2603 mihi,
1620 2583 1729 2600 eausam
1749 2581 1864 2603 noudum
1884 2582 1953 2603 satis
1975 2584 2108 2611 perspexi.

1194 2612 1222 2635 si
1242 2611 1350 2640 plurimi
1369 2611 1471 2634 iudices
1491 2611 1558 2634 lianc
1577 2612 1686 2634 tertiam
1707 2614 1832 2636 tatu-uam
1860 2615 1884 2637 iu
1908 2621 2001 2638 urnam
2022 2617 2109 2639 demi-

1193 2647 1303 2673 serunt.
1341 2650 1424 2667 causa
1449 2646 1579 2674 ampliata
1602 2649 1652 2669 est.
1678 2658 1708 2662 —
1763 2649 1839 2676 Apud
1866 2652 1986 2672 Graecos
2018 2651 2110 2674 littera

1193 2679 1364 2704 damnatoria
1383 2681 1444 2703 crat
1456 2679 1485 2702 Θ.
1507 2680 1532 2703 id
1552 2682 1610 2703 est.
1629 2678 1755 2708 θάνατος.
1795 2683 1854 2706 vm.
1870 2684 1954 2706 Adam
1974 2684 1989 2706 t.
2005 2685 2020 2707 l.
2042 2686 2068 2708 Τ.
2081 2686 2109 2708 u.

1193 2722 1216 2745 p.
1232 2714 1282 2738 473
1298 2720 1338 2743 sq.
1401 2747 1449 2781 64
1468 2746 1485 2758 x
