2347 3000
227 136 302 174 255

328 222 542 267 Respondeo
559 222 604 254 ad
620 220 816 253 Minorem:
840 217 1043 251 Periculum
1062 215 1217 260 pertinet

227 277 270 309 ad
288 281 506 319 emptorem,
542 273 571 305 si
589 272 723 315 insigne
741 272 911 303 damnum
930 268 988 300 illa
1005 268 1101 299 bona
1120 278 1216 299 acce-

226 327 361 372 perint,
387 326 424 358 in
447 324 575 370 quibus
602 323 828 365 intelligimus
853 321 905 353 ius
925 319 1111 351 fundatum
1131 330 1216 357 esse,

225 379 315 412 sicut
334 377 425 421 perit
442 382 538 408 actus
555 381 615 407 aut
630 375 714 413 iter,
754 372 783 405 si
799 383 882 413 ager
901 370 1007 414 periit
1025 370 1216 403 alluvione.

330 428 437 461 Aliud
458 426 693 460 contrarium:
723 422 873 455 Levitici
895 420 945 458 25
960 420 1028 467 98),
1055 419 1132 467 (15.
1160 420 1216 454 16.

227 478 422 525 50-52.)
441 479 649 515 mandatur,
677 481 716 507 ut
743 475 876 507 fructus
902 474 1096 506 fundorum
1123 485 1217 505 com-

228 538 397 576 putentur
421 530 457 562 111
482 535 632 566 sortem,
667 537 778 570 usque
808 526 851 557 ad
882 537 1016 558 annum
1042 524 1217 569 quinqua-

228 584 412 627 gesimum.
463 579 558 622 Ergo
583 584 616 610 et
640 590 705 610 nos
728 577 894 609 debemus
917 577 1050 609 fructus
1073 587 1218 619 compu-

229 641 304 667 tare
321 634 358 666 in
378 637 529 669 sortem,
557 642 637 663 cum
661 628 810 661 emimus
834 628 985 661 fundum
1009 640 1089 660 cum
1115 633 1217 671 pacto

228 687 271 718 de
289 682 535 722 rovendendo,
571 687 603 713 et
616 680 763 713 reddere
781 680 910 712 fundos
929 679 1003 712 sine
1021 678 1136 723 pretio
1155 684 1218 710 ete.

330 733 563 778 Respondeo:
593 732 764 774 Neganda
783 737 833 764 est
851 730 1116 776 consequentia,
1137 729 1218 774 quia

229 787 351 832 politia
371 785 528 818 Mosaica
545 781 634 816 nihil
651 784 695 815 ad
712 796 776 816 nos
795 782 958 826 pertinet.
1007 781 1082 814 Hoc
1101 788 1218 813 autem

229 851 318 871 onus
342 838 384 870 de
407 835 597 869 reddendis
621 834 739 868 fundis
766 834 802 866 in
820 832 996 872 lubilaeo,
1032 832 1220 877 peculiaris

230 889 409 923 ordinatio
441 893 517 920 erat
552 886 644 919 illius
680 885 813 929 gentis,
855 885 943 917 sicut
987 883 1219 917 circumcisio.

228 940 352 974 Voluit
370 938 570 973 enimDens
589 937 791 970 conservari
806 936 956 969 familias
972 935 1218 969 etdiscrimina

228 993 446 1026 familiarum
459 1018 468 1031 ,
496 996 535 1023 nt
551 989 632 1022 sciri
649 995 784 1032 posset,
820 988 856 1020 in
873 1000 941 1033 qna
962 988 1054 1020 tribu
1074 986 1220 1020 Messias

229 1050 444 1078 nasceretur.
496 1041 618 1073 Voluit
643 1040 749 1072 etiam
773 1039 889 1072 avaris
913 1045 946 1071 et
972 1039 1129 1083 prodigis
1152 1038 1219 1070 sre-

229 1109 294 1129 1105
313 1095 466 1128 iniicere.
503 1091 613 1125 Avari
627 1092 744 1124 minus
761 1091 944 1130 emebant,
973 1091 1054 1135 quia
1072 1090 1219 1122 reddere

228 1149 358 1181 fundos
379 1145 606 1189 cogebantur.
634 1142 781 1185 Prodigi
800 1142 974 1175 difficilius
992 1141 1220 1174 inveniebant

230 1206 418 1243 emptores.
471 1196 539 1229 Sed
554 1195 650 1227 illam
668 1194 862 1227 Mosaicam
880 1193 1142 1225 ordinationem
1161 1204 1220 1224 ne-

231 1261 412 1296 quaquam
437 1246 675 1280 necessarium
701 1251 751 1278 est
783 1244 969 1277 transferri
1003 1245 1047 1276 ad
1081 1250 1220 1276 nostras

230 1300 457 1345 respublicas.
495 1297 570 1330 Imo
590 1309 655 1330 nos
673 1302 814 1340 oportet
831 1295 975 1328 obedire
993 1295 1126 1339 legibus
1142 1306 1221 1328 san-

230 1353 306 1386 citis
323 1352 359 1384 in
377 1349 431 1383 his
448 1348 619 1393 imperiis,
632 1348 668 1380 in
686 1347 813 1393 quibus
828 1346 991 1386 vivimus,
1010 1353 1050 1380 ut
1066 1346 1220 1379 Roman.

232 1405 291 1443 13,
308 1402 377 1449 (1.)
395 1401 540 1435 dicitur:
569 1399 696 1433 Omnis
713 1398 831 1431 anima
849 1398 1017 1442 potestati
1035 1410 1125 1443 quae
1142 1409 1221 1442 pre-

231 1463 281 1489 est
293 1482 302 1495 ,
330 1455 365 1487 id
382 1459 450 1492 est,
479 1463 562 1485 suae
578 1450 746 1495 potestati
761 1449 914 1483 obediat.

230 1543 289 1576 An
319 1541 470 1575 ratione
503 1539 586 1571 eius
617 1534 722 1581 quod‘
743 1537 921 1577 interest,
962 1537 1045 1579 peti
1076 1535 1222 1581 aliquid

395 1591 515 1635 possit
540 1592 579 1623 in
604 1592 731 1622 mutuo
756 1598 873 1631 Supra
901 1591 1051 1621 sortem.

332 1656 565 1701 Respondeo:
602 1653 774 1686 Interesse
800 1653 1008 1686 nominatur
1032 1653 1087 1691 id,
1125 1655 1219 1698 quod

231 1710 380 1744 debetur
403 1706 527 1746 alicui,
555 1706 612 1737 vel
637 1705 716 1750 quia
744 1706 875 1737 damno
901 1704 1044 1737 affectus
1068 1711 1138 1744 est,
1167 1706 1222 1738 vel

231 1761 314 1807 quia
332 1761 468 1793 lucrum
488 1758 633 1803 aliquod
650 1769 687 1789 re
705 1768 785 1789 vera
804 1762 950 1800 propter
967 1756 1052 1789 illud
1067 1757 1219 1790 officium

232 1811 442 1857 impeditum
469 1815 530 1842 est.
584 1807 666 1841 Ideo
691 1807 921 1851 distinguitur
944 1808 1130 1847 interesse,
1162 1815 1223 1841 aut

232 1865 346 1897 oritur
371 1868 520 1906 propter
546 1860 715 1893 damnum
744 1871 944 1902 emergens,
984 1865 1045 1892 aut
1076 1866 1222 1904 propter

232 1916 370 1949 lucrum
387 1925 535 1946 cessans.
588 1910 817 1954 Exemplum:
848 1911 881 1943 Si
900 1910 976 1955 quis
997 1910 1118 1943 debuit
1134 1909 1221 1944 1111111

231 1967 368 2001 solvere
386 1966 435 2000 ΞΟ
451 1975 576 1996 aureos
596 1962 760 1995 Calendis
777 1961 863 1994 Maii
875 1989 883 2001 ,
913 1969 945 1994 et
962 1974 1035 1994 non
1051 1962 1166 2001 solvit,
1194 1962 1222 1996 si

232 2024 378 2063 propter
398 2016 493 2048 illam
513 2027 650 2047 moram
669 2015 800 2046 damno
827 2013 945 2058 aliquo
965 2013 1108 2046 affectus
1132 2027 1221 2051 sum,

232 2069 416 2108 videlicet,
446 2066 528 2112 quia
553 2072 635 2098 tunc
660 2065 830 2098 debebam
856 2064 959 2097 alteri
982 2065 1138 2104 solvere,
1166 2063 1221 2097 liic

232 2121 361 2154 iustum
381 2125 431 2152 est
446 2117 581 2151 servari
599 2116 864 2162 aequalitatem,
883 2129 962 2149 cum
980 2116 1093 2160 priori
1110 2129 1221 2150 acces-

232 2172 466 2206 seritlucrum
493 2181 533 2201 ex
549 2181 650 2208 meo,
677 2180 740 2200 nec
764 2174 924 2201 servetur
950 2167 1165 2213 aequalitas,
1194 2168 1222 2201 si

234 2236 332 2256 meae
354 2222 538 2255 facultates
562 2217 837 2258 exhauriantur,
880 2225 913 2251 et
938 2219 998 2251 alii
1024 2219 1156 2252 interea
1182 2231 1222 2252 ex

232 2288 311 2308 meo
334 2272 504 2306 beneficio
529 2277 697 2304 crescant.
750 2270 788 2304 Id
824 2270 990 2303 interesse
1015 2271 1222 2304 nominatur

233 2327 400 2359 interesse
418 2329 565 2368 propter
587 2324 759 2356 damnum
779 2335 960 2366 emergens
978 2328 1040 2355 etc.

333 2376 394 2409 Est
420 2382 453 2407 et
477 2375 572 2407 aliud
602 2374 791 2407 discrimen
814 2374 1012 2407 necessario
1033 2374 1222 2406 observan-

232 2430 333 2461 dum:
377 2426 481 2459 Aliud
505 2426 675 2458 damnum
702 2426 828 2458 accidit
851 2432 932 2458 ante
957 2437 1117 2465 moram,
1155 2422 1221 2457 lloc

234 2487 302 2518 est,
331 2477 521 2510 antediem
540 2477 711 2510 solutioni
729 2476 971 2510 constitutum.
1025 2476 1132 2509 Aliud
1161 2477 1222 2508 da-

232 2543 356 2563 mnum
374 2528 500 2561 accidit
518 2533 597 2572 post
612 2541 752 2561 moram
765 2556 773 2568 ,
801 2529 836 2561 id
854 2535 923 2567 est,
949 2535 1137 2574 postquam
1164 2529 1221 2559 de-

232 2583 327 2614 bitor
346 2592 418 2612 non
437 2579 541 2612 solvit
568 2580 759 2613 constituto
778 2580 845 2614 die.
901 2580 952 2613 Sit
978 2580 1084 2624 igitur
1107 2579 1219 2624 prima

268 2717 316 2743 os)
336 2712 449 2739 Levitici
468 2712 526 2739 25,]
548 2711 586 2734 sa·
606 2712 680 2734 recte
700 2712 764 2734 rad.
794 2713 867 2737 1550.
893 2716 919 2736 et
948 2714 1038 2738 155‡.:
1063 2713 1126 2736 edd.
1149 2712 1223 2738 1557.

304 2753 331 2773 et
354 2749 425 2772 1560.
447 2747 534 2770 falso:
556 2746 668 2768 Levita-i
688 2746 728 2769 35.

499 134 701 170 SCRIPTA
727 134 802 168 PH.
828 132 939 167 MEL.
968 131 1033 165 AD
1060 129 1268 164 ETHICEN
1297 128 1361 163 ET
1388 128 1644 164 POLlTICEN
1672 129 1984 165 SPECTANTIA.

2183 129 2259 168 256

1268 215 1471 259 responsio:
1506 215 1640 249 Verum
1669 222 1703 249 et
1734 218 1808 249 110ιῖ
1838 216 2043 250 sinmlatum
2080 216 2259 256 interesse,

1269 267 1365 311 quod
1397 267 1522 300 accidit
1550 273 1675 300 mutuo
1707 267 1825 307 danti,
1861 274 1930 306 est,
1975 280 2055 301 cum
2088 268 2259 301 damnum

1270 330 1452 361 emergens
1471 324 1550 362 post
1569 330 1707 350 moram
1728 319 1864 352 accidit.
1919 319 1967 351 Ut
1991 319 2018 352 si
2044 319 2122 364 quis
2140 319 2261 352 debuit

1270 367 1357 402 1111111
1383 370 1432 403 20
1461 381 1586 402 aureos
1610 370 1744 402 solvere
1768 369 1932 404 Calendis
1951 370 2056 410 Maii,
2084 368 2148 403 1105
2176 370 2260 415 quia

1271 434 1334 453 nos
1350 419 1474 460 solvit,
1501 421 1633 452 damno
1662 421 1806 454 ass'ectus
1827 434 1926 462 sum,
1954 427 2102 466 propter
2120 434 2260 454 moram

1271 484 1344 504 non
1363 471 1532 504 solventis
1547 469 1647 504 mihi.
1709 471 1773 504 liic
1792 472 1974 507 manifesta
1995 472 2087 506 ratio
2105 472 2261 518 aequali-

1272 523 1351 556 tatis
1368 523 1524 567 postulat
1539 523 1878 566 compensationem.

1372 573 1411 606 ln
1427 574 1488 606 tali
1505 586 1587 607 casu
1607 574 1861 617 pronuntiatur
1876 574 1969 606 ultra
1983 573 2029 620 ⁹⁰)
2053 581 2185 608 sortem
2204 575 2261 608 de-

1271 625 1346 658 beri
1366 625 1413 665 id,
1432 626 1528 670 quod
1549 625 1706 665 interest,
1725 631 1871 669 propter
1891 626 2060 658 danmum
2080 638 2262 671 emergens

1272 676 1409 709 etiamsi
1426 677 1523 709 nulla
1540 677 1681 710 accessit
1699 676 1880 721 stipulatio
1906 677 1948 709 de
1967 688 2007 708 eo
2031 679 2127 722 quod
2155 678 2262 711 inter·

1273 734 1334 761 est.
1386 727 1426 760 ld
1444 734 1720 761 consentaneum
1740 735 1808 768 est,
1837 735 1870 761 et
1895 727 2026 772 scripto
2052 728 2120 761 iuri
2144 736 2177 762 01
2200 741 2262 762 na-

1273 778 1379 812 turali
1397 779 1579 824 aequitati.
1608 780 1698 813 Nam
1716 780 1777 825 qui
1794 780 1854 812 dat
1869 778 1928 825 ¹⁰⁰)
1947 780 2123 812 efficacem
2139 780 2262 813 damni

1273 843 1414 863 causam
1440 831 1562 870 alteri,
1598 831 1702 864 debet
1727 831 1758 863 ei
1782 830 2122 876 compensationem.
2200 831 2264 864 Est

1274 882 1381 926 igitur
1399 882 1613 927 aequalitas,
1641 889 1679 915 ut
1695 883 1854 916 solvatur
1871 882 1993 928 quanti
2014 883 2171 916 interest.
2223 881 2262 915 In

1274 931 1339 966 lioc
1358 946 1439 967 casu
1462 933 1612 977 perspici
1635 941 1770 978 potest,
1798 936 1892 979 quod
1919 934 1964 967 sit
1986 946 2108 966 verum
2135 940 2168 967 et
2190 946 2264 967 non

1273 985 1478 1018 simulatum
1496 985 1683 1026 interesse,
1707 986 1803 1031 quod
1827 986 1984 1018 accidere
2007 991 2122 1029 potest
2138 992 2263 1019 mutuo

1274 1036 1393 1076 danti,
1421 1037 1517 1081 quod
1542 1037 1690 1070 debetur
1716 1037 1852 1070 etiamsi
1876 1037 1974 1069 nulla
1991 1036 2134 1070 accessit
2155 1036 2264 1081 stipu-

1274 1088 1370 1120 latio.
1400 1087 1627 1121 Manifestum
1646 1094 1696 1121 est
1711 1088 1818 1128 enim,
1839 1089 1886 1121 ibi
1904 1100 1976 1121 non
1989 1087 2123 1121 servari
2135 1099 2263 1134 aequa-

1274 1139 1428 1178 litatem,
1456 1139 1516 1171 ubi
1535 1139 1623 1171 lucri
1641 1140 1794 1183 captatio
1813 1140 1849 1172 111
1867 1153 1908 1172 ex
1925 1139 2160 1172 mutuatione.

1376 1189 1427 1221 De
1444 1190 1543 1222 lucro
1561 1197 1716 1223 cessante
1733 1197 1811 1235 post
1828 1204 1979 1231 moram,
2007 1188 2074 1223 1100
2094 1196 2156 1230 051,
2184 1203 2264 1223 011111

1274 1240 1414 1273 debitor
1431 1252 1504 1273 11011
1521 1241 1627 1274 solvit
1645 1243 1836 1275 constituto
1855 1242 1910 1275 die
1922 1269 1930 1282 ‚
1967 1242 2204 1286 pronuntiant
2220 1242 2264 1274 ad

1274 1293 1427 1324 eundem
1451 1293 1617 1332 modum,
1652 1293 1772 1325 deberi
1795 1293 1830 1325 id
1859 1294 1954 1338 qnod
1980 1294 2145 1333 interest,
2177 1293 2264 1327 sicut

1275 1343 1346 1375 iam
1369 1343 1411 1375 de
1438 1344 1569 1376 damno
1598 1350 1798 1387 emergente
1825 1344 1988 1378 diximus.
2042 1345 2110 1378 Sed
2134 1344 2171 1376 in
2198 1342 2264 1377 hoc

1274 1395 1428 1427 secundo
1454 1407 1536 1428 casu
1562 1401 1700 1428 tanturn
1728 1395 1888 1439 personis
1913 1395 2176 1439 negotiantibus
2199 1393 2266 1429 1100

1276 1446 1485 1479 concedunt.
1537 1443 1575 1478 Id
1592 1458 1665 1478 non
1685 1453 1736 1480 est
1751 1447 1943 1480 absurdum
1957 1473 1965 1487 ‚
1994 1446 2077 1492 quia
2094 1447 2265 1491 impedire

1275 1510 1416 1530 cursum
1448 1497 1722 1540 negotiationis,
1765 1498 1871 1531 etiam
1895 1504 1945 1530 est
1973 1499 2058 1530 dare
2089 1498 2264 1531 efficacem

1276 1561 1415 1582 causam
1433 1549 1575 1589 damni,
1604 1550 1645 1581 de
1672 1562 1742 1595 quo
1769 1562 1850 1583 casu
1866 1549 2022 1593 disputat
2039 1548 2266 1582 Panormita-

1275 1614 1340 1634 nus
1353 1600 1381 1646 ¹)
1399 1599 1436 1632 111
1453 1599 1566 1644 capite
1586 1600 1808 1646 Conquestus
1821 1600 1872 1645 2),
1901 1601 1944 1633 110
1961 1600 2077 1634 usuris
2088 1600 2132 1646 3).

1376 1652 1443 1684 Sed
1460 1652 1502 1684 de
1520 1652 1652 1684 damno
1670 1659 1884 1696 emergente,
1902 1658 1935 1685 01
1946 1653 1988 1685 110
1998 1652 2097 1685 lucro
2111 1658 2265 1685 cessante

1275 1708 1355 1734 ante
1381 1715 1521 1735 moram
1546 1703 1583 1735 in
1607 1710 1752 1743 mutuo,
1787 1704 1865 1737 iura
1907 1703 2050 1748 quidem
2083 1715 2157 1736 non
2180 1704 2266 1736 dant

1276 1754 1450 1787 actionem
1463 1781 1471 1793 ‚
1499 1754 1567 1788 nisi
1585 1755 1663 1800 quis
1680 1755 1867 1799 stipulatus
1883 1755 1946 1794 sit,
1974 1761 2013 1788 ut
2035 1755 2194 1788 solvatur
2218 1754 2266 1794 id,

1276 1806 1401 1850 quanti
1417 1806 1572 1840 interest.
1626 1807 1728 1840 Nunc
1745 1806 1852 1850 igitur
1876 1806 2004 1839 usitata
2030 1812 2079 1839 est
2100 1803 2187 1839 haec
2206 1806 2266 1839 sti-

1276 1857 1410 1900 pulatio
1428 1857 1463 1889 in
1482 1858 1722 1898 nmtuatione,
1758 1864 1790 1890 et
1807 1870 1911 1901 saepe
1927 1855 2117 1890 honestum
2133 1869 2265 1890 nomen

1275 1909 1454 1948 interesse,
1479 1915 1680 1952 praetextus
1702 1915 1752 1942 est
1769 1909 1821 1941 rei
1838 1921 2065 1954 nequaquam
2082 1906 2265 1948 honestae,

1275 1959 1405 1992 scilicet
1419 1972 1621 1992 usurarum.
1650 1960 1715 1993 Hic
1733 1960 1840 2004 igitur
1856 1960 2015 2006 quaestio
2036 1965 2098 1999 est,
2115 1972 2161 1993 an
2179 1957 2265 1993 haec

1276 2011 1350 2055 ipsa
1368 2011 1549 2055 stipulatio
1566 2012 1655 2044 iusta
1674 2011 1729 2046 sit.

1381 2062 1468 2095 Cum
1487 2069 1606 2096 autem
1626 2063 1792 2096 interesse
1815 2063 2007 2107 appellatio
2026 2062 2072 2096 sit
2095 2060 2265 2096 honestae

1275 2113 1347 2152 rei,
1375 2114 1537 2147 ostendat
1560 2121 1658 2148 actor
1682 2127 1762 2147 vera
1791 2121 1824 2147 et
1848 2126 1921 2147 non
1941 2114 2104 2148 simulata
2122 2115 2264 2151 damna,

1276 2178 1366 2209 quae
1398 2172 1544 2210 propter
1581 2164 1672 2199 hanc
1712 2166 1973 2199 mutuationem
2014 2165 2206 2199 acciderint
2221 2164 2264 2209 l²).

1275 2216 1406 2249 Verum
1431 2223 1480 2250 est
1505 2217 1600 2250 enim
1623 2224 1657 2250 et
1686 2217 1935 2258 iustissimum,
1962 2217 2141 2250 neminem
2163 2215 2265 2249 alteri

1308 2361 1356 2386 99)
1376 2361 1464 2388 ultra]
1485 2361 1522 2383 sic
1542 2360 1607 2384 Edd.
1626 2361 1699 2383 1⁵50,
1720 2363 1744 2383 et
1763 2361 1852 2388 1554.;
1872 2359 1936 2382 Edd.
1955 2359 2028 2382 1557.
2048 2360 2161 2383 ot1560.
2181 2361 2262 2384 ultro.

1312 2405 1373 2430 100]
1394 2403 1452 2430 dat]
1473 2403 1512 2425 sic
1527 2405 1599 2425 reete
1615 2403 1660 2426 Ed.
1678 2404 1768 2426 1550.:
1791 2402 1854 2425 aad.
1867 2402 1950 2424 1551..
1974 2401 2045 2424 1557.
2056 2404 2081 2424 ct
2095 2402 2167 2425 1560.
2189 2403 2262 2426 dant.

1314 2448 1339 2473 1)
1360 2446 1438 2469 Cous.
1459 2452 1542 2475 supra
1562 2453 1585 2475 p.
1609 2446 1663 2469 13⁹⁴.
1685 2448 1749 2468 nota
1767 2446 1807 2468 ἵζ’-4.

1309 2489 1338 2516 2)
1361 2489 1548 2518 s'onqucstus]
1582 2489 1621 2511 sic
1647 2489 1836 2512 lieri-cialibus
1867 2488 2064 2511 convenienter
2095 2488 2265 2513 scribendum

1346 2527 1402 2548 est:
1428 2523 1510 2546 Eam.
1539 2524 1624 2547 isthic.
1651 2524 1764 2546 hahent:
1794 2522 1860 2545 Cum
1887 2526 2026 2551 quat-stus.
2065 2523 2141 2546 Conf.
2159 2530 2185 2553 p.
2207 2523 2263 2548 ¹38.

1344 2562 1409 2581 nota
1427 2558 1467 2581 ³9.

1310 2602 1340 2629 3)
1360 2602 1496 2625 Deci-etat.
1517 2602 1632 2626 Cre-gor.
1650 2600 1696 2624 IX.
1716 2600 1760 2622 1111.
1777 2599 1808 2623 V.
1827 2599 1866 2622 tit.
1885 2599 1922 2621 19.
1946 2599 2084 2628 inscripti:
2105 2600 2144 2622 Dc
2163 2600 2264 2626 usuris.

1345 2642 1402 2665 cap.
1428 2638 1452 2658 δ.
1479 2636 1548 2665 quod
1573 2641 1589 2658 a
1614 2636 1714 2657 verbo:
1752 2634 1926 2663 conquestus
1952 2634 2065 2658 orditur.
2093 2634 2188 2665 (Corp.
2215 2636 2264 2659 iur.

1344 2677 1441 2694 canon.
1461 2671 1501 2693 ed.
1521 2670 1629 2694 Richter
1650 2670 1677 2692 1‘.
1699 2669 1728 2692 11.
1751 2676 1773 2698 p.
1793 2668 1875 2693 701),

1311 2714 1340 2740 4)
1360 2713 1522 2741 acciderint]
1542 2713 1579 2736 sic
1599 2712 1663 2735 Eud.
1687 2712 1759 2735 ¹550.
1787 2714 1812 2734 et
1836 2711 1924 2736 1552*
1952 2711 2017 2737 Edd.
2040 2711 2112 2736 1557.
2138 2715 2163 2735 et
2191 2712 2263 2736 156⁰.

1345 2748 1506 2771 accederint.
