2347 3000
249 111 322 147 927

250 198 340 232 tNam
364 208 484 230 sensus
510 194 707 228 communis
731 205 806 226 eam
840 192 963 230 ossi-rt,
1003 192 1084 237 quia
1118 204 1232 237 neque

251 249 365 282 aliena
388 249 527 281 laudem
551 245 706 289 noi›is‘·'⁰)
726 244 882 287 pariunt,
910 255 1023 288 neque
1044 243 1116 283 illa,
1142 255 1232 288 quae

251 312 324 333 non
349 305 519 341 reguntur
546 295 705 329 consilio.

351 348 545 393 Praeponit
559 353 674 379 autem
688 342 944 389 entliymemati
958 344 1233 384 concessionem,

252 403 287 435 in
306 415 373 447 qua
393 413 446 433 res
463 398 601 431 bellicas
620 396 779 430 Caesaris
798 396 1005 440 amplificat;
1036 396 1118 441 quia
1139 395 1231 428 enim

251 454 405 498 praefert
435 449 525 483 banc
556 447 784 481 domesticam
812 448 973 487 laudem,
1007 459 1050 479 ne
1081 447 1231 479 nimium

253 505 430 536 videretur
461 506 650 533 extenuare
684 510 738 531 res
769 498 933 539 bellicas,
971 499 1140 543 proderat
1176 509 1233 531 eas

250 555 347 599 prius
371 551 493 585 ornari
515 557 620 595 atque
642 549 791 582 laudari.

353 604 437 647 Cap.
467 601 523 635 lll.
553 600 583 645 ἓ.
616 601 650 635 8.
679 602 850 634 vomuisti
879 601 1009 644 yenfes]
1027 599 1073 644 ²⁷)
1103 599 1233 632 Secun-

251 657 334 689 dum
369 659 617 698 argumentum
644 664 661 684 a
689 651 894 684 difficultate
919 651 1080 684 sumitur.
1134 650 1233 682 Dissi-

251 707 349 740 cilius
379 712 412 738 et
438 703 626 748 gloriosius
649 709 699 735 est
724 703 812 735 iram
840 702 998 741 vincere,
1024 701 1231 746 praesertim

251 759 286 791 in
311 756 481 796 victoria,
515 767 621 800 quam
651 753 744 786 bello
772 752 890 787 hostes
920 759 1026 798 atque
1049 753 1152 785 urbes
1178 764 1232 785 ca-

251 820 344 855 pere.
397 807 493 840 Alibi
523 804 640 839 hostes
672 805 763 837 bello
795 804 989 849 superasti,
1034 802 1090 836 bic
1120 803 1232 836 vicisti

251 859 489 893 iracundiam:
529 857 637 901 igitur
659 854 726 889 hoc
750 856 881 889 sactum
905 855 1079 888 difficilius
1105 861 1137 887 et
1159 855 1232 898 glo-

251 911 378 945 riosius
403 916 463 943 est.
517 908 584 942 Sed
616 906 700 940 baec
731 907 909 940 conclusio
942 907 1049 950 paulo
1075 912 1154 950 post
1178 918 1232 939 se-

252 968 391 1008 quetur.
445 959 539 992 Haec
571 965 621 992 est
655 958 827 991 sententia
861 959 1014 990 duorum
1046 969 1233 1000 argumen-

251 1022 382 1047 torum.
436 1011 559 1044 Cicero
593 1009 656 1042 etsi
687 1021 759 1042 non
789 1009 976 1042 adstrinxit
1009 1008 1133 1041 formis
1159 1008 1233 1039 ‹lia-

250 1063 391 1101 lecticis,
419 1069 537 1094 tamen
564 1061 609 1092 ita
634 1060 769 1098 recitat,
796 1065 834 1092 ut
856 1060 1014 1091 membra
1032 1058 1232 1091 dialecticae

248 1118 386 1148 formae
411 1111 553 1155 agnosci
576 1110 730 1155 possint,
759 1116 791 1142 et
816 1116 934 1142 tamen
953 1122 1068 1142 sermo
1088 1109 1233 1141 liberior

251 1173 312 1200 est.
366 1163 553 1197 Caeterum
582 1161 679 1194 addit
709 1166 937 1199 ornamenta,
969 1160 1160 1193 sententias
1193 1171 1233 1192 ex

251 1217 335 1251 locis
368 1213 614 1248 communibus
647 1218 825 1256 sumptas,
863 1218 897 1244 et
925 1211 1233 1255 compositionem,

251 1280 340 1314 quae
366 1265 506 1309 agnosci
530 1264 629 1297 facile
652 1269 799 1306 possunt
815 1262 962 1306 cognitis
979 1261 1233 1306 principalibus

248 1317 429 1352 membris.

354 1367 384 1412 ᾖ.
402 1367 437 1402 9.
464 1369 580 1412 Itaque
596 1367 630 1401 C.
652 1363 844 1410 CaesarPs)
874 1363 1062 1398 Conclusio
1079 1369 1130 1397 est
1146 1364 1234 1397 (luo-

250 1433 331 1454 rum
349 1424 654 1463 argumentorum‚
683 1427 772 1461 quae
792 1428 898 1460 supra
918 1415 1110 1448 recensuit:
1137 1413 1232 1458 Ergo

251 1471 336 1506 haec
361 1471 544 1503 moderate
561 1468 607 1512 29)
633 1468 722 1500 sacta
747 1473 828 1500 sunt
852 1466 1101 1500 laudabiliora.
1165 1465 1233 1499 Sed

251 1523 376 1557 Cicero
403 1520 500 1553 auxit
525 1518 808 1557 conclusionem,
835 1518 983 1562 repetita
1007 1516 1232 1550 concessione

251 1576 293 1607 de
318 1572 450 1606 bellicis
475 1570 657 1608 laudibus,
693 1567 747 1602 his
770 1576 890 1613 postea
922 1569 1072 1613 opponit
1087 1568 1132 1614 ³⁰)
1157 1581 1233 1601 uio-

251 1628 370 1659 derate
392 1624 495 1655 facta.
546 1621 591 1654 Et
618 1627 691 1653 tota
714 1631 769 1652 res
794 1627 844 1653 est
870 1626 1009 1664 sumpta
1027 1619 1073 1663 ἱἰ)
1099 1619 1232 1651 exloco

252 1674 434 1710 communi
467 1685 507 1705 ex
540 1671 726 1704 collatione
751 1670 921 1704 virtutum
947 1670 1176 1703 castrensium
1201 1676 1234 1702 et

251 1728 400 1761 aliarum
426 1724 596 1756 virtutum
615 1722 681 1766 3²),
708 1733 819 1766 quae,
848 1721 928 1766 quia
957 1727 1035 1754 sunt
1062 1720 1232 1759 mitiores,

251 1776 461 1812 naturaliter
491 1773 723 1806 blandiuntur
753 1772 864 1815 magis
896 1770 1100 1804 bominibus
1126 1783 1231 1817 quam

251 1831 393 1863 alterae.
446 1825 575 1857 Valent
602 1823 696 1857 enim
721 1829 859 1856 tantum
878 1824 922 1855 ad
938 1822 1148 1861 bonitatem,
1173 1835 1233 1855 seu

251 1882 296 1915 ad
320 1874 687 1920 benefaciendumssss)‚
714 1885 789 1906 non
810 1875 853 1907 ad
876 1875 1094 1907 nocendum:
1123 1885 1233 1918 quare

251 1931 430 1967 suaviores
454 1934 487 1961 ct
510 1925 736 1960 amabiliores
760 1931 852 1958 sunt.

355 1980 385 2025 ξ.
413 1981 470 2013 10.
501 1981 546 2012 Te
570 1976 658 2021 vero]
676 1976 722 2021 3⁴¹)
750 1976 952 2020 Amplificat
970 1976 1232 2009 conclusionem

254 2047 294 2068 ex
324 2033 479 2065 minore:
516 2029 610 2061 llaec
642 2027 780 2060 bonitas
806 2028 956 2060 delectat
982 2027 1088 2060 etiam
1114 2027 1149 2058 in
1174 2027 1234 2059 ab-

252 2085 424 2122 sentibus,
460 2088 493 2114 et
519 2080 554 2112 in
578 2078 738 2123 personis
763 2078 868 2117 fictis,
901 2085 1034 2123 ‹pianto
1061 2077 1171 2121 magis
1198 2078 1234 2110 in

252 2166 453 2178 ‘f

285 2227 334 2254 26)
353 2223 461 2248 laudem
480 2219 572 2247 nobis]
591 2218 639 2242 Ed.
662 2217 735 2242 1536.
756 2218 835 2241 nohis
855 2218 968 2241 landem.

285 2269 332 2297 27)
353 2268 425 2291 Haec
443 2263 498 2287 Cic.
519 2262 601 2285 verba
618 2260 678 2284 huic
697 2260 882 2290 dispositionis
906 2259 977 2290 parti
997 2259 1023 2284 in
1042 2260 1125 2285 Editt.
1148 2261 1233 2293 1536„

320 2301 394 2326 1568.
413 2297 553 2326 adscripta
571 2296 644 2318 sunt.

283 2346 331 2373 28)
352 2344 424 2367 Hace
447 2340 528 2364 etiam
547 2338 601 2362 Cic.
628 2337 712 2361 verba
738 2336 766 2360 in
793 2336 890 2360 iisdem
910 2336 992 2362 Editt.
1018 2337 1041 2361 h.
1070 2337 1087 2361 1.
1107 2336 1234 2368 'praefixa

318 2376 504 2403 inveniuntur.

284 2423 332 2450 29)
352 2418 505 2445 moderate]
525 2415 565 2439 sic
585 2420 678 2439 omnes
699 2413 780 2438 Editt.
801 2414 920 2444 exceptis
939 2414 1023 2438 Editt.
1045 2414 1116 2439 1592.
1138 2417 1164 2439 et
1178 2416 1233 2441 Go-

321 2457 392 2479 lon..
412 2457 481 2482 quae
499 2451 612 2473 habent:
631 2448 780 2472 moderata.

285 2499 333 2526 30)
353 2497 449 2526 postea
467 2493 591 2523 opponit]
612 2492 659 2515 Ed.
682 2491 755 2514 1568.
775 2491 885 2521 opponit
903 2492 1007 2521 postea.

285 2542 333 2568 31)
354 2540 396 2562 est
415 2537 535 2566 sumpta]
557 2535 604 2558 Ed.
626 2534 701 2558 1536.
720 2536 827 2563 sumpta
846 2536 895 2557 est.

285 2585 333 2611 3-2)
354 2579 534 2605 castrensium
552 2579 578 2601 et
597 2577 712 2601 aliarum
731 2577 877 2605 virtutum]
897 2578 962 2601 haec
981 2578 1008 2601 in
1028 2579 1076 2602 Ed.
1094 2579 1165 2603 1564.
1186 2580 1233 2602 ‹tc-

375 2618 395 2637 t.

285 2623 587 2685 asiniiencfaeiendum]
606 2651 655 2674 Ed.
676 2651 750 2675 1536.
769 2652 934 2676 beneficium.

286 2703 334 2727 34)
355 2700 425 2723 naec
446 2696 500 2720 cic.
520 2695 603 2718 verba
623 2694 649 2716 in
669 2694 717 2717 Ed.
739 2694 812 2718 1536.
833 2696 856 2720 1ι.
878 2696 894 2720 1.
915 2696 1039 2725 apposita
1059 2699 1128 2722 sunt,

824 107 945 141 Pan..
979 106 1092 141 MEL.
1126 105 1326 142 SCRIPTA
1357 108 1691 147 PHILOLOGICA.

2195 115 2268 151 928

1287 201 1319 228 te
1349 204 1551 239 praesente,
1587 199 1668 244 quia
1712 198 1822 232 virtus
1863 206 1913 233 est
1951 199 2093 245 quidem
2128 200 2200 244 ipsa
2220 200 2266 246 ³⁵)

1286 247 1465 288 amabilis,
1490 250 1626 283 etiamsi
1651 251 1799 283 mortuis
1822 257 1881 283 aut
1910 251 1996 284 fictis
2023 252 2181 295 personis
2206 252 2266 284 tri-

1286 297 1432 336 buatur;
1461 300 1520 333 sed
1548 307 1664 333 tamen
1682 301 1855 335 efficacius
1875 308 1993 334 moxet
2012 302 2162 341 animos,
2187 314 2265 335 cum

1288 348 1353 391 ipsi
1387 358 1586 392 praesentes
1617 364 1655 384 ea
1689 353 1850 386 fruimur.
1955 355 2109 387 Parietes
2141 354 2268 386 medius

1282 398 1401 444 fidius]
1417 400 1462 446 36)
1491 402 1658 446 Sequitur
1679 402 1952 448 προςωποποιΐα
1969 403 2035 450 ³⁷):
2065 403 2172 437 Curia
2190 415 2267 436 sen-

1288 451 1329 482 tit
1352 449 1442 483 hanc
1464 459 1622 486 nostram
1654 453 1844 493 laetitiam,
1878 461 1911 487 et
1944 455 2073 498 gaudet
2103 461 2136 488 te
2167 453 2266 488 resti-

1288 507 1384 534 tuere
1409 504 1664 547 rempublicam
1691 505 1859 537 restitutis
1882 507 2115 539 senatoribus.

1389 552 1474 598 Cap.
1490 553 1547 588 IV.
1578 554 1607 598 ξ.
1629 555 1685 588 10.
1714 557 1874 600 Equidem
1891 554 2266 601 quum0.Mm·celli]³⁸)

1285 601 1391 636 Aliud
1416 602 1552 644 πάθοςῑ
1595 606 1728 639 Mortui
1753 608 1907 650 gaudent
1931 607 2133 640 conservari
2148 607 2194 652 ³⁹)
2218 607 2267 639 sa-

1286 654 1412 688 milias.

1390 704 1419 750 fi.
1454 707 1509 740 11.
1550 709 1649 741 Hunc
1678 713 1714 741 {u
1747 709 1867 752 iyiwr]
1884 707 1929 752 ¹¹⁰)
1972 707 2108 741 Deinde
2141 707 2268 752 repetit

1286 757 1547 791 conclusionem
1579 759 1752 798 breviter,
1795 765 1827 791 et
1860 771 1940 792 mox
1971 759 2094 792 attexit
2125 758 2266 791 tertium

1286 815 1551 851 argumentum:
1581 810 1761 843 Durabilis
1785 810 1860 843 laus
1884 816 1935 843 est
1957 811 2120 854 amplior.
2173 809 2267 842 Haec

1286 859 1383 899 laus,
1413 873 1518 904 quam
1553 867 1758 894 consecutus
1784 874 1818 894 es
1849 859 1913 894 liae
1927 861 1972 906 ⁴¹)
1998 861 2170 900 bonitate,
2195 872 2268 893 non

1287 917 1338 944 est
1363 911 1504 955 quidem
1531 919 1655 944 ornata
1690 910 1871 955 trophaeis
1900 919 1931 945 et
1955 912 2095 949 statui53
2129 912 2189 945 sed
2218 917 2269 944 est

1286 961 1322 994 in
1355 962 1482 995 animis
1511 963 1644 1006 posita,
1688 970 1721 995 et
1755 970 1942 1007 perpetua,
1983 963 2064 1008 quia
2094 962 2267 1006 insignem

1286 1012 1453 1044 virtutem
1476 1026 1614 1057 semper
1641 1020 1781 1052 amant,
1805 1026 1942 1057 semper
1962 1014 2184 1046 admirantur
2204 1011 2267 1046 llo·

1286 1063 1408 1096 mines.
1463 1062 1545 1095 ldeo
1572 1062 1658 1097 haec
1681 1064 1756 1097 laus
1780 1071 1829 1097 est
1847 1064 1999 1108 amplior
2017 1076 2123 1109 quam
2138 1063 2265 1109 ulla⁴²)

1287 1111 1469 1157 trophaea.

1390 1162 1419 1207 ἓ.
1447 1165 1503 1199 12.
1534 1167 1574 1198 E!
1599 1170 1744 1198 caeteros
1769 1165 1916 1211 quidem]
1936 1164 1981 1212 ⁴³)
2011 1164 2186 1209 Quartum
2213 1175 2268 1197 ar-

1286 1222 1490 1258 gumentum
1527 1214 1630 1248 babet
1665 1217 1890 1248 collationem
1925 1216 2080 1249 civilium
2105 1215 2268 1248 victoria-

1287 1277 1379 1305 rum,
1408 1278 1498 1311 quae
1522 1267 1714 1311 plurimum
1740 1268 1869 1307 valent,
1900 1273 1932 1299 et
1959 1279 1999 1300 ex
2027 1266 2108 1311 ipsis
2134 1266 2268 1305 officiis,

1287 1323 1320 1349 et
1347 1317 1514 1362 exemplis
1545 1331 1766 1351 summorum
1799 1318 2000 1363 principum
2034 1324 2174 1362 sumpta
2206 1323 2267 1351 est.

1291 1369 1433 1408 Vereor,
1462 1373 1497 1402 ut
1521 1369 1593 1414 hoc]
1604 1369 1650 1416 ⁴⁴²)
1678 1369 1880 1414 Amplificat
1898 1376 2063 1414 quartum
2081 1380 2267 1413 argumen-

1287 1425 1380 1458 tum,
1408 1419 1564 1464 primum
1589 1421 1701 1465 posita
1729 1420 1985 1465 propositione,
2012 1420 2107 1466 quod
2130 1419 2267 1463 mitiga-

1286 1470 1376 1503 verit
1394 1471 1636 1504 crudelitatem
1656 1472 1840 1511 victoriae,
1868 1473 1964 1517 quod
1983 1471 2145 1504 videlicet
2160 1482 2265 1503 nemo

1287 1528 1425 1565 practer
1449 1522 1637 1556 Caesarem
1671 1529 1752 1556 ante
1776 1523 1855 1556 fecit
1879 1534 2037 1568 unquam
2065 1522 2100 1554 in
2125 1522 2188 1554 ista
2216 1534 2268 1554 re-

1285 1572 1437 1617 publica.

1388 1623 1474 1668 Cap.
1503 1623 1545 1658 V.
1582 1622 1611 1668 ξ.
1644 1625 1702 1659 13.
1737 1627 1845 1670 Atque
1877 1626 1936 1658 hoc
1968 1626 2001 1658 C.
2033 1623 2203 1668 caesaris]
2220 1623 2266 1668 ¹¹³)

1286 1672 1539 1708 Commoratur
1556 1675 1601 1719 ²¹⁶)
1643 1676 1680 1708 in
1718 1673 1784 1708 boc
1822 1676 1918 1713 loco,
1972 1686 2267 1713 ciiiiimemoraiis,

1287 1736 1392 1769 quam
1429 1727 1558 1759 multos
1578 1725 1623 1769 ¹²⁷)
1655 1726 1872 1759 conservarit
1890 1726 1933 1767 Ἠ)
1959 1725 2106 1763 Caesar,
2141 1725 2266 1770 quibus

1287 1775 1361 1808 iure
1392 1776 1493 1809 irasci
1527 1776 1653 1821 potuit.
1724 1777 1769 1810 Et
1802 1777 1991 1820 amplificat
2026 1774 2118 1808 hunc
2152 1776 2268 1809 locum

1286 1826 1483 1870 dupliciter.
1537 1827 1698 1861 Primum
1730 1827 1779 1860 ait
1812 1827 1926 1871 ipsum
1951 1825 2156 1866 Caesarem,
2189 1838 2268 1860 cum

1320 1935 1367 1962 35)
1389 1935 1462 1965 ipsa]
1482 1933 1509 1957 in
1528 1933 1611 1958 Editt.
1632 1932 1723 1963 1564„
1744 1932 1818 1957 1574.
1838 1932 1925 1957 deest.

1321 1978 1368 2006 36)
1391 1978 1462 2001 ilaec
1481 1977 1536 2001 Cic.
1555 1977 1639 2000 verba
1659 1977 1684 2000 in
1703 1976 1764 1999 sola
1784 1976 1834 2000 1⁴:11.
1855 1976 1928 1999 1536.
1946 1975 1972 2001 h.
1993 1974 2009 1998 1.
2029 1975 2166 2006 leguntur.

1321 2021 1368 2047 37)
1387 2017 1611 2051 npogmrrortoi‘l·a]
1634 2019 1681 2043 Ed.
1703 2020 1775 2042 1568.
1796 2017 2006 2048 prosopopoeia.

1321 2064 1368 2092 38)
1391 2063 1419 2087 C.
1440 2063 1592 2090 Marcelli]
1613 2062 1660 2085 Ed.
1684 2062 1767 2091 1536.,
1786 2066 1854 2090 quae
1872 2060 1932 2083 sola
1950 2060 1974 2083 1ι.
1993 2060 2011 2083 l.
2031 2060 2097 2083 haec
2111 2059 2165 2083 Cic.
2185 2060 2269 2083 verba

1355 2098 1445 2128 addit,
1465 2098 1557 2120 habet:
1577 2097 1618 2121 M.
1638 2096 1781 2120 Marcelli.

1320 2141 1368 2168 39)
1391 2139 1567 2168 conservari]
1587 2139 1626 2162 sie
1646 2138 1727 2162 Editt.
1751 2137 1834 2167 1536.,
1856 2136 1941 2164 1539„
1962 2135 2166 2165 law—1568&
2184 2135 2267 2159 Editt.

1359 2175 1451 2205 1545,
1473 2173 1563 2200 1574..
1585 2173 1658 2197 1592.
1678 2175 1704 2196 et
1723 2172 1834 2197 Cotum:
1854 2176 2028 2194 conservare.

1321 2219 1368 2246 40)
1388 2218 1418 2241 ln
1437 2217 1484 2241 Ed.
1505 2216 1579 2240 1536.
1600 2217 1623 2238 1ι.
1645 2217 1662 2240 i.
1681 2215 1820 2244 adscripta
1839 2215 1901 2237 sunt
1921 2214 2020 2236 verba:
2042 2211 2244 2243 Hunc-igitur.

1321 2262 1368 2289 41)
1388 2261 1451 2289 hae]
1471 2259 1498 2282 in
1517 2259 1566 2282 Ed.
1586 2257 1660 2282 1536.
1681 2258 1768 2281 deest.

1321 2305 1368 2331 42)
1388 2303 1459 2331 ulia]
1479 2302 1519 2325 sic
1538 2301 1621 2326 Editt.
1644 2300 1728 2329 1536..
1750 2299 1834 2330 ¹539„
1856 2296 2055 2324 1553—1568.,
2077 2296 2167 2326 1592.;
2186 2296 2268 2321 Editt.

1358 2338 1450 2368 1545„
1473 2336 1546 2360 ¹574.
1568 2337 1594 2359 et
1613 2336 1723 2360 Colum:
1743 2334 1799 2358 iiia.

1321 2380 1369 2408 43)
1391 2380 1463 2403 naec
1482 2379 1537 2403 Cic.
1557 2378 1642 2401 verba
1661 2377 1688 2401 in
1707 2378 1768 2400 sola
1788 2376 1837 2401 Ed.
1858 2374 1932 2400 1536.
1951 2374 1975 2397 h.
1995 2373 2012 2397 1.
2033 2375 2096 2397 suut
2115 2373 2243 2404 praefixa.

1321 2424 1368 2449 44)
1389 2423 1461 2445 Haec
1481 2421 1537 2447 Cic.
1557 2421 1641 2444 verba
1666 2420 1691 2443 in
1712 2420 1794 2444 Editt.
1822 2417 1912 2447 1536.,
1939 2415 2011 2442 1568,
2037 2417 2063 2439 h.
2088 2417 2105 2441 1.
2129 2417 2268 2448 adscripta

1353 2459 1424 2480 sunt.

1320 2501 1367 2525 45)
1389 2501 1461 2523 Haec
1481 2498 1536 2522 Cic.
1555 2498 1639 2521 verba
1660 2497 1685 2520 in
1706 2496 1766 2519 sola
1784 2494 1833 2518 Ed.
1855 2492 1927 2517 ¹5:36.
1947 2493 1971 2518 li.
1990 2493 2007 2516 1.
2027 2492 2118 2518 addita
2138 2495 2210 2518 sunt,

1321 2545 1368 2571 405)
1389 2543 1594 2570 t'onuneraturj
1615 2541 1654 2563 sie.
1673 2540 1720 2563 Ed.
1742 2538 1833 2567 1536.;
1853 2539 1961 2561 ceterae
1981 2537 2076 2562 fidite:
2095 2538 2130 2562 Et
2147 2544 2266 2563 commo-

1356 2581 1440 2600 ratur.

1322 2621 1369 2645 47>
1390 2621 1505 2647 multoz]
1527 2618 1575 2642 i-td.
1595 2617 1668 2641 1536,
1689 2615 1773 2639 male:
1793 2614 1902 2638 multas.

1320 2665 1367 2687 νβ)
1387 2662 1574 2689 conservarit]
1599 2666 1638 2682 sic
1666 2658 1746 2682 mitt.
1775 2657 1874 2695 15⁴5.
1902 2655 1993 2682 ¹564ss

1356 2697 1464 2720 Goion:
1484 2698 1538 2719 cett
1566 2694 1662 2718 Editt.:
1682 2693 1896 2716 conservaverit.

2023 2656 2114 2681 157⁴..
2141 2657 2214 2682 ¹592.
2240 2661 2266 2681 et
