2347 3000
199 105 272 142 723

200 197 360 225 utuntur.
414 189 534 234 Quare
560 200 633 221 non
659 186 773 220 oberit
803 186 916 219 multa
945 185 1106 230 exempla
1129 198 1187 219 co-

201 242 384 287 gnovisse,
426 240 634 285 praesertim
671 250 749 270 cum
784 236 819 269 in
857 237 1032 270 similibus
1062 237 1189 277 causis,

201 295 396 338 iisdemque
414 292 518 331 locis,
543 297 662 323 tamen
690 288 787 320 aliud
811 287 888 321 aliis
906 288 943 321 in
957 294 1114 321 mentem
1131 301 1189 321 ve-

203 345 297 385 niat,
324 344 420 389 quod
444 341 554 383 magis
581 341 625 372 ad
649 351 723 371 rem
745 339 911 383 pertinet.
963 339 1086 384 Neque
1104 351 1189 373 vero

203 402 342 429 tantum
365 393 558 428 similitudo
586 391 761 435 quaedam
784 396 835 423 est
863 389 1036 424 artificum
1070 390 1107 423 in
1138 391 1193 423 in-

204 447 381 480 veniendo
401 457 439 477 ac
455 442 697 486 disponendO,
724 442 784 475 sed
801 441 908 475 etiam
926 443 1101 487 quaedam
1121 442 1192 474 elo—

206 497 356 531 cutionis
394 494 589 528 similitudo
615 498 677 526 est.
754 492 888 527 Omnes
925 493 1019 526 enim
1063 492 1194 526 alicubi

205 554 355 582 utuntur
379 544 714 589 amplificationibus
743 550 777 577 et
799 544 945 590 reliquis
974 544 1194 577 ornamentis

209 596 392 631 orationis.
441 596 649 635 Postremo,
683 595 842 638 specialis
875 597 1049 641 quaedam
1079 595 1195 628 imita-

208 649 315 683 tionis
338 647 430 680 ratio
456 653 506 680 est
527 646 642 691 posita
672 646 708 679 in
734 647 968 679 collocatione
992 647 1196 686 verborum,

209 701 245 733 in
263 699 486 732 absolvendis
499 697 716 741 argumentis
728 704 760 730 et
770 697 806 729 in
817 698 942 730 ordine
952 697 1196 741 periodorum.

208 752 337 796 Neque
368 756 419 783 est
449 747 555 789 hacc,
590 755 630 782 ut
661 749 771 793 aliqui
803 749 1026 789 existimant,
1063 749 1197 782 inutilis

211 801 412 845 diligentia;
440 800 557 834 reddit
588 800 682 833 enim
714 800 885 833 illustrem
918 806 951 833 et
974 800 1197 845 perspicuam

212 853 425 887 orationem.
476 851 540 885 Est
557 858 675 885 autem
695 863 800 884 omne
819 851 853 884 in
874 851 1023 884 dicendo
1042 852 1197 885 studium

212 918 253 938 eo
284 904 528 943 referendum,
561 909 601 936 ut
630 902 744 935 oratio
779 915 885 948 quam
916 903 1070 936 maxime
1104 903 1199 935 clara

212 956 469 1002 perspicuaque
500 954 682 987 efficiatur.
758 953 803 986 Et
836 954 919 999 quia
953 954 1132 987 Ciceronis
1163 954 1199 986 in

214 1006 470 1051 compositione
494 1005 676 1048 diligentia
703 1017 841 1037 summa
868 1005 952 1044 suit,
978 1003 1072 1037 hunc
1098 1004 1200 1037 nobis

212 1058 441 1101 magistrum,
468 1054 536 1088 hoc
559 1055 758 1099 exemplum
777 1055 982 1101 maxime‘ss)
1000 1066 1201 1099 proponere

214 1111 402 1147 debemus,
438 1107 474 1138 in
501 1105 595 1139 hunc
629 1112 703 1138 toto
737 1105 878 1145 animo,
906 1111 1051 1151 totaque
1083 1111 1201 1138 mente

216 1160 364 1193 intueri:
393 1156 487 1191 hunc
518 1157 565 1190 ita
597 1169 738 1196 amare,
765 1163 805 1189 ut
833 1169 913 1189 cum
943 1157 986 1189 ad
1013 1156 1100 1189 alios
1126 1162 1204 1188 tan-

218 1223 326 1257 quam
345 1211 389 1243 ad
405 1207 573 1253 hospites,
600 1208 793 1253 aliquando
818 1207 987 1251 expatiati
1010 1207 1132 1246 simus,
1159 1207 1204 1238 ad

781 98 903 135 PHIL.
933 98 1046 134 MEL.
1080 97 1283 134 SCRIPTA
1313 99 1650 136 PHILOLOGICA.

216 1261 312 1296 hunc
346 1261 464 1294 statim
496 1260 702 1299 redeamus,
740 1259 835 1302 apud
866 1256 960 1291 hunc
991 1255 1205 1297 habitemus,

218 1312 311 1346 hunc
329 1310 645 1345 familiarissimum
662 1309 764 1343 nobis
780 1309 968 1350 faciamus,
995 1314 1035 1342 ut
1052 1310 1205 1343 scriben-

218 1371 269 1398 tes
294 1363 484 1406 imaginem
511 1361 683 1395 orationis
710 1361 783 1394 eius
801 1361 1022 1400 intueamur,
1051 1361 1096 1394 ad
1111 1372 1206 1393 eam-

219 1428 286 1462 que
304 1414 535 1458 cogitationes
552 1425 591 1445 ac
605 1413 735 1457 stylum
750 1412 954 1456 dirigamus.
1006 1411 1075 1445 Sed
1092 1412 1208 1456 prius-

222 1479 330 1512 quam
363 1471 548 1510 praecepta
579 1461 684 1498 huius
717 1463 769 1497 rei
801 1464 1005 1503 tradamus,
1047 1463 1206 1507 exempla

222 1519 397 1564 quaedam
421 1516 665 1555 ostendemus,
691 1521 731 1548 ut
758 1514 907 1558 intelligi
938 1514 1067 1559 possit,
1096 1526 1208 1560 quan-

224 1576 299 1602 tum
317 1573 471 1613 praestet
486 1566 693 1599 Ciceronem
712 1565 830 1610 potius
855 1577 962 1610 quam
987 1566 1074 1599 alios
1097 1565 1207 1610 sequi.

222 1620 388 1653 Pliniana
415 1617 529 1651 oratio
553 1629 656 1660 saepe
674 1616 831 1649 numeris
846 1616 1007 1650 Platonis
1024 1616 1208 1650 obscurior

223 1677 294 1711 est,
328 1668 420 1703 hanc
452 1669 496 1700 ob
529 1680 689 1708 causam,
725 1666 808 1712 quia
832 1667 1043 1711 compositio
1069 1667 1235 1700 Cicero-·

222 1723 350 1755 nianae
383 1719 562 1753 dissimilis
587 1725 649 1752 est.
702 1717 754 1751 Ita
787 1717 931 1758 accidit,
965 1724 1005 1751 ut
1035 1730 1138 1763 saepe
1172 1717 1208 1750 in

223 1785 333 1807 unam
357 1770 545 1816 periodum
576 1769 810 1802 infarciantur
841 1769 972 1809 multa,
1007 1781 1097 1815 quae
1129 1781 1209 1813 syn-

224 1824 321 1857 taxin
350 1822 571 1867 perturbant.
624 1820 736 1865 Saepe
760 1832 834 1852 non
854 1820 1039 1864 explentur
1064 1817 1209 1853 inchoa-

225 1881 280 1908 tae
310 1873 524 1913 sententiae,
567 1878 826 1905 connectuntur
855 1871 984 1904 alicubi
1015 1871 1209 1904 sententiae

224 1925 315 1959 nihil
329 1923 576 1963 cohaerentes,
605 1923 733 1956 alicubi
751 1923 877 1956 desunt
893 1923 1110 1966 argumentis
1128 1934 1211 1955 con-

225 1977 398 2011 clusiones
424 1982 458 2008 et
481 1972 767 2019 epiphonemata.
820 1973 1035 2007 Huiusmodi
1057 1974 1141 2007 vitia
1159 1985 1210 2007 se-

227 2035 385 2074 quuntur
400 2025 651 2070 negligentiam
669 2025 705 2058 in
720 2025 981 2068 componendo.
1034 2025 1090 2058 Sic
1108 2037 1211 2068 argu—

226 2077 552 2113 mentaturPlinius
569 2077 606 2109 in
623 2075 904 2121 praefationem),
918 2088 1210 2121 unumquemque
1233 2093 1237 2124 3
1263 2083 1325 2117 est,
1344 2082 1535 2114 consuunt3
1559 2088 1628 2121 quo
1647 2088 1774 2119 genere
1793 2075 1932 2109 dicendi
1947 2074 2036 2109 nihil
2052 2074 2244 2109 deformius

227 2131 258 2164 ei
284 2130 437 2164 maxime
463 2128 571 2161 iudici
594 2128 721 2160 debere
749 2126 967 2166 satisfacere,
1002 2139 1108 2172 quem
1136 2127 1209 2171 ipse

227 2182 293 2216 sibi
318 2181 479 2225 elegerit,
506 2191 580 2212 non
606 2191 712 2224 quem
735 2190 811 2211 sors
833 2177 988 2215 dederit;
1015 2190 1091 2211 sors
1116 2179 1209 2211 enim

226 2245 329 2277 saepe
354 2234 415 2265 dat
437 2231 599 2276 iniquos,
637 2231 697 2263 dat
730 2228 913 2273 imperitos
942 2229 1090 2263 iudices:
1131 2242 1210 2263 cum
1236 2267 1237 2282 χ

228 2291 346 2317 autem
366 2284 438 2327 ipse
457 2283 502 2315 ad
516 2281 570 2315 sui
587 2280 703 2325 operis
718 2279 957 2324 cognitionem
967 2280 1209 2327 Caesarem-'⁵⁴5
1236 2285 1237 2305 3

227 2342 397 2381 tanquam
421 2333 572 2367 iudicem
597 2330 816 2371 adhibuerit,
842 2343 878 2365 se
906 2344 1049 2377 quoque
1070 2330 1137 2364 hoc
1152 2333 1211 2365 de-
1236 2331 1237 2344 ¹

226 2387 340 2420 bnisse
371 2392 570 2431 praestare,
602 2389 642 2417 ut
669 2383 824 2428 placeret
852 2383 1022 2427 scriptum
1056 2383 1209 2417 Caesari.

227 2438 291 2470 llic
306 2438 402 2471 locus
418 2437 524 2482 paulo
541 2436 725 2469 obscurior
744 2440 795 2468 est
810 2434 905 2479 apud
924 2440 1084 2468 autorem
1097 2461 1105 2475 ‚
1131 2446 1210 2467 cum

1235 1888 1236 1907 ι
1262 1872 1454 1905 intuendae
1482 1872 1725 1916 petendaeque
1757 1870 1853 1904 sint?

1235 1942 1236 1953 η
1263 1936 1364 1957 error
1390 1935 1514 1955 eorum
1538 1919 1871 1966 reprehendendus,
1905 1921 1967 1968 qui
1993 1928 2067 1955 tum
2089 1934 2124 1956 se
2149 1922 2246 1955 effin-

262 2586 309 2612 28)
328 2584 456 2613 maxime]
476 2583 501 2606 in
519 2583 568 2606 Ed.
591 2582 664 2607 1541.
682 2581 713 2605 F.
734 2580 820 2604 deest.
1234 2608 1237 2616 ,

262 2631 310 2656 29)
331 2628 434 2652 Plinius
454 2626 589 2650 secundus
610 2625 636 2648 in
655 2623 826 2654 praefatione
844 2621 979 2647 historiae
998 2620 1132 2646 naturalis
1152 2622 1168 2647 1.
1189 2622 1209 2647 1.
1235 2617 1236 2646 ἶ

294 2664 352 2687 init.

263 2708 309 2734 30)
328 2705 432 2730 scilicet
451 2702 652 2733 Vespasianum
670 2700 870 2731 imperatorem.

2153 104 2227 140 724

1240 192 1378 220 tantum
1402 188 1610 221 antecedens
1632 193 1763 232 ponat,
1790 186 1897 232 idque
1915 187 2083 232 exemplis
2102 189 2228 234 ampli-

1240 239 1336 277 ficet,
1363 245 1484 282 postea
1504 239 1685 284 relinquat
1702 246 1951 283 argumentum
1969 239 2135 272 mutilum
2152 240 2227 274 sine

1243 289 1480 329 conclusione,
1496 287 1564 322 hoc
1579 291 1704 324 modo:
1725 290 1895 337 Quam³¹)
1907 290 2100 334 plurimum
2110 290 2229 331 refert,

1243 341 1413 375 sortiatur
1441 341 1569 385 aliquis
1596 341 1760 381 iudicem,
1788 354 1833 374 an
1860 343 1979 385 eligat,
2006 341 2230 387 multumque

1245 393 1436 436 adparatus
1458 391 1602 425 interest
1635 393 1729 435 apud
1760 393 1949 426 invitatum
1983 390 2159 436 hospitem
2197 397 2232 425 et

1246 444 1417 476 oblatum.
1471 442 1560 475 Cum
1587 443 1681 486 apud
1698 443 1869 476 Catonem
1898 444 1997 477 illum
2013 443 2058 490 ³²)
2078 442 2231 476 ambitus

1245 493 1383 528 hostem
1415 499 1450 526 et
1478 494 1628 537 repulsis
1660 500 1832 539 tanquam
1866 492 2063 528 honoribus
2104 493 2233 539 ineptis

1247 546 1479 590 gaudentem,
1507 545 1737 587 flagrantibus
1755 545 1906 579 comitiis
1918 546 2105 590 pecuniam
2125 546 2234 589 depo-

1247 603 1373 629 nerent.
1397 595 1596 636 candidati,
1624 594 1693 629 hoc
1723 608 1758 629 se
1790 597 1904 629 facere
1928 609 1993 641 pro
2018 595 2234 636 innocentia,

1250 649 1346 693 quod
1368 648 1404 680 in
1430 648 1534 680 rebus
1559 645 1723 680 humanis
1748 659 1927 680 summum
1950 653 2059 687 esset,
2091 647 2235 691 profite-

1248 700 1391 732 bantur.
1445 697 1529 731 lnde
1546 698 1605 730 illa
1624 698 1754 732 nobilis
1767 698 1815 732 M.
1828 698 2008 731 Ciceronis
2025 697 2234 742 suspiratio:

1250 750 1282 784 Ο
1309 757 1340 783 te
1365 750 1526 782 soelicem
1551 749 1600 782 M.
1617 750 1742 790 Porci,
1771 762 1790 782 a
1823 762 1894 795 quo
1925 761 2000 782 rem
2034 748 2236 793 improbam

1251 808 1370 846 petere
1399 813 1504 833 nemo
1538 801 1658 834 audet!
1735 800 1824 834 Cum
1852 800 2014 834 tribunos
2044 799 2240 844 adpellaret

1252 852 1291 886 L.
1318 852 1435 896 Scipio
1471 852 1664 892 Asiaticus,
1693 851 1786 884 inter
1819 864 1907 897 quos
1937 858 2012 885 erat
2045 848 2240 891 Gracchus,

1252 902 1319 937 hoc
1351 904 1592 936 adtestabatur
1609 903 1678 950 ³3),
1720 903 1775 935 vel
1811 903 1955 935 inimico
1994 902 2102 935 iudici
2116 901 2163 948 ³⁴)
2202 912 2238 934 se

1253 955 1399 999 probari
1417 966 1517 998 posse
1532 954 1590 999 3ὖ).
1644 954 1750 987 Vides
1770 955 1886 986 deesse
1904 954 2168 986 conclusionem
2184 949 2239 985 his

1254 1006 1440 1047 exemplis,
1468 1009 1651 1047 praeterea
1685 1003 1792 1034 etiam
1824 1003 1999 1047 quaedam
2024 1015 2096 1036 esse,
2121 1007 2238 1035 assuta

1254 1061 1394 1099 praeter
1410 1066 1497 1086 rem.
1547 1053 1664 1098 Atque
1683 1053 1720 1085 in
1736 1050 1941 1085 huiusmodi
1958 1053 2124 1097 exemplis
2139 1053 2240 1086 facile

1256 1112 1307 1138 est
1333 1105 1452 1137 videre
1479 1104 1655 1136 rationem
1680 1105 1948 1147 componendae
1975 1104 2240 1149 servandaeque

1257 1155 1449 1196 orationis,
1476 1167 1550 1187 non
1576 1155 1683 1187 modo
1700 1155 1893 1199 voluptatis
1911 1167 2034 1195 causa,
2061 1161 2101 1188 ut
2116 1155 2243 1187 modu-

1256 1207 1365 1240 latior
1390 1208 1434 1239 ad
1452 1218 1553 1239 aures
1570 1206 1744 1239 accideret
1762 1205 1896 1246 oratio,
1924 1206 1985 1240 sed
2000 1206 2112 1239 multo
2130 1204 2242 1249 magis

1256 1257 1420 1292 utilitatis
1449 1269 1553 1291 causa
1587 1257 1822 1301 excogitatum
1857 1269 1949 1298 esse,
1983 1257 2065 1303 quia
2096 1268 2134 1289 re
2165 1256 2241 1301 ipsa

1258 1309 1481 1354 experimur,
1531 1320 1733 1342 sermonem
1773 1315 1904 1341 temere
1946 1308 2096 1342 effusum
2139 1318 2244 1351 saepe

1260 1362 1450 1394 obscurum
1474 1372 1558 1394 esse.
1610 1359 1734 1405 Neque
1759 1372 1825 1393 nos
1850 1357 1918 1392 hoc
1943 1359 2022 1392 loco
2056 1371 2119 1399 ea,
2154 1370 2245 1404 quae

1260 1413 1302 1445 de
1326 1411 1484 1446 numeris
1508 1423 1527 1444 a
1553 1411 1729 1445 veteribus
1747 1411 1876 1444 tradita
1892 1417 1992 1451 sunt,
2021 1411 2245 1453 attingemus.

1261 1464 1372 1508 Quae,
1390 1469 1623 1508 posteaquam
1633 1475 1716 1496 usus
1725 1462 1874 1495 Latinae
1885 1462 2026 1506 linguae
2035 1461 2246 1495 vernaculus

1261 1528 1332 1548 esse
1357 1514 1478 1554 desiit,
1506 1513 1655 1558 intelligi
1676 1526 1805 1558 magna
1824 1526 1864 1546 ex
1879 1519 1979 1558 parte
1996 1525 2070 1546 non
2086 1517 2245 1557 possunt,

1260 1567 1320 1600 sed
1343 1566 1412 1598 alia
1441 1565 1615 1610 quaedam
1644 1571 1831 1609 praecepta
1862 1565 1997 1598 leviora
2029 1564 2246 1607 colligemus,

1261 1630 1351 1662 quae.
1374 1623 1494 1649 tamen
1508 1617 1564 1648 vel
1580 1616 1624 1648 ad
1641 1616 1887 1659 intelligendos
1905 1628 1963 1649 eos
1975 1642 1983 1655 ‚
2012 1615 2073 1661 qui
2091 1616 2133 1648 de
2151 1627 2245 1648 com·

1260 1667 1435 1712 positione
1452 1666 1622 1699 orationis
1637 1667 1871 1711 scripserunt,
1898 1667 1953 1699 vel
1972 1667 2016 1699 ad
2033 1677 2246 1709 cognoscen-

1261 1720 1343 1751 dam
1394 1716 1559 1750 imitandi
1606 1717 1784 1750 rationem
1823 1715 1990 1750 nonnihil
2033 1718 2243 1751 conducent.

1262 1770 1358 1814 Quid
1392 1769 1486 1802 enim
1513 1768 1686 1813 profuerit
1721 1770 1764 1801 de
1800 1768 1999 1801 imitatione
2030 1768 2246 1812 praecipere,

1261 1821 1330 1854 nisi
1354 1827 1456 1853 antea
1482 1820 1782 1858 demonstremus,
1811 1832 1900 1864 quae
1924 1819 2072 1853 virtutes
2094 1819 2247 1853 maxime

1904 1869 1968 1904 Est
1996 1876 2114 1904 autem
2142 1870 2245 1904 initio

1263 1987 1342 2019 gere
1361 1974 1515 2019 aliquem
1531 1973 1739 2017 scriptorem
1755 1973 1931 2014 iudicant,
1959 1986 2039 2006 cum
2056 1974 2186 2007 multos
2201 1973 2244 2007 ab

1262 2027 1323 2059 illo
1340 2037 1460 2058 versus
1478 2037 1518 2057 ex
1532 2024 1640 2058 variis
1658 2025 1821 2058 collectos
1831 2024 1929 2065 locis,
1945 2025 2004 2058 ubi
2017 2025 2243 2058 commodum

1263 2135 1323 2161 aut
1348 2127 1583 2161 monstrosius
1601 2127 1747 2171 cogitari
1766 2133 1892 2171 potest.
1944 2127 1993 2161 Ut
2010 2127 2102 2160 enim
2119 2125 2148 2160 si
2166 2125 2244 2171 quis

1235 2204 1237 2221 2
1263 2179 1453 2214 statuarius
1480 2179 1671 2212 transferat
1687 2191 1707 2212 a
1725 2177 1875 2212 Phidiae
1892 2178 2052 2212 Minerva
2067 2177 2112 2225 ³⁶³)
2128 2184 2244 2222 caput,

1297 2313 1344 2342 31)
1366 2313 1465 2342 Quam]
1486 2312 1526 2336 sic
1544 2312 1607 2336 iliae
1620 2312 1722 2344 Editt.;
1740 2311 1812 2342 apud
1823 2311 1891 2337 Ptin.
1909 2311 1928 2335 1.
1946 2310 1964 2336 1.
1986 2309 2040 2342 (ed.
2055 2310 2159 2341 nipone.
2180 2312 2207 2337 T.
2222 2312 2242 2338 1.

1332 2355 1355 2378 p,
1376 2346 1415 2378 5.)
1436 2348 1552 2378 legitur:
1574 2347 1706 2377 quoniam.

1296 2390 1344 2418 32)
1364 2391 1399 2413 M.
1420 2390 1533 2413 Porcius
1560 2390 1627 2414 Cato
1652 2388 1807 2417 Uticensis,
1839 2387 1882 2417 qni
1907 2392 1931 2410 a.
1950 2393 1975 2410 n.
1995 2394 2016 2412 c.
2037 2388 2095 2412 692.
2120 2388 2243 2414 tribunus

1331 2424 1417 2454 plebis
1437 2426 1578 2448 Murenam
1597 2425 1734 2447 consulem
1752 2422 1867 2446 ambitus
1885 2422 2034 2446 accusavit.

1296 2467 1345 2494 33)
1364 2467 1568 2495 adtestabatur]
1589 2467 1637 2492 Ed.
1660 2466 1732 2490 1535.
1751 2466 1859 2495 typogr.
1880 2470 1989 2488 errore:
2009 2465 2176 2491 adstabatur.

1297 2510 1344 2536 34)
1365 2509 1458 2538 iudici]
1479 2509 1518 2533 sic
1537 2509 1605 2532 Piin.
1626 2509 1644 2532 1.
1665 2509 1698 2537 1.;
1716 2508 1781 2530 illae
1800 2506 1900 2530 Editt.:
1920 2507 2013 2531 iudice.

1296 2552 1343 2577 ³5]
1365 2554 1449 2581 Quam
1473 2554 1553 2581 (pr-0:
1585 2551 1723 2581 qnoniam)
1755 2549 1979 2579 plurimum—se
2003 2550 2113 2579 probari
2139 2553 2243 2581 posse]

1330 2587 1397 2610 haee
1424 2587 1507 2609 verba
1536 2588 1599 2609 sunt
1626 2585 1706 2608 Plinii
1731 2584 1842 2607 secundi
1866 2585 1928 2609 hist.
1956 2586 2010 2608 nat.
2029 2585 2046 2608 l.
2066 2586 2085 2608 1.
2110 2585 2166 2611 init.
2185 2587 2241 2614 (ed.

1330 2621 1436 2650 Bipont.
1457 2621 1485 2644 T.
1505 2620 1523 2643 Ι.
1543 2627 1567 2649 p.
1586 2620 1634 2646 5.).

1295 2663 1343 2691 36)
1364 2662 1486 2689 Phidias,
1514 2660 1673 2685 Chai-midae
1692 2660 1764 2683 filius
1783 2660 1976 2691 Atheniensis,
2000 2661 2099 2684 artifex
2119 2656 2242 2685 reicher-

1330 2697 1432 2727 rimus‚
1451 2698 1508 2720 tres
1527 2695 1667 2719 Minervae
1685 2696 1792 2719 statuas
1811 2695 1886 2726 fecit,
1906 2701 2001 2726 nempe
2019 2696 2132 2726 primam
2151 2696 2242 2720 Petie-
