2347 3000
207 127 278 163 539

198 214 332 253 Deum,
369 223 432 245 nec
455 217 536 245 sunt
559 209 638 242 viva
661 207 819 240 membra
847 202 996 242 Christi,
1031 214 1095 235 nec
1120 202 1183 234 do-

197 265 327 298 micilia
347 263 432 303 Dei,
459 264 519 296 sed
540 262 629 294 fiunt
645 259 697 291 rei
716 264 878 290 aeternae
903 266 1039 299 poenae
1063 260 1096 286 et
1121 254 1183 286 ‹lo-

200 316 332 349 micilia
359 314 603 350 diabolorum,
641 310 735 341 iuxta
758 305 843 340 haec
864 306 955 339 dicta
979 306 1031 351 (1.
1049 304 1130 338 Cor.
1149 304 1183 343 6,

200 368 234 401 9.
262 366 352 411 10.);
406 365 523 399 Nolite
556 372 693 399 errare,
745 364 976 396 scortatores,
1019 355 1183 395 adulteri,

202 415 358 457 moechi,
385 417 478 449 sures
498 420 561 447 etc.
584 423 658 444 non
682 410 914 454 possidebunt
936 420 1085 452 regnum
1105 419 1184 440 coe-

382 466 469 499 Item
494 464 544 508 (1.
564 462 687 495 Ioann.
705 462 740 500 3,
757 461 824 504 8.):
862 460 933 505 Qui
958 459 1041 493 facit
1061 470 1184 503 pecca-

617 512 702 545 Item
721 509 942 557 (1.Ti1n‹›th.
962 512 995 550 1,
1015 511 1072 544 18.
1091 509 1182 551 19.);

712 561 845 597 habens
867 564 972 596 sidem
995 568 1028 595 et
1050 562 1183 595 bonam

201 471 329 502 lorum.

198 528 272 553 tum
290 532 330 551 ex
345 517 486 549 diabolo
503 521 564 548 est.

199 571 310 603 Milita
335 570 466 600 bonam
487 565 671 603 militiam,

204 619 467 654 conscientiam.

297 670 482 712 Singulare
505 668 609 699 decus
635 672 685 699 est
706 664 912 709 disciplinae
935 665 1031 709 quod
1052 663 1184 696 Paulus

197 722 330 765 (Galat.
348 721 382 760 3,
400 719 477 764 24.)
496 717 628 763 inquit,
656 717 766 759 legem
785 728 856 749 0550
873 715 1130 759 paedagogiam
1149 714 1184 747 in

198 772 351 806 Christo.
416 770 492 804 Etsi
517 769 610 801 enim
636 768 820 812 disciplina
844 779 917 799 non
945 773 995 800 est
1016 766 1184 799 meritum

197 822 414 857 remissionis
446 827 480 854 et
507 818 824 858 reconciliationis,
860 824 980 851 tamen
1005 818 1047 851 sit
1069 830 1109 850 eo
1135 817 1186 850 di-

198 882 310 914 recta,
351 880 390 907 ut
419 870 581 905 homines
619 871 738 904 doceri
770 869 907 914 possint
931 871 972 901 de
992 869 1083 901 Filio
1107 868 1184 901 Dei.

199 927 302 965 ltem,
331 932 368 958 ut
392 924 503 957 sciant
520 923 650 955 Filium
668 922 734 954 Dei
758 933 831 953 non
856 921 1031 953 efficacem
1055 932 1127 954 esse
1150 920 1187 951 in

199 977 251 1011 his
286 976 347 1022 qui
382 980 612 1019 perseverant
646 974 683 1006 in
716 972 904 1006 sceleribus
940 978 1063 1005 contra
1104 983 1186 1003 con-

199 1028 393 1062 scientiam.

299 1078 491 1123 Quomodo
518 1076 562 1109 sit
584 1074 760 1120 possibilis
785 1073 990 1118 disciplina,
1019 1085 1083 1106 suo
1108 1073 1186 1104 loco

198 1130 375 1175 copiosius
399 1128 547 1165 dicitur,
585 1127 784 1159 libertatem
821 1124 1014 1157 voluntatis
1046 1124 1082 1155 in
1114 1136 1187 1155 non

199 1181 328 1215 renatis
345 1180 520 1225 reliquam
539 1190 629 1217 esse,
657 1184 695 1210 ut
721 1175 831 1220 possit
856 1187 977 1218 regere
1000 1174 1187 1207 locomoti-

198 1246 298 1272 vam,
331 1232 368 1264 id
393 1237 460 1270 est,
501 1229 590 1262 ciere
612 1240 761 1267 nervos,
797 1233 836 1259 ut
859 1233 1003 1259 externa
1025 1226 1185 1258 membra

197 1290 312 1327 gestus
330 1281 485 1315 habeant
501 1279 708 1323 cogitationi
725 1277 974 1311 couvenientes
986 1303 994 1316 ,
1021 1274 1186 1309 utAcliil-

198 1337 244 1368 les
264 1335 415 1378 imperat
433 1332 570 1371 nervis,
597 1337 638 1364 ut
653 1342 780 1363 manus
795 1329 952 1373 gladium
970 1329 1126 1361 condant
1150 1328 1187 1360 in

197 1386 362 1429 vaginam
374 1384 430 1431 ¹¹).
489 1383 572 1418 Non
592 1389 643 1415 est
662 1387 778 1414 autem
800 1381 879 1413 talis
896 1380 1038 1413 libertas
1061 1380 1187 1412 volun-

196 1437 278 1472 tatis
308 1434 506 1474 humanae,
547 1439 586 1467 ut
620 1432 729 1477 possit
765 1432 888 1464 tollere
925 1438 1109 1475 peccatum
1150 1430 1187 1462 in

195 1494 313 1522 mente
332 1493 366 1520 ct
381 1486 507 1525 corde,
535 1485 594 1518 sed
624 1484 696 1528 ipse
712 1483 823 1515 Filius
837 1482 902 1515 Dei
930 1495 992 1527 per
1019 1494 1091 1516 sese
1116 1482 1186 1514 col-

199 1541 308 1584 ligens
332 1544 513 1571 aeternam
533 1535 746 1573 Ecclesiam,
774 1546 859 1566 voce
880 1533 1085 1576 Evangelii,
1115 1534 1187 1566 effi-

197 1603 259 1625 cax
275 1596 325 1623 est
341 1589 449 1622 verbo
468 1600 550 1627 sun,
580 1593 614 1619 et
630 1586 766 1630 Spiritu
782 1590 904 1618 sancto
923 1583 1032 1617 trahit
1055 1590 1089 1617 et
1111 1590 1186 1617 mo—

199 1649 255 1676 vet
272 1641 379 1675 corda
391 1667 400 1680 ‚
425 1646 465 1673 ut
483 1639 527 1671 ad
544 1638 660 1671 Deum
678 1642 944 1669 convertantur.

297 1692 358 1725 Est
376 1691 483 1735 igitur
500 1690 605 1722 etiam
620 1688 657 1720 in
674 1699 747 1720 non
767 1687 899 1720 renatis
915 1685 1062 1719 honesta
1085 1685 1187 1718 disci-

205 1744 299 1788 plina
323 1741 510 1787 possibilis.
564 1741 655 1774 Nam
679 1745 712 1771 et
734 1738 867 1771 Paulus
889 1748 1048 1782 expresse
1072 1737 1187 1769 nomi-

202 1801 264 1828 nat
279 1793 448 1827 iustitiam
465 1791 598 1831 carnis,
627 1802 716 1835 quae
741 1795 791 1822 est
815 1795 957 1822 externa
974 1788 1187 1827 obedientia,

198 1846 305 1879 etiam
322 1845 358 1877 in
374 1856 448 1877 non
464 1842 608 1876 renatis.
662 1840 860 1873 Fatendum
889 1846 939 1873 est
963 1839 1069 1883 igitur
1093 1836 1185 1871 hanc

197 1897 396 1930 libertatem
424 1894 572 1938 regendi
600 1892 855 1925 locomotivam
886 1891 1063 1936 reliquam
1103 1902 1187 1923 esse.

196 1948 280 1981 Vult
304 1947 398 1980 enim
424 1946 519 1979 Deus
543 1945 662 1990 aliquo
686 1944 794 1976 modo
819 1941 967 1986 intelligi
997 1940 1186 1975 discrimen

197 1999 288 2032 inter
310 2010 415 2041 agens
440 1997 591 2029 liberum
617 2002 650 2027 et
674 2006 748 2027 non
768 1994 940 2033 liberum,
973 1999 1013 2026 ut
1037 1992 1188 2026 sciamus

198 2051 311 2094 ipsum
330 2061 401 2082 esse
420 2060 525 2092 agens
547 2045 788 2085 liberrimum,
817 2044 905 2077 sicut
930 2045 966 2076 in
988 2043 1056 2077 illis
1080 2044 1187 2077 versi-

198 2101 283 2134 culis
305 2100 472 2132 dicimus:

279 2160 343 2187 Nec
364 2159 444 2187 Deus
468 2163 511 2185 est
535 2165 641 2184 numen
665 2156 819 2183 Parcarum
842 2162 961 2182 carcere
984 2153 1123 2190 clausum,

279 2206 374 2242 Quale
397 2208 552 2246 putabatur
574 2206 685 2234 Stoicus
708 2213 774 2232 0550
795 2204 876 2231 Deus
893 2202 947 2240 ¹²).

296 2259 341 2293 Et
359 2271 436 2292 cum
453 2257 549 2290 Deus
568 2256 653 2289 velit
670 2267 792 2288 omnes
810 2252 973 2287 homines
990 2253 1095 2286 etiam
1112 2266 1185 2286 non

199 2317 358 2350 renatos,
385 2309 457 2353 regi
474 2308 626 2352 politicis
642 2307 796 2350 legilius,
824 2306 900 2339 vult
916 2318 973 2338 eas
990 2317 1064 2338 non
1083 2318 1185 2349 pror-

198 2375 253 2394 sus
274 2361 413 2394 inutiles
439 2372 523 2393 esse.
583 2358 709 2391 Essent
732 2364 850 2389 autem
875 2357 1034 2396 inutiles,
1068 2357 1096 2390 si
1122 2369 1184 2389 nec

198 2413 329 2444 externi
350 2418 464 2453 gestus
481 2410 554 2454 regi
572 2415 725 2454 possent.
767 2408 878 2452 Saepe
895 2413 1013 2440 autem
1031 2407 1067 2440 in
1087 2414 1182 2440 tanta

199 2464 434 2495 imbecillitate
461 2468 610 2495 naturae
633 2466 774 2493 nostrae
801 2459 948 2491 vincunt
981 2459 1075 2491 caeci
1101 2459 1184 2491 asfe-

197 2521 289 2552 ctus,
326 2520 356 2545 et
381 2513 513 2546 diaboli
537 2511 756 2545 horribiliter
782 2510 995 2543 insidiantur
1020 2510 1183 2543 omnibus

228 2641 275 2667 1¹)
295 2640 371 2663 Hom.
390 2638 420 2661 ll.
435 2638 456 2661 1.
475 2638 525 2662 219
540 2645 579 2668 sq.

230 2690 274 2719 12)
296 2690 371 2713 (tons,
398 2688 559 2711 Cudwortlii
590 2691 714 2718 systema
747 2687 951 2717 intellectuale,

261 2723 408 2747 Mostiemio
430 2729 502 2746 νει-5.
522 2729 545 2746 c.
563 2723 584 2747 1.
605 2723 628 2752 S.
643 2723 666 2746 3.
688 2722 753 2752 125.

989 2693 1005 2711 a
1035 2688 1072 2713 lo.
1099 2688 1182 2711 Laut.

776 120 897 154 I’lllL.
932 117 1043 151 MLL.
1078 115 1279 150 sctttt'TA
1314 115 1648 151 I'lllLOLOGICA.

2149 117 2223 153 540

1235 200 1458 242 hominibus,
1487 210 1525 236 ut
1543 215 1602 236 eos
1626 202 1812 246 impellant
1836 201 1871 233 in
1896 207 1985 234 tetra
2011 203 2162 243 scelera,
2189 212 2223 238 et

1237 260 1418 286 aeternum
1446 255 1611 293 exitium,
1647 254 1725 286 ideo
1749 266 1814 286 nos
1840 253 1876 285 in
1899 252 2052 285 Ecclesia
2077 254 2223 297 diligen-

1236 305 1304 338 tius
1323 305 1585 338 consideremus
1603 305 1878 337 imbecillitatem
1902 310 2069 345 naturae,
2097 311 2130 338 ct
2152 305 2224 338 dia-

1236 356 1309 388 boli
1332 357 1488 395 furores,
1523 362 1555 388 et
1583 356 1826 399 confugiamus
1852 356 1895 387 ad
1920 355 2049 387 Filium
2072 355 2157 395 Dei,
2193 362 2226 388 et

1236 414 1396 451 petamus
1433 406 1602 439 auxilium
1620 433 1628 446 ,
1681 407 1769 439 sicut
1802 406 1912 440 Filius
1947 406 2012 439 Dei
2051 407 2226 450 promittit

1237 458 1338 503 (Luc.
1360 459 1417 497 11,
1438 457 1530 502 15.);
1570 457 1714 502 Quanto
1740 458 1850 500 magis
1867 457 1965 490 dabit
1979 457 2087 490 Pater
2111 464 2227 491 vester

1238 510 1394 543 coelestis
1412 509 1581 553 Spiritum
1600 514 1759 541 sanctum
1783 509 1993 552 petentibus.

1340 561 1397 593 Fit
1427 560 1533 603 igitur
1562 559 1746 603 disciplina
1777 559 1888 602 magis
1909 559 2104 603 possibilis,
2145 571 2225 592 cum

1239 613 1409 644 accedunt
1443 611 1626 644 conversio
1659 611 1704 642 ad
1727 610 1842 642 Deum
1868 616 1901 642 et
1927 622 2009 642 vcra
2035 611 2226 650 invocatio,

1239 670 1321 696 tunc
1349 664 1453 695 ctiam
1480 661 1565 695 haec
1589 661 1769 704 diligentia
1794 660 1940 703 regendi
1962 673 2098 699 mores,
2126 673 2226 704 prae-

1239 715 1375 747 lucente
1386 714 1477 746 Filio
1488 713 1553 745 Dei
1566 740 1574 753 ,
1602 720 1636 746 et
1652 713 1718 745 fide
1737 719 1769 744 et
1786 713 1933 744 ducente
1943 711 2077 755 Spiritu
2093 718 2228 752 sancto,

1239 765 1410 798 virtutum
1435 765 1644 797 interiorum
1668 761 1848 796 inchoatio
1873 769 1943 801 est,
1983 769 2015 795 ct
2040 774 2128 806 opus
2151 761 2227 796 Deo

1240 817 1400 861 placens,
1442 816 1535 848 iuxta
1571 813 1638 848 lioc
1670 815 1801 847 dictum
1836 813 1958 858 (Rom.
1982 813 2020 853 8,
2047 814 2139 860 13.):
2191 813 2228 847 Si

1240 868 1395 901 actiones
1412 867 1526 900 carnis
1543 867 1677 911 Spiritu
1696 865 1971 904 rnortisicabitis,
1999 865 2142 905 vivetis,
2169 865 2230 899 ubi

1240 919 1371 952 Paulus
1403 918 1538 951 erudite
1572 918 1739 951 discernit
1761 915 1937 949 ethnicam
1960 916 2183 960 disciplinam
2208 928 2228 949 a

1241 968 1443 1003 christiana.
1497 966 1791 1013 Bellerophontes
1804 968 1846 1012 ¹3)
1865 968 2002 1000 ratione
2027 968 2137 1000 vincit
2155 968 2228 1001 ille-

1241 1022 1361 1054 cebras
1377 1020 1534 1053 mulieris
1546 1047 1555 1060 ,
1582 1032 1673 1065 quae
1690 1019 1818 1051 invitat
1835 1031 1914 1051 eum
1934 1019 1977 1051 ad
2003 1019 2229 1053 adulterium.

1240 1070 1365 1115 loseph
1381 1071 1488 1104 xincit
1506 1083 1578 1103 non
1596 1077 1732 1103 tantum
1754 1069 1911 1109 ratione,
1939 1070 1999 1102 sed
2022 1070 2134 1103 multo
2155 1082 2230 1103 ma-

1241 1123 1291 1166 gis
1316 1124 1477 1154 frenante
1503 1134 1581 1154 cum
1602 1121 1692 1153 Filio
1710 1120 1777 1153 Dei
1799 1132 1863 1164 per
1886 1121 2033 1153 verbum
2063 1127 2097 1153 et
2120 1121 2230 1165 Spiri-

1241 1179 1316 1206 tum
1344 1180 1525 1213 sanctum,
1573 1173 1710 1205 lucente
1739 1172 1776 1204 in
1798 1177 1915 1204 mente
1941 1171 2121 1215 agnitione
2147 1184 2230 1206 vera

1240 1223 1326 1263 Dei,
1355 1231 1388 1257 et
1407 1224 1544 1258 assidue
1568 1223 1718 1268 repetita
1746 1222 1971 1255 invocatione
1992 1223 2068 1256 Dei.
2128 1223 2231 1257 Hunc

1241 1276 1422 1308 custodem
1445 1275 1621 1308 Ecclesiae
1648 1274 1779 1307 Filium
1803 1273 1871 1306 Dei
1905 1285 2136 1317 agnoscamus
2169 1276 2230 1321 qui

1240 1326 1327 1358 dixit
1346 1325 1486 1371 (loann.
1507 1327 1565 1365 10,
1581 1324 1677 1370 28.);
1712 1325 1826 1359 Nemo
1844 1325 1959 1368 rapiet
1977 1337 2059 1358 oves
2075 1337 2171 1360 meas
2191 1339 2231 1361 ex

1240 1377 1404 1411 manibus
1423 1377 1529 1417 meis,
1553 1377 1615 1422 qui
1631 1376 1824 1410 certissime
1840 1376 1989 1419 depellet
2005 1377 2048 1409 ab
2065 1377 2232 1411 invocan-

1241 1429 1333 1462 tibus
1351 1429 1465 1473 ipsum
1477 1456 1486 1469 ,
1519 1428 1680 1461 diabolos
1696 1428 1939 1467 insidiatores,
1968 1434 2001 1460 et
2019 1429 2124 1461 addet
2140 1429 2231 1464 vires

1240 1480 1473 1512 imbecillitati
1488 1486 1642 1519 nostrae,
1665 1485 1698 1512 et
1714 1491 1919 1525 quanquam
1938 1479 2038 1511 initia
2056 1480 2135 1513 fidei
2150 1488 2232 1514 sunt

1241 1531 1364 1575 exigua
1383 1537 1416 1564 et
1431 1531 1616 1575 languida:
1645 1537 1765 1563 tamen
1781 1531 1924 1563 accedat
1941 1531 2078 1564 assidua
2096 1532 2231 1575 petitio,

1240 1582 1335 1615 iuxta
1355 1583 1553 1626 exemplum
1572 1582 1609 1614 in
1619 1581 1742 1614 Marco
1754 1581 1910 1626 (9‚24.):
1940 1582 2053 1614 Credo
2065 1582 2230 1623 Domine,

1240 1634 1299 1666 sed
1314 1645 1418 1676 opem
1433 1634 1485 1665 ser
1502 1632 1736 1665 imbecillitati
1751 1644 1862 1666 meae.
1894 1632 1939 1665 Et
1958 1633 2150 1667 exuscitent
2166 1646 2229 1668 nos

1241 1685 1285 1716 ad
1314 1681 1378 1716 has
1404 1684 1593 1728 petitiones
1623 1684 1715 1716 dicta
1738 1682 1821 1715 Filii
1845 1682 1912 1715 Dei
1934 1683 2035 1728 (Luc.
2054 1684 2112 1725 11,
2140 1686 2230 1730 13.):

1241 1734 1384 1779 Quanto
1408 1735 1520 1778 magis
1535 1734 1826 1779 Pater-coelestis
1851 1734 1948 1767 dabit
1964 1734 2135 1779 Spiritum
2152 1748 2230 1770 san-

1241 1792 1334 1818 ctum
1354 1786 1567 1830 petentibus.

1319 1878 1437 1924 Quid
1473 1877 1667 1911 differat
1702 1876 1952 1922 disciplina
1987 1889 2006 1911 a
2038 1890 2147 1923 ⁸,vera

1644 1934 1827 1962 Virtute.

1341 2005 1544 2039 Discrimen
1574 2005 1780 2049 disciplinae
1803 2012 1837 2039 et
1859 2018 1963 2039 verae
1985 2006 2125 2042 virtutis
2148 2008 2231 2041 saci-

1239 2056 1307 2090 lius
1323 2056 1471 2101 intelligi
1486 2062 1654 2101 possunt,
1683 2069 1761 2090 cum
1787 2057 1945 2101 exempla
1969 2057 2168 2100 intuemur,
2195 2066 2229 2093 et

1241 2108 1277 2140 in
1295 2109 1342 2142 eis
1363 2121 1484 2142 causas
1506 2108 1710 2152 aspicimus:
1739 2114 1779 2141 ut
1803 2108 1839 2141 in
1865 2109 1978 2142 beatis
2001 2110 2067 2143 erit
2092 2110 2228 2154 integra

1241 2166 1275 2192 et
1293 2172 1375 2192 vera
1395 2160 1506 2193 virtus
1518 2186 1527 2200 ‚
1555 2159 1637 2205 quia
1654 2159 1750 2193 Deus
1768 2160 1835 2192 erit
1851 2160 1971 2193 omnia
1991 2161 2026 2193 in
2051 2161 2226 2195 omnibus.

1239 2210 1301 2244 Est
1332 2210 1438 2255 igitur
1468 2211 1527 2243 lux
1558 2212 1745 2244 ostendeus
1768 2210 1904 2251 Deum,
1940 2218 1974 2244 ct
1994 2224 2048 2245 res
2075 2212 2227 2246 efficiens

1240 2262 1526 2295 conformitatem
1545 2274 1624 2295 cum
1640 2262 1738 2302 Deo,
1766 2262 1802 2295 id
1821 2269 1889 2302 cst,
1918 2274 1999 2295 vera
2017 2262 2128 2297 virtus
2152 2263 2226 2307 ipse

1239 2313 1351 2354 Deus,
1380 2319 1411 2346 et
1428 2319 1509 2347 sunt
1530 2314 1656 2346 deinde
1683 2314 1717 2345 in
1741 2311 1885 2346 homine
1909 2313 1998 2346 radii
2023 2313 2114 2348 illius
2141 2314 2226 2349 lucis

1239 2371 1271 2397 ct
1290 2364 1454 2397 flammae.
1480 2371 1577 2397 ortae
1603 2378 1620 2397 a
1638 2364 1734 2405 Deo,
1764 2378 1853 2410 quae
1878 2364 1983 2397 etiam
2007 2377 2088 2397 vcra
2116 2365 2226 2400 virtus

1238 2416 1418 2448 nominari
1440 2422 1606 2460 possunt,
1642 2428 1722 2448 cum
1746 2415 1816 2449 sint
1838 2415 1978 2449 effectus
1996 2415 2061 2448 Dei
2086 2416 2122 2449 in
2144 2417 2223 2450 bea-

1272 2552 1318 2579 1³)
1338 2551 1576 2581 Bellerophontes,
1597 2550 1708 2577 Glauci.
1728 2549 1929 2574 corinthiorum
1949 2549 2040 2580 regis,
2066 2549 2154 2578 tilius,
2179 2549 2223 2573 Si-

1304 2586 1384 2615 syphi
1412 2592 1513 2616 nepos,
1546 2586 1633 2608 fratre
1654 2585 1759 2614 occiso,
1790 2585 1823 2607 ad
1844 2585 1987 2611 Proetum.
2018 2584 2222 2614 Tirynthiorum

1304 2626 1414 2651 regem,
1434 2620 1519 2650 sugit,
1545 2619 1620 2642 cuius
1639 2624 1708 2642 uxor
1726 2619 1814 2642 Antea
1834 2618 1908 2649 (vel,
1928 2618 2095 2648 Apollodoro
2109 2618 2141 2650 11,
2155 2618 2181 2648 3,
2199 2619 2220 2641 1.

1303 2655 1432 2680 auctore,
1452 2651 1635 2683 stheneboea)
1654 2658 1747 2676 amore
1765 2653 1824 2676 eius
1843 2653 1993 2683 flagrabat,
2016 2652 2064 2676 sed
2083 2652 2222 2682 repudiata

1302 2688 1380 2711 salsis
1399 2687 1631 2711 criminationibus
1648 2693 1708 2710 eum
1727 2687 1930 2710 insectabatur.
1957 2687 2010 2711 vid.
2031 2687 2108 2711 liom.
2127 2687 2156 2710 ΙΙ.
2175 2686 2220 2716 vt,

1304 2722 1353 2745 154
1366 2728 1423 2752 sqq.
