2347 3000
51 151 126 187 613
543 147 569 183 Ι.

44 233 191 282 oluff),
219 241 341 268 contra
359 246 438 274 eos,
458 232 519 278 qui
538 244 616 265 cum
634 238 777 276 possent
795 232 963 265 nolebant
978 232 1030 264 di-

43 298 120 319 cere
139 286 379 319 testimonium
391 311 399 326 ‚
424 284 512 318 sicut
527 295 621 316 nunc
639 284 680 316 de
698 284 863 327 cogendis
886 283 1029 316 testibus

43 337 120 369 iura
139 337 326 370 constituta
345 341 444 376 sunt,
471 334 553 380 quia
570 335 712 380 utrique
731 341 812 367 sunt
828 335 969 374 iniusti,
997 340 1031 366 et

45 387 106 433 qui
129 389 255 421 salsum
285 386 424 425 dicunt,
467 392 501 419 et
532 386 592 430 qui
623 385 810 419 veritatem
842 386 1029 425 occultant,

45 452 124 472 cum
142 450 218 471 eam
236 437 365 477 sciant,
391 436 479 470 sicut
498 443 532 470 et
548 434 706 470 Christus
731 449 804 468 non
830 437 943 470 solum
969 448 1030 479 op-

44 496 295 533 pugnatorem,
331 488 390 521 sed
418 488 523 520 etiam
549 488 846 521 dissimulatorem
872 486 1029 520 veritatis

45 542 189 572 damnat
207 538 308 585 (Luc.
326 539 384 579 11,
400 538 497 585 23.):
527 539 598 585 Qui
621 550 695 571 non
722 538 856 582 colligit
879 550 1029 577 mecum,

45 590 224 633 dispergit.

338 672 567 706 Vicesima
594 679 730 706 sexta.

145 738 331 771 Accusatio
356 734 584 785 παρανόμων
594 738 640 784 6⁵³)
664 737 785 782 ignota
812 742 862 770 est
881 735 1030 775 Latinis,

45 802 124 823 cum
142 795 324 823 accusatur
344 790 390 829 is,
420 789 479 833 qui
496 789 608 831 legem
625 795 686 821 aut
703 789 881 821 decretum
899 798 1031 831 propo-

45 841 114 875 suit
144 840 359 873 contrarium
385 839 563 883 prioribus
580 839 729 883 receptis
749 838 895 882 legibus.
947 836 1029 869 Ideo

46 898 163 924 autem
178 890 264 923 haec
287 891 401 922 forma
430 902 562 922 nornen
587 891 681 934 apud
700 888 848 922 Latinos
872 900 945 921 non
968 886 1031 920 ha-

45 943 123 982 bet,
158 941 239 987 quia
262 941 399 984 privata
422 940 538 984 legum
562 941 713 973 mutatio
730 940 867 973 Romae
892 952 1031 972 accusa-

46 994 151 1025 batur
167 992 313 1024 crimine
332 991 443 1024 laesae
465 991 730 1037 maiestatisffl’),
765 991 854 1024 sicut
878 1002 972 1023 nunc
995 990 1031 1021 in

46 1042 199 1077 Ecclesia
225 1042 371 1074 crimine
397 1039 594 1075 haereseos.
662 1041 769 1074 Attici
793 1054 877 1074 vero
903 1042 1031 1084 gradus

45 1094 160 1137 legum
179 1093 433 1132 distinxerunt,
461 1104 500 1125 ac
526 1093 718 1126 xviolantem
741 1104 870 1126 nervos
892 1091 1032 1135 religio-

81 1205 129 1240 67')
147 1210 232 1234 Meter
257 1211 284 1233 et
308 1210 412 1234 schum.
437 1210 456 1233 l.
477 1211 495 1234 1.
522 1217 547 1240 p⁴
563 1210 614 1235 672
627 1216 684 1241 sq.‚
717 1209 900 1235 WVachsmufli
924 1208 976 1235 1.1.
1000 1208 1031 1233 11.

116 1253 142 1275 p.
157 1246 233 1275 266.,
261 1245 341 1268 Petit.
354 1245 402 1276 tv,
420 1244 445 1268 7.
464 1251 489 1275 p.
503 1245 562 1269 357.

81 1296 129 1324 68)
148 1290 234 1319 Meier
249 1296 275 1319 et
286 1295 391 1319 sellom.
410 1295 455 1318 1.1.
473 1302 497 1325 p.
507 1295 557 1319 252
568 1301 637 1325 sqq„
655 1295 747 1319 136th
765 1295 811 1320 1.1.
823 1295 843 1319 1.
862 1294 1034 1326 p.408.411.,

117 1330 197 1353 Petit.
214 1330 247 1360 11,
270 1330 291 1352 ι.
310 1336 336 1359 p.
353 1330 409 1352 109.
435 1329 482 1359 111,
502 1330 526 1353 2.
546 1336 570 1359 p.
589 1330 648 1353 255.

81 1381 130 1409 69)
151 1381 214 1405 Scit.
249 1386 282 1403 ex
311 1380 373 1411 lege
404 1379 474 1404 Iulia.
508 1380 540 1404 de
569 1380 733 1412 maiestate,
771 1381 843 1405 conf.
867 1379 936 1405 Reiu
967 1379 987 1405 1.
1014 1380 1033 1404 l.

118 1415 210 1445 p.515
223 1421 282 1444 sqq.

204 1499 278 1530 'ota-

620 145 989 182 PROLEGOMENA
1023 145 1071 181 IN
1106 143 1293 178 OFFICIA
1326 144 1585 181 CICERONIS.

1997 152 2070 188 614

1082 230 1136 264 nis
1154 237 1214 264 aut
1233 231 1372 275 imperii
1384 258 1393 271 ,
1421 232 1632 265 accusabant
1648 232 1701 265 vel
1717 232 1917 281 εἲςαγγελίᾳ
1928 236 1971 281 ⁷⁰)
1984 265 1992 277 ,
2016 240 2069 272 vel

1083 282 1304 315 accusatione
1329 281 1573 328 ἀσξβείαςῃ);
1612 285 1672 317 sed
1698 284 1927 319 violationem
1953 288 2069 331 legum

1082 333 1292 366 inferiorum
1323 334 1582 366 transferebant
1606 336 1649 367 ad
1672 332 1763 367 hanc
1791 337 2069 380 vulgatissimam

1083 384 1341 416 accusationem
1359 381 1601 430 παρανόμων,
1632 398 1699 430 qua
1721 388 1978 423 condemnatus
1996 398 2071 423 erat

1084 440 1219 467 tantum
1239 434 1399 473 insaniis,
1428 448 1500 467 non
1519 436 1746 469 adficiebatur
1774 438 1915 481 capitali
1938 442 2071 484 suppli-

1083 484 1149 519 cio.
1212 485 1261 517 Ut
1286 483 1451 528 Ctesipho
1477 493 1658 520 accusatur
1682 488 1725 519 ab
1747 487 1938 529 Aeschine,
1975 494 2071 536 quod

1083 536 1262 568 decretum
1278 536 1431 575 fecisset,
1457 543 1496 568 ut
1514 535 1745 570 Demostheni
1764 546 1844 572 ante
1865 541 1993 575 relatas
2018 555 2072 575 ra-

1083 586 1196 619 tiones
1215 587 1488 618 decernerentur
1506 585 1659 621 honores
1670 588 1727 634 72).

1183 636 1339 669 Econtra
1364 643 1544 671 accusatus
1573 638 1722 679 iniuste,
1763 646 1903 683 poterat
1933 654 2071 677 accusa-

1083 693 1196 720 torem
1215 687 1367 720 vicissim
1385 699 1547 720 accusare
1565 689 1882 736 ovxocpazsrt'ccg73)‚
1911 699 1948 725 ut
1965 707 2071 738 supra

1083 738 1254 778 diximus,
1289 745 1328 772 ut
1356 739 1392 771 in
1416 737 1492 771 iure
1509 739 1675 772 Romano
1701 752 1741 772 ex
1761 741 2071 779 Senatusconsulto

1084 789 1297 833 Turpiliano
1330 789 1410 822 licet
1444 801 1606 823 accusare
1646 791 1960 834 calumniatorem,
2012 797 2072 842 qui

1085 842 1340 873 condemnatus
1360 840 1500 873 infamis
1517 847 1577 874 est.
1631 841 1699 874 Sed
1718 848 1816 875 vetus
1832 845 1998 879 severitas
2018 860 2073 880 ca-

1084 891 1335 923 lumniatorem
1371 891 1407 923 in
1438 903 1540 924 causa
1567 891 1709 936 capitali
1744 894 1867 927 eodem
1900 897 2072 940 supplicio

1085 942 1305 985 puniendum
1335 941 1488 981 censuit,
1524 955 1594 988 quo
1618 944 1773 978 adfectus
1799 951 1886 978 esset
1910 948 2074 982 adversa-

1084 1005 1157 1026 l'lus
1169 1019 1177 1033 ,
1205 993 1231 1026 si
1248 993 1429 1026 convictus
1447 999 1546 1026 esset.

1119 1082 1165 1113 70)
1187 1082 1354 1117 εἰςαγγελίᾳ]
1378 1084 1462 1110 Editt.
1485 1083 1646 1116 εἰςαγγελιά.
1671 1099 1705 1105 --

1154 1118 1235 1141 tertia
1253 1119 1401 1144 accusatio,

1119 1159 1166 1191 71)
1185 1161 1248 1185 Vid.
1268 1168 1351 1191 supra
1370 1169 1393 1191 p.
1411 1161 1470 1185 5⁹7.
1490 1161 1577 1191 prima.
1595 1162 1741 1186 accusatio.

1121 1202 1167 1230 72)
1188 1201 1335 1232 Ctesiphon
1353 1203 1534 1233 Leosthenis,
1562 1204 1780 1236 Anaphlystius,
1806 1207 1839 1229 ob
1863 1206 1999 1232 decretam
2019 1210 2073 1233 De-

1154 1237 1289 1260 mostheni
1308 1243 1437 1261 coronam
1455 1243 1565 1261 auream
1585 1239 1618 1261 ab
1630 1239 1764 1262 Aeschine
1782 1243 1927 1264 accusatus
1948 1246 1998 1272 est,
2018 1246 2074 1267 Ar-

1154 1271 1252 1293 chonte
1279 1271 1456 1299 Gnaei-ouda,
1488 1271 1541 1296 vid.
1568 1273 1721 1302 Aesehynis
1746 1275 1835 1297 oratio
1861 1278 1957 1300 contra
1982 1279 2073 1302 Ctesi-

1155 1305 1281 1334 phontem
1308 1307 1334 1328 et
1361 1305 1551 1329 Demosthenis
1577 1306 1609 1330 de
1633 1312 1735 1331 corona
1761 1308 1860 1339 p.243,
1882 1310 1921 1334 12.
1951 1311 2011 1341 266,
2034 1313 2074 1338 1⁷.

1158 1339 1197 1361 cd.
1216 1339 1327 1362 lteiske.

1117 1379 1165 1406 73)
1186 1380 1388 1410 συκοφαντίας]
1408 1380 1447 1403 sic
1460 1380 1542 1404 Editt.
1560 1381 1635 1406 1551.
1651 1383 1677 1404 et
1692 1382 1782 1413 1554.;
1808 1384 1878 1408 Edit.
1896 1386 1970 1411 1546.
1990 1395 2074 1413 συκο-

1153 1415 1295 1446 φιενιείιες.
1313 1426 1348 1434 ν-«
1390 1414 1468 1438 Cous.
1488 1421 1572 1445 supra
1590 1422 1615 1445 p.
1632 1416 1691 1441 603.
1712 1418 1809 1441 octava
1827 1422 1974 1445 accusatio.

1758 1085 1836 1110 Cous.
1860 1094 1943 1118 supra
1968 1097 1993 1121 p.
2013 1091 2072 1118 599.

328 1500 402 1528 Huic
425 1499 571 1529 collationi
593 1500 622 1528 in
645 1501 818 1529 editionibus
841 1500 1029 1539 singularibus
1054 1497 1167 1534 1546,
1192 1498 1283 1529 1551.
1307 1506 1336 1528 et
1360 1497 1452 1528 1554.
1474 1500 1504 1527 in
1527 1501 1586 1528 fine
1609 1509 1754 1529 annexum
1779 1509 1836 1531 est:
1873 1506 2074 1546 „Exemplum

51 1542 129 1580 quod
151 1549 249 1571 monet
273 1552 330 1570 non
354 1549 466 1571 temere
489 1543 639 1571 mutandas
663 1552 728 1572 esse
751 1544 851 1580 leges,
889 1552 963 1581 quae
992 1544 1074 1580 gravi
1096 1542 1199 1569 iudicio
1224 1543 1361 1570 maiorum
1386 1548 1539 1579 receptae,
1573 1548 1603 1571 et
1631 1549 1732 1580 postea
1762 1546 1848 1583 longo
1871 1557 1921 1576 usu
1943 1559 2075 1588 compro-

51 1586 138 1613 batae
160 1591 237 1613 sunt.

293 1585 339 1612 Ex
361 1585 565 1613 Demosthenis
589 1586 719 1614 oratione
742 1592 842 1614 contra
864 1584 1085 1613 Timocratem)

1089 1584 1095 1597 ’
1145 1583 1178 1612 In
1200 1585 1336 1612 Editione
1360 1585 1493 1622 principe
1518 1584 1609 1615 1546.
1633 1586 1699 1613 huic
1720 1587 1917 1626 „Exemplo”
1938 1592 2074 1622 adiuncta

50 1633 110 1655 est:
146 1627 284 1664 „Solonis
307 1627 419 1664 elegia,
453 1629 538 1656 citata
561 1636 578 1654 a
600 1628 815 1663 Demosthene,
852 1628 889 1656 de
912 1629 1019 1662 causis,
1051 1635 1126 1665 quae
1149 1626 1286 1654 adferunt
1310 1627 1431 1654 exitium
1455 1629 1569 1664 reguis,
1607 1633 1637 1656 et
1659 1630 1770 1665 maguis
1794 1631 1970 1671 civitatibus,
2005 1645 2075 1664 con-

49 1677 135 1696 versa
156 1679 172 1696 a
193 1669 296 1706 Philip.
320 1668 499 1704 Melanth.”,
529 1678 603 1707 quae
625 1670 653 1697 in
676 1670 765 1698 Editt.
783 1669 876 1699 1551.
900 1676 930 1698 et
954 1669 1046 1699 1554.
1070 1669 1173 1696 omissa
1197 1674 1250 1697 est.

51 1719 97 1738 res
119 1720 238 1748 graecos
260 1720 277 1738 a
299 1711 368 1740 Mel.
392 1717 550 1740 enarratos.
572 1728 614 1732 —

50 1754 224 1781 accusationi
245 1754 390 1790 septimae
413 1762 529 1782 annexa
551 1758 620 1782 sunt
642 1753 733 1783 llaec:

155 1812 283 1854 Optime
299 1817 408 1845 autem
429 1814 510 1846 socii
531 1811 666 1859 (ῆι-74)]
703 1813 809 1857 Quod
825 1812 869 1846 sit
893 1819 1037 1846 natura-

51 1860 94 1894 lis
110 1861 256 1894 societas
274 1868 307 1894 et
321 1862 499 1895 adiunctio
515 1860 654 1895 homini
670 1864 713 1896 ad
725 1861 904 1896 hominem
923 1870 1038 1897 osten-

53 1912 106 1945 dit
122 1912 195 1956 ipsa
210 1919 337 1945 natura
356 1913 392 1945 in
408 1913 686 1958 propagatione,
720 1914 802 1959 quia
820 1927 911 1948 unus
928 1912 1037 1947 homo

53 1975 127 1995 non
144 1963 254 2006 gignit
270 1961 471 2004 hominem,
499 1970 533 1996 et
551 1976 673 1998 omnes
695 1965 890 1998 multorum
917 1965 1038 1998 officiis

53 2013 263 2058 indigemus.
317 2014 479 2047 Ostendit
503 2014 587 2047 item
611 2015 884 2048 communicatio
906 2028 1039 2049 sermo-

53 2065 121 2098 nis.
173 2065 241 2097 Sed
266 2065 418 2098 maxime
443 2065 576 2099 illustre
601 2066 843 2099 testimonium
865 2073 899 2100 et
919 2067 1040 2100 vincu-

54 2115 128 2149 lum
154 2122 204 2149 est
227 2116 282 2148 lex
298 2115 365 2148 Dei
388 2114 531 2161 (Matth.
551 2115 609 2157 19,
634 2116 726 2162 19.):
764 2117 896 2161 Diliges
921 2117 1040 2162 proxi-

53 2179 152 2199 mum
171 2172 271 2200 tuum
289 2167 377 2200 sicut
395 2173 427 2199 te
444 2167 571 2211 ipsum.
629 2167 683 2200 Ex
700 2166 767 2201 hoc
789 2169 886 2201 fonte
910 2169 1041 2201 scilicet

56 2217 152 2262 quod
184 2223 313 2250 natura
345 2224 397 2251 est
424 2216 563 2251 homini
596 2219 640 2251 ad
662 2216 824 2251 homines
847 2219 1039 2259 adiunctio,

56 2267 215 2313 sequitur
238 2269 398 2301 doctrina
425 2269 467 2301 de
490 2269 622 2314 duplici
648 2270 862 2313 obligatione
886 2270 1041 2303 naturali

59 2323 93 2350 et
110 2318 213 2352 civili.
266 2320 446 2353 Naturalis
471 2320 639 2364 obligatio
667 2320 840 2364 praecipit
864 2321 979 2363 egenti
1004 2321 1041 2353 in

57 2369 261 2403 necessitate
280 2371 452 2414 praestari
469 2372 587 2404 onmia
605 2371 925 2412 communicabilia,
951 2384 1040 2417 quae

60 2419 133 2452 sine
151 2420 279 2453 damno
299 2422 555 2455 communicari
574 2428 731 2466 possunt.
784 2423 911 2456 Postea
931 2423 1041 2456 civilis

62 2470 230 2513 obligatio
248 2469 356 2505 habet
375 2473 481 2506 etiam
497 2486 577 2507 suos
596 2473 736 2517 gradus.

98 2571 146 2599 7⁴)
165 2571 258 2594 Verba
278 2570 332 2595 Cic.
353 2571 384 2596 de
404 2572 473 2599 offic.
489 2571 510 2603 1,
533 2571 573 2603 16,
593 2572 651 2603 50,‚
674 2570 718 2596 ubi
736 2571 824 2595 autem
843 2576 892 2601 pro
911 2569 985 2595 socii
1002 2570 1044 2594 le-

130 2606 204 2636 gitur
224 2606 355 2631 societas.

1302 1669 1360 1696 Has
1383 1669 1454 1697 duas
1478 1670 1657 1707 appendices
1681 1670 1846 1700 referemus
1870 1674 1946 1703 inter
1972 1684 2074 1706 aucto-

663 1712 696 1739 In
719 1712 855 1750 Prolegg.
877 1713 1074 1740 accusationes
1098 1711 1326 1740 Vin—XXVI.
1350 1721 1414 1739 cum
1437 1713 1647 1749 appendicibus
1670 1712 1794 1752 desunt,
1828 1724 1987 1756 earumque
2012 1720 2073 1749 loco

1419 1821 1666 1854 Fortitudo
1685 1821 1742 1867 ⁷⁵).

1189 1895 1252 1929 Est
1267 1897 1378 1930 virtus
1395 1896 1652 1941 propugnatrix
1669 1896 1826 1932 veritatis
1854 1905 1887 1932 et
1908 1899 2075 1942 iustitiae,

1088 1945 1243 1979 retinens
1260 1948 1463 1980 firmitatem
1482 1948 1517 1979 in
1534 1947 1636 1980 rectis
1652 1949 1833 1983 sententiis
1855 1956 1887 1982 et
1912 1953 2074 1996 proposi-

1090 1998 1133 2031 tis
1151 1997 1187 2029 in
1204 2004 1321 2031 mente
1340 2005 1374 2031 et
1391 1999 1592 2038 voluntate,
1621 2003 1654 2031 et
1678 1996 1810 2033 habens
1828 2001 1938 2034 robur
1955 2004 1999 2035 ad
2017 2005 2075 2037 de-

1090 2048 1252 2093 pellenda
1284 2050 1475 2084 contraria.
1541 2049 1606 2082 Vel
1636 2050 1808 2084 fortitudo
1847 2058 1897 2085 est
1928 2054 2075 2088 firmitas

1091 2099 1219 2140 cordis,
1240 2112 1330 2145 quae
1346 2101 1485 2134 ratione
1502 2101 1647 2145 regitur,
1673 2107 1706 2133 et
1721 2102 1850 2135 retinet
1864 2103 1982 2138 firmas
1999 2118 2075 2138 sen-

1092 2151 1230 2191 tentias,
1256 2157 1290 2183 et
1307 2151 1343 2184 in
1359 2152 1562 2186 defensione
1578 2151 1736 2186 veritatis
1756 2159 1788 2185 et
1805 2154 1959 2187 iustitiae
1976 2169 2075 2200 prae-

1090 2201 1170 2234 liari
1186 2207 1320 2245 potest,
1357 2209 1390 2235 et
1413 2205 1545 2247 perfert
1571 2204 1717 2236 adversa
1742 2204 1817 2237 sine
1843 2205 2075 2248 turpitudine,

1091 2264 1134 2284 ne
1165 2252 1250 2297 quid
1274 2253 1335 2285 fiat
1360 2261 1482 2287 contra
1506 2254 1662 2299 aliquam
1688 2255 1873 2294 virtutem,
1915 2263 1948 2288 et
1970 2255 2075 2291 babet

1092 2302 1317 2343 adiumenta,
1352 2317 1412 2338 seu
1437 2303 1578 2338 heroica
1609 2306 1725 2345 dona,
1764 2318 1825 2339 seu
1846 2307 1882 2338 in
1908 2304 1981 2347 his,
2015 2309 2076 2353 qui

1091 2353 1205 2386 Deum
1225 2360 1317 2386 recte
1335 2354 1523 2396 invocant,
1546 2356 1717 2399 Spiritum
1741 2363 1920 2396 sanctum,
1949 2371 2018 2402 quo
2045 2366 2077 2392 et

1092 2403 1295 2448 agnoscitur
1318 2405 1432 2447 Deus,
1472 2413 1506 2440 et
1534 2407 1685 2440 refertur
1708 2407 1907 2441 obedientia
1933 2410 1978 2441 ad
2006 2410 2079 2454 glo-

1092 2456 1181 2487 riam
1199 2454 1277 2488 Dei.

1128 2569 1176 2597 75)
1196 2568 1251 2592 cic.
1272 2569 1304 2592 de
1322 2569 1393 2594 offic.
1407 2569 1427 2600 1,
1444 2570 1488 2595 23,
1506 2570 1547 2594 eo.

1597 2569 1625 2593 ln
1645 2569 1772 2602 Protegg.
1791 2570 1833 2595 hic
1851 2570 1927 2595 locus
1947 2571 1987 2596 sic
2006 2572 2079 2597 indi-

1165 2605 1256 2627 catur:
1283 2604 1360 2628 Folio
1377 2604 1419 2629 2⁴.

1489 2770 1570 2806 39*
