2347 3000
231 131 278 166 27

231 215 321 249 tatis.
374 214 510 248 Deinde
537 215 674 248 etiamsi
698 227 771 248 non
797 215 1002 248 accederent
1026 214 1094 247 alia
1118 226 1213 246 com-

229 268 333 300 moda
347 293 355 306 ,
383 273 502 299 tamen
521 267 698 300 assuefieri
716 268 758 299 ad
777 265 984 299 methodum
1006 265 1128 307 iugens
1145 265 1213 297 uti-

230 318 309 351 litas
333 324 394 351 est.
445 318 637 351 Exercitati
660 318 696 350 in
721 316 788 350 hoc
813 329 957 360 genere,
986 316 1138 348 sormam
1162 315 1213 347 vi-

229 371 314 401 dent
340 369 536 413 explicandi
559 369 726 408 virtutes,
753 368 893 401 collatio
912 366 1017 398 etiam
1038 365 1133 398 utilis
1151 372 1212 406 est,

231 433 309 453 cum
336 426 573 459 monstratur,
602 426 775 465 quatenus
799 416 986 451 conveniat
1009 414 1211 450 Christiana

230 471 391 503 doctrina
424 484 502 504 cum
534 468 778 515 philosophia,
821 474 993 513 quatenus
1024 480 1097 501 non
1130 480 1212 501 con-

231 522 359 556 veniat.
413 522 481 555 Sed
506 522 591 554 illud
617 520 744 553 xiderit
762 517 986 563 Theologus,
1012 531 1056 552 ne
1078 519 1213 552 incom-

231 574 334 606 mode
360 573 505 606 misceat
529 585 605 604 eam
629 577 785 615 partem,
813 582 903 615 quae
919 569 1106 614 Evangelii
1130 583 1212 615 pro-

231 625 306 669 pria
341 630 410 663 est,
439 636 516 656 cum
539 621 592 655 his
619 621 778 654 civilibus
803 622 1123 666 disputationibus,
1151 622 1212 655 sed

230 674 418 708 discrimen
442 674 626 717 utriusque
652 673 763 717 partis
791 679 929 713 teneat,
958 679 992 706 et
1016 679 1212 714 conservet,

229 726 322 771 quod
349 725 462 769 ipsum
486 724 621 758 facilius
646 723 779 768 poterit
808 724 941 764 facere,
968 724 997 758 si
1020 731 1212 770 utrumqne

229 789 335 819 genus
351 782 445 808 recte
469 775 577 809 norit.
630 775 818 809 Postremo
834 775 864 809 si
884 775 1033 809 delectat
1050 782 1085 809 et
1106 776 1210 820 digna

228 834 279 860 est
296 827 398 859 bouis
415 827 603 866 mentibus,
629 827 783 870 cognitio
801 833 961 867 naturae,
978 840 1213 871 gemmarum,

229 877 439 917 herbarum,
491 879 748 919 animantium,
790 884 953 911 motumn
995 879 1212 913 coelestium.

228 930 372 975 Quanto
399 930 509 973 magis
536 930 731 973 expetenda
755 936 805 963 est
827 929 982 973 cognitio
1007 937 1213 964 nostrorum

228 981 432 1014 animorum
457 988 489 1013 et
516 994 638 1015 earum
661 994 801 1021 rerum,
829 994 919 1027 quae
935 983 1070 1014 suntin
1085 989 1213 1016 natura

229 1032 551 1077 praestantissimae
579 1039 612 1064 et
639 1030 920 1076 pulcherrimae,
948 1033 1098 1074 scilicet,
1127 1047 1214 1079 quo-

228 1085 335 1117 modo
355 1090 482 1117 natura
504 1084 577 1128 ipsa
595 1096 660 1116 nos
680 1085 723 1116 ad
740 1084 909 1117 virtutem
925 1092 1047 1126 vocet,
1075 1091 1108 1118 et
1127 1098 1214 1131 quo-

230 1136 336 1168 modo
371 1135 441 1168 sint
464 1135 656 1179 impressae
681 1135 854 1169 virtutum
886 1148 1011 1169 causae
1037 1137 1215 1170 mentibus

227 1185 392 1220 humanis
417 1192 450 1219 et
472 1186 640 1227 notitiae,
670 1199 760 1232 quae
784 1194 1001 1231 pepererunt
1026 1200 1148 1221 omnes
1167 1189 1215 1221 le-

228 1250 286 1282 ges
316 1238 517 1277 civitatum,
554 1244 587 1272 et
612 1238 813 1282 gubernant
840 1238 962 1272 onmia
988 1237 1137 1273 honesta
1164 1240 1215 1272 os-

229 1289 316 1323 ficia.

230 1398 328 1443 Quid
346 1401 499 1433 interest
517 1399 616 1431 inter
633 1398 734 1444 leges
753 1401 1057 1445 mayistratuum,
1074 1409 1216 1444 parae-

286 1461 429 1494 neticos
453 1455 593 1491 libellos
621 1460 659 1490 et
685 1459 856 1503 integras
880 1457 1157 1502 disputationes

523 1515 851 1561 philosophorum?
866 1515 912 1561 12)

329 1591 438 1634 Leges
475 1589 746 1634 magistratuum
783 1596 817 1624 et
852 1590 1070 1635 paraenetici
1104 1591 1215 1624 libelli

230 1643 414 1677 continent
437 1642 533 1674 nuda
558 1649 746 1686 praecepta
774 1642 850 1675 sine
877 1642 990 1676 causis
1016 1649 1050 1675 et
1064 1642 1214 1675 rationi-

228 1698 305 1729 bus.
358 1694 404 1727 At
425 1691 653 1737 philosophia
680 1693 820 1738 quaerit
839 1694 1161 1727 demonstrationes
1181 1701 1214 1727 et

229 1758 350 1780 causas
374 1745 666 1790 praeceptionum
697 1745 734 1777 in
758 1752 886 1779 natura
915 1745 1063 1790 positas;
1090 1752 1129 1779 ut
1153 1758 1213 1779 au-

229 1806 299 1832 tem
327 1797 363 1829 in
388 1796 464 1829 aliis
489 1796 622 1829 artibus
644 1797 801 1840 primum
826 1809 985 1830 summae
1011 1797 1212 1838 traduntur,

229 1861 319 1895 quae
346 1848 529 1880 continent
551 1845 593 1882 τὸ
610 1845 682 1888 ὅτι,
711 1854 833 1892 postea
852 1861 976 1881 causae
993 1855 1214 1894 quaeruntur

229 1913 289 1934 seu
307 1896 419 1943 διότι,
448 1899 495 1931 ita
515 1899 550 1931 in
570 1899 731 1931 doctrina
749 1900 790 1932 de
806 1899 966 1933 moribus
983 1901 1126 1944 prodest
1141 1901 1212 1945 pri-

228 1964 326 1985 mum
361 1950 493 1983 discere
530 1951 771 1994 paraeneticos
811 1951 969 1990 libellos,
1012 1952 1125 1997 qualis
1162 1959 1214 1985 est

229 2001 416 2048 praecipue
441 2002 658 2045 Decalogus,
694 2002 820 2035 deinde
846 2003 905 2036 alii
932 2001 1036 2036 huius
1063 2004 1212 2047 generis,

229 2061 266 2087 nt
285 2053 431 2086 Hesiodi
451 2059 511 2085 aut
526 2051 731 2098 Phocylidis
746 2053 803 2100 13).
854 2054 982 2087 Postea
1005 2055 1141 2089 facilius
1160 2056 1212 2088 in-

230 2105 434 2149 telliguntur
455 2105 788 2138 demonstrationes.
841 2105 909 2139 Sed
936 2112 975 2138 ut
999 2104 1040 2140 τὸ
1060 2104 1115 2141 ὅτι
1137 2119 1211 2139 ma-

228 2158 279 2200 gis
313 2156 548 2199 intelligatur,
593 2158 755 2188 accedere
793 2156 837 2189 ad
872 2156 1073 2190 doctrinam
1109 2159 1213 2191 debet

230 2208 405 2253 quaedam
429 2207 585 2240 liberalis
610 2207 789 2247 educatio,
819 2214 853 2240 et
875 2209 1081 2241 assuefactio
1101 2209 1212 2242 conti-

228 2271 314 2292 nens
332 2259 443 2291 multa
460 2258 637 2298 exercitia,
662 2265 700 2291 ut
715 2270 798 2292 usus
815 2265 917 2292 acuat
932 2259 1073 2300 iudicia,
1091 2273 1212 2306 quem-

229 2311 421 2343 admodum
447 2316 481 2342 et
497 2310 601 2343 Plato
626 2310 758 2355 inquit:
795 2309 948 2355 Oportet
973 2311 1091 2344 statim
1120 2324 1138 2345 a
1163 2318 1212 2345 te-

229 2361 322 2394 neris
342 2366 434 2393 recte
453 2361 639 2395 assuefieri.
693 2360 768 2394 [mo
787 2367 820 2394 et
838 2362 893 2394 lex
912 2362 1032 2395 divina
1049 2370 1212 2408 propter-

229 2425 265 2445 ea
301 2411 457 2445 continet
488 2424 560 2444 non
591 2413 699 2445 modo
731 2412 831 2445 varia
861 2414 1045 2454 exercitia,
1082 2415 1212 2449 multas

227 2462 463 2501 ceremonias,
492 2464 551 2496 sed
575 2464 680 2496 etiam
706 2464 846 2497 additae
865 2471 946 2498 sunt
964 2477 1101 2509 poenae
1120 2467 1211 2511 poli—

262 2590 305 2616 ¹2>
326 2588 400 2618 Quia
418 2588 538 2612 interest
554 2599 585 2604 —
597 2588 845 2620 philosophorum]
867 2590 916 2613 Ed.
932 2590 1005 2614 1538.
1033 2591 1108 2621 Quid
1122 2591 1214 2616 inter-

296 2625 337 2647 est
362 2624 441 2647 inter
460 2623 534 2652 leues
553 2622 799 2655 ΠΙαμίείνιιίιιιιηι,
827 2625 855 2649 et
876 2625 1091 2656 Philosophiam
1111 2627 1213 2651 Mora-

295 2658 365 2686 lem,
387 2663 436 2681 seu
456 2656 667 2687 παραινετικοὺς
687 2658 809 2682 libellos.

264 2701 308 2727 ¹13]
328 2699 485 2729 Phoc-slidis
506 2700 532 2722 iu
552 2701 619 2723 urbe
638 2700 731 2723 Mileto
753 2701 824 2731 nati,
845 2702 959 2733 gnomiei
975 2704 1081 2734 poetae,
1102 2709 1214 2733 operum

298 2735 406 2757 nonnisi
426 2735 579 2764 fragmenta
602 2736 758 2764 supersunt.

499 128 700 163 SCRIPTA
726 128 800 164 PH.
833 128 945 164 MEL.
971 128 1035 162 AD
1062 128 1273 163 ETHICEN
1302 127 1367 162 ET
1394 128 1650 166 POLITICEN
1679 130 1988 167 SPECTANTIA.

2204 133 2251 168 28

1266 214 1374 255 ticae,
1403 221 1437 249 et
1460 216 1678 250 calamitates
1703 229 1909 251 communes
1932 215 2069 261 generis
2091 214 2252 258 humani,

1267 266 1393 311 quibus
1414 266 1509 300 Deus
1530 280 1595 302 nos
1613 269 1781 301 admonet
1798 275 1831 302 et
1848 266 2022 309 cohercet,
2050 269 2139 301 sicut
2155 268 2253 302 Psal-

1265 329 1343 350 mus
1374 317 1459 361 (32,
1483 317 1534 363 9.)
1564 319 1684 358 docet,
1717 317 1808 352 hanc
1843 332 1914 353 esse
1943 332 2105 359 causam,
2142 332 2252 364 qnare

1265 367 1360 400 Deus
1391 368 1513 410 generi
1543 366 1700 402 humano
1739 375 1854 403 tantas
1890 371 2107 404 calamitates
2139 371 2254 415 impo-

1265 418 1389 452 suerit:
1426 417 1467 451 In
1493 416 1619 452 chamo
1647 426 1682 453 et
1703 420 1803 454 freno
1831 422 1993 456 maxillas
2021 435 2145 456 eorum
2171 434 2254 456 con·

1266 469 1453 512 stringens.

1517 554 1608 594 Quis
1630 557 1689 588 est
1711 551 1801 601 finis
1823 553 2011 592 hominis?

1368 619 1546 653 Hactenus
1580 621 1765 665 prooemia
1799 623 2010 657 tradidimus
2036 625 2078 658 de
2105 622 2172 657 hoc
2198 635 2254 668 ge-

1265 683 1350 704 nere
1375 672 1578 712 doctrinae,
1603 679 1644 705 ut
1666 672 1888 706 discernatur
1913 675 1957 707 ab
1980 673 2194 719 Evangelio,
2220 681 2254 708 et

1266 723 1416 767 intelligi
1441 723 1553 767 possit
1576 729 1750 769 quatenus
1774 725 2000 768 probandum
2025 725 2088 766 sit,
2115 732 2149 759 et
2166 738 2253 771 quas

1266 772 1397 808 habeat
1415 775 1597 808 utilitates.
1636 775 1739 810 Nunc
1759 776 1871 820 ipsam
1890 777 2091 810 doctrinam
2109 774 2254 810 inchoa-

1266 838 1355 860 mus.
1416 825 1480 859 Est
1503 832 1619 859 autem
1644 826 1759 870 prima
1791 827 1951 872 quaestio
1978 829 2020 861 de
2044 828 2134 868 fine,
2169 827 2253 873 quia

1266 877 1356 911 sicut
1388 875 1533 922 physica
1565 878 1706 922 quaerit
1731 878 1816 912 alias
1848 891 1969 912 causas
1994 877 2168 919 hominis,
2204 879 2253 912 ita

1266 927 1494 973 philosophia
1514 929 1660 962 moralis
1676 929 1820 974 proprie
1839 931 1978 974 quaerit
1995 932 2037 963 de
2054 931 2122 963 fine
2138 927 2253 963 horni-

1266 980 1337 1013 nis:
1375 992 1457 1024 ergo
1495 980 1539 1013 ad
1573 986 1738 1014 naturam
1776 979 1932 1015 hominis
1969 982 2252 1026 cognoscendam

1268 1044 1356 1076 opus
1380 1038 1432 1065 est
1454 1031 1561 1064 etiam
1581 1032 1744 1064 doctrina
1761 1032 1909 1072 morali,
1938 1033 2021 1077 quia
2041 1032 2178 1077 integra
2196 1044 2254 1065 co-

1268 1083 1380 1126 gnitio
1404 1083 1588 1116 cuiuslibet
1611 1083 1679 1123 rei,
1708 1089 1881 1128 quantum
1907 1084 1984 1116 sieri
1999 1090 2132 1129 potest,
2154 1083 2254 1127 flagi-

1268 1140 1318 1166 tat
1335 1134 1603 1179 inquisitionem
1625 1135 1785 1168 omnium
1806 1147 2004 1170 causarum,
2056 1135 2195 1168 Deinde
2219 1141 2253 1168 et

1268 1185 1354 1218 illud
1379 1184 1534 1218 hominis
1560 1185 1690 1218 eruditi
1715 1192 1784 1225 est,
1821 1183 1888 1219 hoc
1910 1186 1988 1219 loco
2015 1186 2253 1227 considerare,

1269 1237 1365 1281 quod
1391 1236 1552 1268 doctrina
1577 1236 1724 1269 moralis
1749 1236 1885 1270 oriatur
1909 1250 1950 1270 ex
1966 1235 2140 1283 physicis,
2168 1237 2251 1282 quia

1269 1288 1313 1318 ad
1336 1284 1500 1330 physicos
1523 1286 1678 1329 primum
1703 1288 1858 1330 pertinet
1880 1289 2040 1332 quaestio
2066 1290 2108 1322 de
2134 1300 2251 1323 causa.

1268 1337 1318 1369 Ut
1336 1336 1443 1380 igitur
1459 1337 1500 1369 de
1523 1337 1599 1369 aliis
1616 1337 1721 1370 rebus
1743 1344 1777 1370 et
1795 1338 2035 1373 animantibus
2053 1340 2251 1373 necessario

1269 1388 1512 1433 quaerendum
1533 1394 1583 1420 est
1600 1388 1642 1420 de
1660 1389 1741 1427 fine,
1769 1401 1830 1422 seu
1847 1390 1889 1421 de
1906 1402 1984 1430 usu,
2007 1402 2069 1423 seu
2085 1391 2130 1423 ad
2147 1402 2252 1435 quem

1267 1452 1371 1472 usum
1400 1439 1471 1472 sint
1499 1451 1554 1471 res
1582 1439 1762 1479 conditae,
1798 1439 1846 1472 ita
1870 1441 1912 1473 de
1936 1438 2093 1474 humano
2125 1453 2253 1485 genere

1267 1490 1420 1523 maxime
1438 1491 1680 1535 quaerendum
1698 1496 1765 1529 est,
1794 1492 1837 1523 ad
1856 1503 1960 1536 quern
1976 1504 2079 1525 usum
2096 1498 2130 1525 et
2145 1493 2252 1526 finem

1267 1539 1352 1574 haec
1369 1547 1551 1585 praestans
1573 1547 1700 1574 natura
1720 1542 1860 1574 condita
1879 1542 1933 1576 sit.
1976 1542 2071 1576 Haec
2090 1543 2250 1588 quaestio

1267 1593 1310 1626 de
1336 1593 1404 1625 fine
1428 1599 1478 1625 cst
1501 1592 1641 1625 initium
1665 1590 1912 1638 philosophiae
1937 1594 2095 1628 moralis.
2146 1594 2252 1628 Unde

1267 1650 1385 1677 autem
1411 1650 1508 1677 ortae
1537 1643 1609 1677 sint
1638 1643 1873 1678 dissensiones
1900 1645 1992 1677 inter
2019 1643 2251 1690 philosophos

1266 1696 1308 1728 de
1327 1696 1394 1728 fine
1408 1722 1417 1735 ,
1444 1701 1565 1739 postea
1583 1696 1820 1730 ostendemus.
1870 1695 2034 1730 Primum
2050 1697 2144 1730 enim
2163 1697 2249 1743 quid

1265 1747 1488 1780 sentiendum
1515 1746 1560 1780 sit
1584 1746 1644 1786 iis,
1672 1747 1734 1792 qui
1757 1753 1849 1780 recte
1874 1753 1908 1780 et
1933 1748 2068 1781 erudite
2092 1745 2250 1793 philoso-

1265 1796 1441 1843 phantur,
1468 1797 1692 1832 constituam.
1747 1798 1836 1831 Cum
1859 1796 2086 1844 philosophia
2102 1800 2250 1834 moralis

1265 1850 1310 1884 sit
1332 1862 1413 1894 pars
1436 1849 1522 1893 legis
1539 1849 1626 1889 Dei,
1653 1856 1693 1883 ut
1718 1861 1826 1894 supra
1850 1850 1984 1883 dictum
2005 1857 2076 1890 est,
2103 1863 2248 1895 prorsus

1265 1901 1359 1934 idem
1382 1900 1460 1934 finis
1484 1907 1535 1934 est
1557 1898 1714 1933 hominis
1731 1902 1923 1935 secundum
1945 1901 2058 1945 legem
2077 1902 2249 1942 divinam,

1266 1959 1300 1986 et
1315 1953 1508 1986 secundum
1524 1964 1644 1985 reram
1662 1950 1940 1997 philosophiam,
1962 1953 2125 1986 videlicet
2140 1965 2249 1997 agno-

1265 2016 1361 2038 scere
1387 2004 1522 2043 Deum,
1549 2003 1651 2049 eique
1678 2004 1842 2044 obedire,
1870 2010 1904 2037 et
1927 2003 1999 2037 eius
2017 2004 2168 2048 gloriam
2187 2017 2248 2049 pa-

1266 2056 1414 2088 tefacere
1442 2061 1475 2087 et
1502 2055 1698 2095 illustrare,
1726 2061 1759 2087 et
1782 2055 1874 2088 tueri
1896 2055 2100 2089 societatem
2123 2053 2248 2089 huma-

1265 2119 1349 2142 nam
1371 2112 1518 2151 propter
1542 2106 1670 2140 Deum.
1723 2106 1869 2139 Homini
1897 2107 1990 2140 enim
2010 2107 2179 2152 impressa
2197 2113 2248 2141 est

1265 2158 1382 2201 imago
1406 2157 1489 2198 Dei,
1525 2164 1563 2191 ut
1588 2157 1624 2190 in
1649 2170 1688 2190 ea
1715 2158 1830 2191 luceat
1854 2164 1887 2191 et
1911 2165 2122 2202 agnoscatur
2139 2157 2246 2192 Deus.

1264 2208 1385 2253 Imago
1409 2209 1503 2242 enim
1523 2209 1625 2241 debet
1651 2210 1835 2242 ostendere
1854 2207 2097 2254 archetypum.
2149 2207 2244 2253 Ergo

1264 2260 1343 2294 finis
1365 2259 1520 2293 hominis
1546 2266 1596 2293 est
1623 2272 1811 2304 agnoscere
1829 2260 1967 2301 Deum,
1995 2267 2028 2293 et
2049 2261 2245 2304 patefacere

1266 2312 1339 2345 eius
1362 2312 1523 2356 gloriam.
1576 2311 1672 2345 Sicut
1700 2318 1818 2345 autem
1838 2312 1927 2345 aliae
1948 2317 2096 2345 naturae
2113 2309 2246 2345 habent

1266 2375 1362 2397 acres
1388 2369 1420 2396 et
1445 2364 1602 2407 ingentes
1625 2363 1775 2406 impetus
1796 2364 1840 2396 ad
1858 2375 1938 2405 suos
1954 2363 2056 2403 fines,
2082 2362 2172 2396 sicut
2186 2363 2244 2396 Sol

1266 2415 1310 2447 ad
1345 2415 1603 2448 conficiendum
1641 2427 1743 2448 suum
1783 2414 2015 2454 curriculum,
2060 2414 2244 2448 celerrimo

1265 2472 1367 2500 motu
1391 2466 1547 2510 rapitur,
1576 2466 1622 2498 ita
1641 2466 1677 2497 in
1701 2463 1903 2498 hominibus
1927 2465 2085 2509 oportuit
2103 2478 2175 2498 esse
2191 2478 2244 2499 ar-

1267 2518 1490 2551 dentissimos
1512 2524 1628 2550 motus
1657 2518 1701 2549 ad
1725 2517 1979 2561 assequendum
2006 2514 2097 2549 hunc
2127 2518 2244 2557 finem,

1266 2569 1302 2601 id
1326 2576 1394 2607 est,
1418 2571 1458 2602 ad
1486 2568 1647 2601 notitiam
1667 2568 1732 2601 Dei
1757 2567 2021 2607 illustrandam,
2048 2568 2140 2601 etad
2163 2569 2245 2601 obe-

1266 2621 1433 2653 diendum
1467 2620 1556 2653 Deo.
1616 2620 1689 2654 lNec
1726 2619 1873 2661 cogitari
1904 2618 2093 2663 quicquam
2129 2626 2244 2663 posset

1265 2670 1446 2715 pulchrius
1466 2671 1525 2704 tali
1543 2677 1668 2703 natura
1687 2668 1855 2709 hominis,
1882 2670 1909 2703 si
1930 2670 1964 2702 in
1982 2682 2021 2702 ea
2038 2670 2171 2703 luceret
2187 2672 2243 2703 fir-

1265 2736 1323 2756 ma
1352 2730 1384 2756 et
1413 2722 1556 2756 illustris
1579 2721 1703 2755 notitia
1731 2722 1772 2754 de
1790 2720 1884 2760 Deo,
1912 2727 1945 2754 et
1966 2727 2142 2754 constaret
2163 2719 2243 2755 har-
