2347 3000
72 144 113 177 81
633 135 658 172 1.
691 133 1040 171 PHILOSOPHIAE
1068 130 1279 167 MORALIS
1303 129 1530 165 EPITOME.

70 240 168 261 casus
186 224 351 259 nonnihil
370 224 595 258 inflectendas
612 235 696 263 esse,
725 229 845 255 tamen
862 222 988 254 modus
1008 226 1058 253 est

71 279 145 312 eius
162 278 230 318 rei,
259 276 439 316 videlicet,
465 275 526 309 ubi
543 282 593 308 est
610 274 795 319 perspicua
813 279 846 306 et
863 271 1057 317 probabilis

68 330 179 363 ratio:
207 329 285 362 ideo
308 326 507 371 Imperator
533 326 569 359 iu
599 325 756 359 obscuris
776 324 934 357 materiis
959 323 1057 356 iussit

69 381 185 425 legum
202 386 235 413 et
254 379 442 424 aequitatis
460 377 751 411 diiudicationem
772 377 815 409 ad
834 388 869 409 se
886 375 1021 408 referri.

169 455 325 499 Quando
350 459 507 490 excusat
528 459 697 489 erratum
716 449 954 501 iyizorantia?

170 522 356 556 Humanae
380 523 472 567 leges
497 522 651 566 puniunt
682 519 883 554 voluntaria
915 517 1054 557 delicta,

67 573 316 607 involuntariis
337 586 490 618 poenam
518 579 579 607 aut
610 585 753 616 prorsus
780 577 840 604 aut
866 582 994 613 magna
1013 582 1053 602 ex

68 631 168 670 parte
186 625 383 659 remittunt.
435 624 481 658 Et
505 626 547 657 de
571 622 625 657 bis
649 623 810 656 civilibus
834 621 975 654 delectis
1001 620 1052 652 di-

68 677 173 710 citur:
219 683 400 720 peccatum
438 688 509 709 non
555 687 626 709 esse
646 674 691 719 18)
732 679 935 718 peccatum,
985 671 1051 705 nisi

67 734 156 761 esset
184 727 439 761 voluntarium.
499 726 587 760 Cum
623 725 717 759 enim
751 725 843 769 leges
872 721 1050 757 humanae

65 781 248 819 ferantur,
285 785 323 812 ut
354 776 566 811 coherceant
594 774 775 815 homines,
812 787 851 808 ea
886 774 1050 819 puniunt,

67 842 158 875 quae
186 829 301 862 caveri
333 835 498 873 possunt,
533 828 697 861 videlicet
720 826 935 860 voluntaria.
994 824 1050 858 In-

67 881 218 914 tuendae
243 886 324 913 sunt
343 880 450 923 igitur
472 891 596 913 causae
623 879 853 918 delictorum,
887 877 1049 910 videlicet

68 932 234 965 iudicium
260 938 294 964 et
310 932 485 965 voluntas.
536 929 718 963 Interdum
741 929 862 963 iudicii
880 941 981 962 error
996 928 1048 960 in-

65 982 167 1022 cidit,
197 981 257 1027 qui
284 989 333 1016 est
358 982 572 1026 ignorantia.
624 981 807 1014 Interdum
832 980 996 1013 voluntas
1014 979 1048 1011 vi

66 1033 268 1078 impeditur.
322 1034 389 1067 Sed
407 1034 562 1077 primum
579 1034 621 1066 de
638 1032 840 1077 ignorantia
858 1031 1047 1065 dicendum

64 1092 126 1119 est.
179 1084 317 1128 Duplex
335 1091 386 1118 est
403 1084 624 1129 ignorantia,
651 1084 718 1117 alia
736 1083 840 1124 iuris,
869 1083 937 1116 alia
952 1082 1048 1121 facti,

63 1143 103 1169 ut
120 1136 247 1180 ,regula
276 1136 408 1181 inquit:
443 1135 646 1180 Ignorantia
671 1135 755 1168 facti
783 1146 857 1168 non
883 1134 969 1168 iuris
992 1146 1048 1166 ex-

65 1194 173 1221 cusat.
226 1186 295 1220 Sed
320 1185 401 1221 huic
425 1188 565 1231 regulae
590 1187 752 1220 addenda
769 1193 820 1220 est
837 1185 1047 1230 interpreta-

64 1239 126 1272 tio.
179 1238 270 1272 Nam
292 1250 406 1284 neque
423 1250 561 1282 semper
578 1244 718 1271 excusat
734 1238 816 1270 sacti
834 1236 1047 1279 ignorantia,

64 1296 97 1322 et
115 1289 344 1322 discernenda
366 1295 417 1322 est
434 1289 520 1323 iuris
539 1288 752 1332 ignorantia.
804 1287 966 1320 Primum
985 1286 1047 1329 igi-

64 1347 122 1373 tur
154 1340 335 1374 sciendum
365 1346 434 1380 est,
471 1340 650 1372 neminem
684 1351 810 1372 sanum
846 1350 884 1370 ea
921 1343 1046 1375 aetate,

65 1402 154 1435 quae
187 1390 342 1424 iudicare
373 1397 509 1434 potest,
544 1389 701 1423 excusari
732 1388 933 1432 ignorantia
960 1387 1046 1420 iuris

65 1441 248 1476 naturalis.
312 1440 394 1474 Ideo
430 1440 547 1486 inquit
580 1440 805 1479 Aristoteles,
849 1438 1045 1471 excusabile

64 1504 154 1531 esse,
188 1492 216 1525 si
245 1491 322 1537 quis
349 1498 442 1524 erret
469 1491 506 1523 in
530 1492 683 1535 legibus,
716 1488 784 1523 hoc
808 1495 876 1529 est,
910 1489 946 1521 in
969 1489 1044 1522 iure

63 1542 227 1587 positivo.
281 1542 412 1575 Verum
437 1554 510 1574 non
529 1554 600 1575 esse
625 1541 839 1581 excusabile,
867 1539 989 1585 siquis
1008 1540 1044 1572 in

62 1605 103 1626 eo
122 1593 197 1626 iure
216 1599 328 1633 erret,
353 1595 449 1638 quod
468 1593 539 1638 ipse
555 1600 658 1626 vocat
673 1592 842 1636 primum,
864 1591 900 1624 id
919 1597 981 1631 est,
1008 1591 1044 1623 in

61 1644 215 1677 naturali
231 1644 318 1678 iure.
370 1645 425 1678 Ad
441 1646 592 1678 eundem
608 1645 755 1677 modum
772 1642 973 1687 ignorantia
992 1641 1043 1675 iu-

61 1695 110 1729 ris
142 1695 255 1728 divini
281 1702 432 1730 excusat.
491 1696 584 1731 Nam
611 1702 645 1729 et
667 1696 722 1728 lex
744 1694 890 1728 moralis
916 1700 967 1727 est
990 1693 1043 1726 ius

61 1753 222 1786 naturae,
238 1753 277 1780 ut
293 1759 398 1791 supra
418 1747 550 1781 dictum
562 1754 622 1782 est.
649 1746 787 1779 Deinde
798 1747 839 1779 de
850 1745 1042 1789 Evangelio

61 1798 421 1832 extatseverissin‘lum
433 1805 661 1843 praeceptum
679 1797 743 1830 toti
763 1797 901 1841 generis
918 1794 1043 1829 huma-

62 1861 107 1882 no
119 1849 300 1888 traditum,
312 1849 385 1894 ipsa
403 1862 487 1883 voce
506 1849 641 1883 aeterni
658 1848 849 1894 patris,qui
866 1848 988 1893 inquit,
1000 1849 1041 1881 de

63 1898 203 1934 Christo
216 1899 317 1946 (Luc.
336 1901 371 1941 9,
387 1899 482 1947 35.):
511 1901 576 1934 Hic
592 1907 642 1934 est
656 1901 746 1934 filius
762 1910 860 1933 meus
879 1899 1040 1932 dilectus:

61 1950 156 1985 hunc
188 1951 318 1985 audite.
370 1951 469 1986 Iubet
489 1965 611 1986 omnes
634 1950 813 1985 Christum
839 1962 1040 1995 agnoscere,

61 2009 95 2035 et
112 2002 184 2036 eius
200 2002 407 2036 beneficium
424 2003 593 2048 accipere.
634 2001 788 2048 Ideoque
806 2002 1039 2045 Evangelium

61 2054 104 2087 de
124 2051 263 2087 Christo
279 2066 439 2098 sparsum
456 2061 506 2088 est
522 2055 558 2087 in
581 2061 694 2088 totum
712 2054 834 2087 orbem
852 2060 1040 2086 terrarum.

61 2105 250 2140 Neminem
286 2104 393 2148 igitur
428 2112 568 2139 excusat
609 2105 810 2149 ignorantia
845 2104 1040 2148 Evangelii.
1077 2140 1082 2144 ,

62 2155 250 2190 Caeterum
269 2167 387 2188 sacrae
403 2156 524 2189 literae
540 2157 728 2190 discrimen
748 2156 893 2201 aliquod
908 2155 1041 2189 faciunt

62 2207 155 2240 inter
178 2219 256 2247 eos,
285 2207 345 2252 qui
373 2214 518 2251 peccant
541 2208 706 2247 scientes,
734 2214 767 2241 et
784 2207 882 2247 illos,
907 2207 969 2252 qui
990 2207 1040 2239 la-

61 2259 195 2292 buntur
224 2258 438 2301 ignorantia.
496 2258 564 2292 Sed
594 2265 712 2292 tamen
741 2258 944 2303 ignorantes
966 2270 1040 2290 non

130 2364 197 2389 quae
216 2357 328 2381 Michael
347 2356 481 2386 Ephesius
506 2355 545 2380 sic
569 2356 701 2386 explicat:
727 2353 759 2381 οὐ
777 2355 832 2389 γάρ
850 2355 880 2380 ἐκ
898 2355 978 2380 λείων
1000 2355 1040 2380 λί-

129 2394 190 2417 θων
209 2391 254 2415 καὶ
275 2392 338 2418 ἴσως
356 2390 562 2421 συντιθεμένων
580 2389 625 2414 καὶ
645 2388 880 2423 ιῖπευθυνομὲνων
904 2389 918 2420 ἦ
937 2390 1040 2414 καλου-

129 2427 198 2460 μένη
217 2426 333 2456 Λέσβιος
353 2423 482 2456 οἰκοδομή
495 2422 668 2457 ᾠκοδομεῖτο.
687 2423 791 2456 εἰςοχιὶς
807 2423 861 2457 γάρ
880 2423 925 2448 καὶ
944 2424 1041 2456 ἐξοχάς

131 2461 243 2492 ἔχοντας
262 2459 323 2487 τούς
341 2459 434 2486 λίθου,-
453 2460 494 2490 (οἱ
507 2459 634 2490 Λέσβιοι)
654 2456 824 2492 ᾠκοδόμουν.
845 2459 910 2491 (vid.
924 2460 1039 2484 Aristot.

132 2495 218 2519 Ethic.
236 2495 335 2519 Nicom.
356 2495 417 2518 libri
436 2494 469 2518 X,
490 2495 531 2519 ed.
552 2494 580 2518 C.
600 2495 628 2519 L.
648 2494 780 2519 Michetet.
813 2495 861 2518 Ed.
879 2495 904 2519 2.
930 2494 993 2518 Vol.
1007 2495 1039 2519 11.

134 2529 267 2558 [Berotini
293 2529 382 2557 1548]
408 2536 431 2558 p.
452 2529 531 2559 195.).
574 2529 706 2552 Erasmus
732 2528 825 2552 noter.
851 2535 883 2552 ex
907 2529 955 2552 hoc
979 2529 1039 2552 loco

131 2564 255 2593 adagium
274 2564 396 2593 procudit
414 2563 499 2593 Adag.
526 2563 551 2593 l,
577 2563 608 2592 5,
633 2563 674 2587 93.
703 2562 758 2593 (ed.
778 2562 871 2586 Coton.
893 2563 966 2586 1540.
993 2563 1037 2586 sot.

132 2604 157 2628 p.
179 2596 265 2628 160.):
291 2598 395 2622 Lesbia
418 2598 535 2627 reyulct,
563 2597 632 2627 quod
657 2598 816 2626 usurpatum
839 2603 901 2620 esse
926 2597 988 2619 dicit
1007 2597 1039 2619 de

131 2633 213 2655 rebus
238 2634 413 2661 praepostere
439 2631 538 2662 factis,
568 2631 612 2654 ubi
639 2637 691 2655 nen
715 2631 748 2654 ad
773 2630 905 2654 rationem
928 2631 1038 2660 factum,

132 2667 180 2689 sed
198 2666 231 2689 ad
254 2667 350 2689 sactum
376 2666 445 2689 ratio
470 2665 694 2689 accommodatur.
738 2665 790 2689 sed
809 2665 911 2688 nultum
929 2667 1039 2695 praeter

132 2702 202 2723 hunc
220 2700 306 2723 locuni
326 2701 445 2729 protulit.

98 2734 145 2762 18)
163 2735 239 2762 esse]
259 2735 297 2757 sic
317 2735 363 2757 Ed.
384 2735 476 2762 1541'1.;
502 2734 550 2757 Ed.
573 2734 644 2758 1540.
665 2736 748 2758 esset.

63 2776 244 2808 Musam.
262 2775 366 2806 Ormi.
398 2776 481 2806 Vei..
499 2776 587 2806 XVI.

2046 132 2094 166 82

1112 219 1307 251 liberantur
1323 229 1449 261 poena.
1502 216 1621 249 Sciens
1636 218 1855 252 voluntatem
1873 217 2029 257 domini,
2055 224 2087 249 et

1111 282 1183 302 non
1206 269 1356 308 faciens,
1389 268 1523 301 maiore
1558 280 1671 311 poena
1703 269 1892 310 afficietur,
1921 270 2087 310 ignorans

1110 321 1248 353 minore
1265 332 1377 364 poena
1399 319 1568 352 afficietur
1596 318 1697 363 (Luc.
1717 321 1781 359 12,
1799 320 1857 355 47.
1878 320 1967 365 48.).
2020 320 2086 352 Ex-

1110 378 1232 404 cusant
1258 371 1432 404 inscitiam
1459 370 1623 403 nonnulli
1645 368 1711 404 lloc
1736 372 1847 404 dicto:
1881 372 2008 405 Sancta
2029 383 2086 404 ru-

1108 422 1256 460 sticitas,
1292 424 1350 455 sed
1386 420 1578 455 Christiani
1610 422 1741 462 sciant,
1777 425 1985 456 mandatum
2020 422 2086 455 Dei

1108 484 1200 512 esse,
1227 479 1265 505 ut
1283 479 1373 505 recte
1391 478 1606 517 cognoscant
1622 472 1853 518 Evangelium
1865 501 1874 514 ,
1899 475 1994 520 quod
2012 474 2086 507 sine

1106 535 1236 567 magno
1265 524 1402 563 studio,
1437 524 1667 558 meditatione
1703 531 1736 558 et
1764 525 2085 558 comnmnicatione

1106 587 1186 607 cum
1211 574 1376 613 eruditis,
1405 575 1552 618 intelligi
1578 588 1651 608 non
1673 582 1805 620 potest:
1836 583 1869 610 et
1886 577 2012 610 Petrus
2035 576 2085 609 iu-

1104 626 1163 658 bet
1189 631 1333 670 paratos
1356 638 1427 658 esse
1452 627 1495 657 ad
1514 627 1729 660 reddendam
1746 628 1922 661 rationem
1941 640 2087 672 poscen-

1105 677 1197 710 tibus
1221 683 1285 710 etc.
1314 676 1364 720 (1.
1384 677 1478 710 Petr.
1506 677 1548 717 3,
1568 676 1654 722 15.).
1706 678 1749 711 Et
1767 679 2006 724 Hieronymus
2034 679 2086 711 in·

1105 728 1197 773 quit:
1224 727 1352 761 similia
1369 734 1509 772 peccata
1527 740 1599 761 esse
1616 729 1709 772 apud
1727 728 1946 764 Christianos
1964 732 2006 764 de
2024 731 2085 764 do-

1104 779 1238 818 ctrina,
1267 779 1426 823 decipere
1447 785 1479 811 et
1497 779 1623 823 decipi.

1205 829 1380 864 Secundo.
1459 829 1531 864 ‘Nee
1573 829 1659 864 iuris
1693 831 1854 875 positivi,
1900 844 1964 864 nec
2003 833 2085 865 facti

1103 880 1305 925 ignorantia
1324 881 1484 914 affectata
1504 887 1655 916 excusat.
1707 881 1769 915 Est
1787 889 1903 915 autem
1923 883 2084 916 affectata

1102 932 1303 976 ignorantia
1323 933 1415 971 eius,
1444 934 1539 977 quod
1561 932 1710 978 quisque
1730 945 1808 966 cum
1826 935 1868 966 de
1886 933 1981 973 iure,
2010 941 2085 967 tum

1102 985 1144 1016 de
1166 984 1257 1016 facto
1284 984 1372 1017 scire
1401 989 1551 1018 tenetur.
1603 983 1810 1018 Aristoteles
1834 991 1979 1018 venuste
2007 997 2084 1018 eam

1101 1035 1282 1068 describit:
1310 1033 1535 1078 Ignorantia,
1563 1047 1670 1080 quam
1688 1036 1809 1069 volens
1827 1036 1954 1080 aliquis
1971 1048 2085 1069 accer—

1100 1086 1162 1126 sit,
1190 1099 1263 1119 non
1284 1092 1444 1125 excusat,
1472 1087 1532 1119 sed
1547 1093 1598 1119 est
1614 1087 1837 1131 perversitas.
1885 1087 1940 1120 Sic
1959 1093 1992 1120 et
2007 1088 2085 1121 uni-

1100 1137 1244 1171 versalis
1276 1136 1497 1181 ignorantia,
1530 1135 1598 1170 hoc
1624 1143 1693 1177 est,
1729 1151 1808 1171 cuin
1836 1136 1927 1171 nihil
1960 1151 2084 1172 eorum

1100 1189 1246 1228 scimus,
1282 1201 1372 1234 quae
1397 1187 1499 1221 nobis
1529 1189 1662 1232 agenda
1691 1196 1783 1223 sunt.
1827 1189 1963 1222 Deinde
1989 1190 2085 1224 iubet

1100 1239 1251 1272 iufficem
1281 1239 1409 1284 punire
1441 1239 1701 1281 ignorantiam,
1733 1240 1760 1273 si
1786 1240 1863 1285 quis
1889 1241 1956 1274 sibi
1981 1253 2082 1275 causa

1101 1297 1151 1323 est
1172 1290 1406 1333 ignorantiae.
1458 1290 1514 1323 Sic
1531 1290 1605 1334 ipse
1624 1290 1823 1324 affectatam
1844 1292 2083 1335 ignorantiam

1099 1341 1275 1375 describit.
1337 1340 1453 1373 Verba
1478 1341 1551 1374 eius
1566 1341 1610 1386 ¹³)
1639 1339 1725 1374 haec
1755 1348 1853 1375 sunt:
1891 1342 1935 1378 οὐ
1959 1342 2034 1390 γὰρ
2060 1341 2082 1388 ἡ

1099 1391 1138 1425 ἐν
1165 1393 1210 1435 τῇ
1234 1390 1440 1437 προαιρέσει
1473 1390 1626 1438 ἄγνοια,
1662 1393 1762 1426 utria
1792 1395 1859 1427 τοῦ
1889 1392 2083 1437 ἀκουσίου,

1099 1440 1189 1475 ἀλλὰ
1211 1443 1275 1485 τῆς
1296 1438 1524 1486 μοχθηρίας,
1553 1439 1640 1476 οὐδὲ
1670 1440 1691 1486 ἡ
1717 1440 1898 1479 καθόλου.
1958 1443 2082 1490 Itaque

1098 1504 1170 1524 non
1194 1497 1335 1524 excusat
1358 1491 1510 1524 iudicem
1535 1492 1736 1535 ignorantia
1761 1493 1865 1534 iuris,
1894 1496 1991 1539 quod
2016 1508 2082 1539 pro

1099 1542 1213 1575 officio
1239 1554 1302 1575 suo
1329 1543 1416 1576 scire
1443 1548 1600 1583 tenetur,
1628 1555 1691 1576 nec
1709 1544 1754 1588 ¹³⁰)
1782 1545 1999 1588 litigatorem
2026 1559 2082 1579 ex-

1098 1600 1194 1627 cusat
1211 1593 1296 1627 iuris
1312 1592 1526 1637 ignorantia,
1550 1594 1646 1639 quod
1664 1595 1707 1627 ad
1725 1607 1824 1628 suam
1844 1608 1984 1630 causam
2003 1610 2081 1641 pcr-

1097 1646 1205 1685 tinet,
1233 1651 1272 1678 ut
1293 1644 1461 1678 Scaevola
1486 1645 1584 1679 dixit.
1635 1645 1756 1690 Turpe
1782 1653 1832 1680 est
1859 1648 1936 1680 viro
1957 1649 2081 1689 nobili,

1096 1703 1130 1730 et
1147 1698 1191 1729 ad
1217 1708 1338 1729 causas
1360 1695 1539 1729 accedenti
1561 1696 1614 1729 ius
1638 1696 1823 1739 ignorare,
1852 1698 1887 1731 in
1912 1712 1982 1744 quo
2006 1712 2081 1733 ver-

1095 1754 1211 1788 satur,
1238 1748 1298 1781 sed
1316 1747 1426 1791 excipi
1445 1747 1559 1780 solent
1584 1748 1627 1780 ab
1646 1745 1713 1780 hoc
1736 1750 1847 1792 gradu
1864 1750 2031 1785 mulieres
2049 1759 2082 1784 et

1096 1799 1243 1839 milites,
1272 1799 1399 1844 quibus
1417 1811 1517 1831 error
1533 1798 1619 1831 iuris
1641 1801 1883 1840 condonatur,
1912 1814 1976 1835 nec
1995 1803 2079 1835 arti-

1096 1852 1192 1890 fices,
1221 1856 1259 1883 ut
1280 1847 1511 1889 architectos,
1539 1849 1714 1890 medicos,
1742 1857 1802 1883 aut
1827 1851 1915 1886 alios
1939 1861 2081 1887 excusat

1095 1902 1180 1935 artis
1199 1900 1335 1934 inscitia
1347 1927 1356 1941 ,
1383 1900 1456 1933 imo
1473 1900 1615 1934 artificis
1631 1901 1809 1945 imperitia
1828 1903 1951 1947 culpae
1967 1915 2080 1938 annu-

1094 1959 1271 1992 meratur,
1298 1958 1337 1985 ut
1369 1951 1486 1997 inquit
1519 1951 1638 1985 Celsus
1667 1953 1703 1985 in
1730 1952 1881 1997 Digestis
1904 1956 1946 1988 de
1970 1956 2079 1989 actio-

1094 2005 1196 2038 nibus
1212 2001 1384 2048 locatim).

1194 2055 1266 2089 Nec
1284 2060 1425 2087 excusat
1446 2053 1648 2097 ignorantia
1669 2053 1705 2086 in
1722 2054 1813 2087 facto
1832 2056 1979 2100 proprio
1992 2083 1999 2096 ,
2028 2064 2077 2095 ut,

1094 2106 1121 2140 si
1149 2106 1226 2152 quis
1251 2104 1493 2138 venditionem
1515 2117 1615 2138 suam
1639 2105 1836 2139 rescindere
1863 2107 1965 2147 velit,
1995 2108 2077 2153 quia

1094 2163 1196 2190 antea
1222 2169 1304 2190 suae
1327 2156 1451 2189 mercis
1468 2156 1619 2200 pretium
1640 2163 1699 2189 aut
1721 2157 1928 2199 dignitatem
1946 2159 2077 2192 nescie-

1094 2208 1150 2242 rit.
1203 2208 1269 2240 Hic
1294 2207 1471 2240 venditori
1502 2204 1591 2239 nihil
1622 2208 1766 2250 prodest
1795 2208 1945 2252 allegare
1977 2209 2076 2253 igno-

1093 2259 1245 2292 rantiam
1257 2285 1266 2299 ,
1294 2259 1382 2292 sicut
1398 2257 1515 2303 inquit
1531 2264 1659 2292 textus:
1689 2258 1770 2292 Non
1787 2259 1920 2299 stultis,
1945 2261 2006 2294 sed
2023 2273 2075 2294 er-

1094 2311 1252 2344 rantibus
1268 2321 1429 2343 succurre
1449 2308 1506 2355 ²²).

1192 2360 1330 2394 Tertio.
1383 2359 1447 2393 Est
1469 2360 1641 2405 quaedam
1662 2359 1855 2403 probabilis
1873 2360 2073 2404 ignorantia

1092 2412 1193 2452 facti,
1221 2412 1292 2446 sive
1318 2411 1474 2456 proprii,
1501 2411 1573 2444 sive
1592 2410 1719 2450 alieni,
1744 2423 1832 2456 quae
1853 2409 1959 2446 habet
1975 2426 2074 2447 excu-

1092 2464 1284 2503 sationem,
1312 2462 1473 2496 videlicet
1491 2461 1558 2506 2³),
1584 2461 1612 2494 si
1639 2461 1716 2506 quis
1741 2462 1873 2496 nesciat
1894 2475 1954 2503 ea,
1983 2477 2073 2510 quae

1126 2564 1172 2590 19)
1192 2563 1265 2591 eius]
1288 2562 1365 2585 deest
1384 2561 1409 2584 in
1429 2561 1476 2584 Ed.
1501 2559 1572 2584 1546.

1124 2599 1172 2625 20]
1193 2598 1255 2625 nee]
1276 2597 1315 2620 sie
1334 2596 1381 2619 Ed.
1404 2596 1494 2623 ¹540}
1520 2594 1567 2618 Ed.
1586 2594 1658 2617 1546.
1677 2599 1718 2618 ac.

1124 2633 1172 2658 21)
1191 2632 1295 2661 higest.
1315 2630 1389 2653 XIX.
1410 2630 1448 2653 tit.
1463 2629 1486 2652 2.
1507 2628 1600 2651 Lot-att
1620 2628 1755 2659 conducti,
1779 2629 1831 2660 leg.
1845 2629 1869 2654 9.
1891 2630 1916 2660 S.
1932 2630 1956 2654 5.
1978 2630 2070 2663 (Corp.

1159 2667 1208 2689 inr.
1229 2666 1278 2689 civ.
1299 2665 1338 2687 ed.
1359 2663 1429 2687 Beck
1450 2663 1478 2686 Τ.
1496 2663 1515 2687 1.
1536 2662 1566 2686 P.
1584 2663 1603 2685 l.
1622 2669 1645 2691 p.
1666 2662 1745 2692 749).

1123 2700 1170 2727 22,
1194 2700 1346 2725 succurre]
1367 2698 1405 2720 sic
1426 2697 1473 2720 Ed.
1497 2697 1586 2726 1546.;
1614 2696 1662 2720 Ed.
1684 2698 1755 2720 1:³40.
1777 2703 1946 2723 succurrere.

1128 2735 1175 2762 23)
1195 2733 1334 2761 videlicet]
1355 2732 1394 2755 stc
1414 2731 1460 2754 Ed.
1484 2731 1573 2760 15⁴6.;
1599 2731 1646 2754 Ed.
1669 2730 1740 2754 1540.
1761 2735 1789 2755 ut
1808 2732 1942 2756 videlicet.

1436 2765 1457 2798 6
