2347 3000
54 162 128 199 289
402 160 459 197 ΠΙ.

97 248 171 277 Sunt
195 247 313 276 tandem
336 248 483 285 paritura,
513 247 630 284 suisque
653 246 836 285 obtemperat
861 247 925 284 ipse

97 299 246 335 Consiliis,
269 307 363 326 mores
388 306 456 326 vera
479 297 590 326 rarione
613 298 789 335 gubernans.

96 350 195 379 Auteit
218 350 261 377 hic
285 349 356 376 alios
380 349 486 376 virtute
509 353 540 376 et
564 348 697 376 laudibus
720 358 832 378 onmes.

95 401 169 430 Sunt
193 400 241 428 alii
265 400 359 427 minus
383 400 500 437 ingenio
527 399 662 437 plerique
685 409 812 437 sagaces,

94 451 151 485 Qui
175 460 281 488 parere
304 456 402 479 tamen
426 456 529 478 curant
553 450 674 477 meliora
698 451 843 478 monenti:

95 501 270 530 Laudandos
294 502 371 529 iuter
394 506 476 528 recte
497 505 688 529 numerantur
713 506 742 529 et
767 501 821 529 isti.

94 552 153 582 Sed
178 552 226 590 qui
251 560 305 580 nec
327 552 401 589 sapit
423 552 487 589 ipse
511 560 566 579 nec
587 551 669 579 audit
690 557 769 579 recta
795 555 957 586 monentes,

95 603 158 631 Nec
182 603 291 640 patitur
313 602 428 639 frenos,
460 611 515 630 nec
538 601 636 639 legum
660 601 773 628 vincula
797 605 893 628 curat:

95 654 155 682 Sed
178 663 287 691 pronus
310 654 442 691 sequitur
465 662 519 690 quo
543 652 630 680 traxit
653 659 736 678 caeca
762 650 858 685 libido,

96 705 149 732 Hic
174 705 266 732 malus
286 714 318 732 ac
342 704 406 731 odio
430 703 532 740 dignus
554 702 692 736 ducatur,
722 706 751 728 et
775 700 852 728 idem

95 757 231 783 Accerset
256 763 364 792 poenas
387 754 438 781 sibi
461 752 578 780 taudem
600 757 629 779 et
653 751 743 779 tristia
767 751 881 779 damna.

407 866 545 921 Caput
562 864 685 918 V.¹¹).

155 950 296 983 Dictum
314 955 365 982 est
388 961 515 993 supra,
550 961 629 982 cum
652 949 689 981 in
712 947 891 982 mentibus
916 945 1041 981 huma-

54 1003 107 1036 nis
124 1001 276 1034 maxime
295 1001 437 1033 deberet
454 1001 571 1034 lucere
588 1000 716 1033 notitia
737 1001 779 1033 de
797 1000 884 1040 fine,
920 1005 1040 1031 tamen

52 1059 199 1099 propter
225 1051 409 1095 caliginem
430 1058 463 1084 et
480 1051 669 1085 affectuum
694 1052 953 1084 contumaciam
978 1052 1040 1083 du-

53 1104 158 1137 bitari
177 1104 218 1136 de
236 1104 315 1137 fine.
366 1103 538 1136 Recenset
554 1103 662 1146 igitur
681 1115 775 1136 nunc
792 1102 947 1135 diversas
966 1102 1040 1145 opi-

52 1156 189 1188 niones.
243 1154 314 1187 Has
337 1161 376 1187 ut
402 1155 590 1187 distribuat
614 1155 734 1199 aliquo
758 1155 884 1193 modo,
912 1153 1040 1186 consti-

52 1207 119 1240 tuit
135 1206 202 1238 tria
219 1205 310 1237 vitae
330 1217 458 1248 genera
471 1232 479 1245 ,
503 1218 644 1239 sumens
660 1205 891 1250 partitionem
908 1216 926 1237 a
947 1217 1041 1237 com-

52 1257 218 1290 munibus
242 1254 429 1289 hominum
456 1257 635 1300 exemplis.
689 1256 820 1299 Magna
848 1268 929 1299 pars
955 1255 1039 1287 vivit

51 1308 195 1342 beluino
229 1320 349 1347 more,
400 1305 490 1339 nihil
523 1307 590 1340 nisi
622 1307 820 1351 voluptates
857 1318 1041 1351 quaerens.

51 1359 224 1394 Nominat
254 1359 360 1402 igitur
396 1358 511 1402 primo
545 1359 623 1391 loco
658 1357 909 1402 voluptariam.
971 1358 1041 1389 Alii

52 1409 327 1455 praestantiores
345 1409 470 1442 vivunt
486 1409 521 1441 in
543 1409 799 1452 gubernatione
818 1415 878 1440 aut
902 1408 1039 1441 militia.

53 1461 127 1494 Hoc
155 1461 246 1493 vitae
271 1472 379 1503 genus
402 1459 566 1492 nominat
588 1459 785 1504 politicum.
838 1458 909 1491 Alii
926 1459 1040 1492 suavi-

52 1519 123 1546 tate
148 1518 181 1544 et
202 1512 359 1544 bonitate
385 1511 566 1544 doctrinae
588 1511 695 1552 moti,
730 1510 866 1543 omissis
890 1510 1040 1554 negotiis

52 1563 299 1607 imperiorum,
325 1568 359 1594 et
376 1562 515 1606 parcius
530 1562 685 1596 fruentes
704 1561 944 1606 voluptathus
960 1562 1040 1594 sul»-

52 1614 170 1648 ierunt
195 1613 351 1646 discendi
378 1614 537 1654 labores,
566 1620 626 1647 aut
651 1613 822 1652 docendi,
849 1619 889 1645 ut
909 1610 1040 1657 Pytha-

52 1677 174 1710 goras,
197 1664 301 1698 Plato
322 1670 355 1697 et
373 1664 514 1698 similes.
569 1664 668 1697 Hanc
694 1665 803 1697 vitam
831 1670 934 1696 vocat
957 1676 1039 1696 con-

53 1715 311 1760 templativam.

154 1766 328 1800 Fortassis
362 1772 479 1799 autem
511 1765 733 1800 commodius
767 1772 817 1799 est
851 1765 1039 1799 nominare

52 1818 259 1852 studiosam.
327 1817 543 1862 Quanquam
570 1823 687 1849 autem
712 1817 830 1849 varlae
853 1817 1040 1861 opiniones

52 1869 248 1903 recitantur
264 1869 306 1901 de
326 1869 393 1901 fine
410 1865 566 1900 hominis
578 1894 587 1907 ‚
615 1874 733 1900 tamen
750 1869 938 1913 pleraeque
958 1880 1039 1901 cou-

53 1926 184 1964 gruunt
202 1932 239 1952 re
257 1919 330 1963 ipsa
344 1946 353 1960 ‚
382 1931 421 1951 ac
438 1920 527 1952 duae
554 1925 635 1952 sunt
658 1919 869 1964 praecipuae
896 1931 933 1952 re
957 1932 1038 1952 vera

52 1971 279 2011 dissidentes,
307 1970 488 2010 videlicet,
514 1976 634 2003 utrum
658 1971 821 2015 voluptas
837 1970 881 2003 sit
898 1970 976 2003 fmis
994 1983 1038 2003 an

52 2022 192 2056 virtutis
209 2021 311 2055 actio.
365 2021 437 2066 Qui
460 2021 529 2055 siut
552 2027 669 2055 autem
695 2022 808 2054 sontes
834 2019 937 2054 huius
958 2034 1039 2054 con-

52 2073 265 2113 troversiae‚
292 2079 414 2117 postea
437 2073 584 2106 dicetur.
637 2072 740 2107 Nunc
766 2073 964 2106 monendus
990 2080 1039 2107 est

52 2125 161 2158 lector
179 2124 215 2157 in
234 2122 327 2158 hunc
345 2124 462 2157 locum
477 2123 652 2156 invectam
671 2136 742 2158 esse
763 2124 1037 2168 disputationem

54 2188 73 2208 a
89 2173 272 2209 monachis
291 2176 333 2208 de
355 2175 492 2208 duobus
516 2174 608 2207 vitae
633 2175 837 2219 generibus,
865 2175 979 2208 activo
1006 2182 1038 2208 et

55 2227 343 2271 contemplativo.
414 2226 581 2259 Activum
612 2233 786 2260 vocarunt
814 2226 1039 2270 gubernatio-

55 2290 134 2311 nem
148 2306 156 2318 ,
184 2276 499 2322 contemplativum
517 2277 766 2311 intellexerunt
784 2278 895 2311 otium
914 2278 951 2310 in
969 2285 1040 2311 stu-

56 2329 133 2364 diis.
185 2329 388 2362 Ridiculum
403 2335 520 2361 autem
539 2328 604 2361 fuit
624 2326 680 2361 hic
705 2341 891 2374 quaerere,
919 2335 1037 2363 utrum

57 2380 100 2412 sit
115 2381 359 2424 praestantius.
414 2379 537 2413 Otium
555 2379 649 2412 enim
666 2380 729 2414 etsi
748 2386 798 2413 est
817 2380 964 2421 dulcius,
989 2387 1039 2413 ta-

58 2442 139 2462 men
155 2432 309 2465 actiones
326 2432 574 2465 anteferendae
598 2437 691 2464 sunt.
744 2431 789 2464 Et
805 2431 863 2476 qui
883 2432 919 2465 in
932 2432 1039 2465 actio-

57 2480 179 2521 nibus,
216 2480 282 2515 hoc
301 2489 369 2524 est,
405 2483 441 2515 in
464 2483 719 2527 gubernatione
742 2489 948 2523 versantur,
975 2481 1040 2517 hos

58 2543 197 2566 necesse
221 2539 271 2566 est
294 2534 484 2578 adiungere
509 2533 636 2567 studia.
695 2532 740 2566 Et
763 2534 888 2568 melius
912 2541 963 2568 est
985 2547 1041 2568 su-

94 2656 138 2686 11)
159 2657 232 2684 Quae
251 2656 277 2679 in
297 2657 344 2680 hoc
363 2659 449 2688 capite
467 2661 638 2686 tractantur,
657 2659 684 2683 in
705 2660 789 2684 Editt.
811 2660 900 2689 1530.,
923 2661 995 2687 1532.
1015 2663 1042 2685 et

128 2690 201 2713 1535.
222 2691 301 2720 capiti
317 2694 411 2720 quarto
424 2698 532 2717 annexa
547 2696 610 2717 sunt
625 2694 666 2717 his
680 2695 772 2718 verbis
785 2695 929 2725 inscripta:
951 2696 1042 2725 ..Quid

125 2724 161 2747 sit
180 2723 346 2748 foelicitass'
367 2728 394 2749 et
413 2728 480 2757 „De
499 2728 556 2752 vita
572 2728 820 2758 contemplativa.’'
848 2735 916 2760 quae
936 2731 1042 2755 ratione

127 2759 159 2780 ab
178 2758 247 2782 Edit.
270 2760 342 2782 15⁴6.
362 2761 441 2791 valde
460 2761 569 2786 diversa
588 2763 612 2786 h.
632 2763 649 2786 l.
670 2764 850 2793 explicantur.

62 2799 241 2830 MELANTH.
265 2801 369 2832 Omen.
394 2803 476 2832 VoL.
500 2803 588 2833 XVI.

511 159 794 196 ENARRATIO
829 160 955 194 LIBRI
983 160 1007 196 I.
1042 158 1329 194 ETHICORUM
1363 158 1687 196 ARISTOTELIS.

2012 168 2086 202 290

1098 259 1193 279 mere
1211 258 1338 290 genera
1356 246 1447 279 vitae
1466 259 1506 280 ex
1523 248 1703 291 decalogo.
1757 248 1918 283 Primum
1939 255 2083 285 manda-

1099 303 1171 329 tum
1191 298 1324 341 pariter
1339 298 1382 330 ab
1400 298 1563 332 omnibus
1580 299 1729 345 requirit
1745 301 1983 335 obedientiam
2003 316 2083 347 erga

1097 347 1224 382 Deum.
1277 349 1370 382 Haec
1391 350 1458 382 vita
1479 351 1581 383 debet
1597 364 1668 384 esse
1688 354 1887 386 eommunis
1910 355 2082 389 omnium.

1097 398 1234 431 Deinde
1265 400 1512 434 discernuntur
1543 403 1764 442 vocationes,
1806 417 1957 449 quarum
1993 406 2083 439 aliae

1096 449 1256 482 serviunt
1271 451 1429 491 animae,
1457 454 1546 485 aliae
1571 454 1724 497 corpori.
1778 454 1857 488 Alia
1881 463 1931 489 est
1958 458 2084 500 guber-

1096 500 1194 532 natio
1221 501 1471 543 ecelesiastica‚
1505 504 1571 536 alia
1599 506 1761 548 politica,
1796 508 1994 548 senatoria,
2022 522 2082 541 seu

1097 551 1300 591 castrensis,
1325 553 1391 584 alia
1411 556 1651 590 oeconomica.

1097 601 1185 635 tinet
1205 602 1274 634 vita
1294 603 1463 638 studiosa.

1199 653 1339 686 Habent
1357 661 1475 688 autem
1493 656 1628 699 singula
1651 670 1778 701 genera
1807 672 1905 693 suam
1929 661 2082 701 laudem,

1097 710 1129 736 et
1151 704 1313 737 exercitia
1341 705 1512 739 virtutum
1537 709 1697 751 egregia,
1741 722 1893 754 quorum
1921 713 2081 745 omnium

1096 767 1186 788 unus
1205 757 1403 790 communis
1421 758 1499 791 finis
1518 764 1585 797 est,
1611 765 1650 791 ut
1668 759 1743 792 Deo
1761 761 1985 803 obediamus,
2012 764 2081 796 sin-

1096 806 1167 849 guli
1184 806 1220 839 in
1235 820 1295 840 sua
1314 808 1512 842 vocatione.
1550 809 1595 842 Et
1610 809 1646 842 in
1665 811 1811 854 singulis
1828 819 1907 845 sunt
1926 815 2082 849 actiones

1096 863 1129 889 et
1148 858 1373 899 afflictiones,
1402 873 1492 904 quae
1510 861 1663 893 studium
1682 869 1714 894 et
1738 862 2004 897 meditationem
2029 879 2082 899 re-

1097 908 1264 953 quirunt,
1314 916 1347 942 et
1381 911 1513 944 discere
1546 923 1584 944 ac
1615 913 1759 951 docere,
1803 920 1885 946 sunt
1914 916 2081 951 actiones.

1094 959 1215 993 Esaias
1233 973 1311 993 eum
1335 962 1448 1002 docel,
1477 960 1582 995 habet
1598 976 1677 997 suas
1699 965 1867 1005 actiones,
1896 979 1982 1010 quas
2000 980 2082 1000 con-

1094 1011 1209 1044 serens
1234 1012 1279 1044 ad
1301 1025 1525 1047 communem
1554 1014 1761 1055 utilitatem,
1791 1023 1840 1049 est
1858 1016 1968 1051 iustus
1986 1019 2082 1059 civis,

1095 1061 1184 1095 sicut
1207 1062 1318 1097 iustus
1340 1071 1501 1105 senator,
1530 1072 1590 1097 aut
1615 1065 1723 1100 iustus
1750 1068 1864 1101 iudex.
1918 1068 2014 1103 Idem
2039 1072 2082 1103 de

1095 1113 1248 1146 discente
1265 1115 1487 1149 sentiendum
1506 1122 1568 1157 est,
1596 1123 1724 1150 etcum
1744 1119 1791 1151 ait
1804 1117 1962 1154 Christus
1980 1121 2081 1166 (Luc.

1098 1165 1156 1204 10,
1175 1164 1270 1209 42.):
1299 1166 1413 1199 Maria
1434 1168 1606 1211 optimam
1624 1176 1761 1212 partem
1782 1170 1903 1211 elegit,
1930 1184 2003 1205 non
2020 1186 2082 1205 γο-

1094 1215 1160 1248 luit
1184 1216 1333 1249 otiosam
1363 1230 1454 1258 esse,
1496 1221 1554 1252 sed
1580 1220 1718 1262 cognita
1744 1222 1926 1261 doctrina,
1970 1224 2082 1257 voluit

1095 1266 1191 1299 illam
1208 1267 1407 1313 proferriss)
1434 1269 1469 1301 in
1488 1270 1717 1305 consessione.
1770 1273 1945 1306 Praetulit
1962 1282 2079 1308 autem

1096 1317 1268 1358 Mariam,
1305 1326 1337 1352 et
1361 1320 1517 1353 discendi
1541 1334 1580 1354 ac
1605 1322 1754 1355 docendi
1780 1324 1952 1365 actiones,
1986 1326 2081 1359 Mar-

1095 1367 1175 1401 thae
1202 1370 1513 1413 occupationibus,
1550 1373 1583 1404 id
1611 1379 1680 1413 est,
1712 1375 1861 1417 negotiis
1887 1375 1979 1408 vitae
2006 1390 2081 1410 cor-

1095 1420 1238 1463 poralis.
1291 1420 1337 1453 Et
1354 1422 1462 1454 multa
1481 1422 1674 1466 significata
1692 1431 1783 1458 sunt.
1836 1426 1919 1458 Saul
1941 1429 2083 1469 angitur

1095 1470 1228 1511 animo,
1258 1472 1472 1505 excrutiatur
1489 1473 1626 1518 magnis
1641 1475 1950 1517 sollicitudinibus,
1970 1470 2081 1513 multa

1094 1522 1261 1562 molitur,
1283 1524 1393 1556 multa
1414 1531 1534 1567 parat,
1562 1531 1597 1558 ut
1617 1525 1705 1559 solet
1720 1539 1817 1560 mens
1835 1525 1991 1562 humana
2009 1543 2082 1563 non

1095 1574 1222 1606 ardens
1244 1575 1323 1607 tide.
1392 1574 1437 1607 Et
1459 1582 1577 1609 tamen
1606 1577 1721 1610 minus
1747 1579 1851 1612 efficit
1868 1579 1951 1613 Saul
1974 1594 2081 1626 quam

1094 1623 1222 1657 David.
1275 1625 1430 1658 Econtra
1450 1626 1565 1660 David
1592 1640 1665 1660 non
1689 1641 1869 1664 accersens
1893 1631 1959 1664 sibi
1981 1645 2081 1666 occu-

1095 1675 1275 1719 pationes,
1302 1678 1361 1710 sed
1381 1678 1516 1711 oblatas
1545 1679 1580 1711 in
1604 1680 1670 1712 tide
1694 1681 1907 1725 suscipiens,
1935 1695 2082 1727 magnas

1094 1738 1149 1759 res
1167 1727 1282 1761 efficit.
1324 1728 1524 1772 Significata
1544 1736 1625 1763 suut
1642 1737 1675 1763 et
1691 1731 1759 1764 alia
1775 1733 1902 1767 vicina.
1939 1734 2080 1769 Martha

1094 1778 1205 1810 multa
1227 1790 1359 1812 conans
1385 1786 1417 1812 et
1439 1781 1607 1820 moliens,
1643 1782 1814 1826 significat
1839 1786 2010 1828 populum
2035 1788 2082 1819 le-

1095 1829 1156 1871 gis.
1209 1829 1324 1862 Maria
1352 1832 1498 1865 audiens
1519 1832 1773 1875 Ewngelium,
1800 1835 1972 1879 significat
1994 1837 2082 1871 alios

1094 1881 1370 1924 praestantiores
1390 1883 1520 1922 cultus,
1549 1884 1582 1916 id
1602 1890 1670 1923 est,
1698 1886 1820 1926 sidem,
1849 1893 1883 1919 et
1897 1886 2082 1929 Evangelii

1095 1931 1372 1972 consessionem,
1401 1940 1434 1966 et
1450 1934 1613 1967 militiam
1633 1936 1745 1968 multo
1762 1937 1934 1970 maiorem
1955 1940 2080 1972 militia

1093 1982 1188 2026 legis.
1234 1983 1329 2017 Haec
1343 1985 1499 2018 breviter
1515 1986 1633 2030 attigi,
1657 1992 1693 2019 ut
1711 1988 1859 2021 studiosi
1876 1991 2082 2033 prudentius

1094 2033 1250 2067 iudicent
1266 2036 1309 2068 de
1326 2036 1476 2080 vulgatis
1493 2038 1746 2081 partitionibus
1764 2052 1932 2083 generum
1952 2042 2055 2076 vitae.

1435 2121 1571 2174 Caput
1592 2122 1668 2162 VI.
1681 2121 1740 2175 12).

1197 2193 1339 2227 Certum
1372 2202 1422 2228 est
1446 2195 1633 2229 Platonem
1664 2197 1796 2243 ubique
1831 2211 1957 2232 xocare
1985 2200 2081 2235 ideas

1093 2245 1284 2289 perfectam
1310 2252 1343 2279 et
1370 2247 1541 2280 illustrem
1558 2248 1743 2288 notitiam,
1772 2255 1830 2288 ut,
1855 2249 1995 2293 Apelles
2019 2250 2081 2285 ha-

1092 2297 1152 2328 bet
1176 2296 1213 2328 in
1238 2296 1358 2330 animo
1383 2298 1554 2332 inclusam
1578 2297 1856 2342 pulcherrimam
1888 2301 2079 2345 imaginem

1092 2345 1241 2380 humani
1267 2349 1445 2393 corporis,
1488 2347 1718 2383 Archimedes
1744 2350 1933 2393 imaginem
1969 2353 2081 2388 αὑτο-

1093 2394 1224 2443 μάτων
1242 2406 1405 2433 motuum
1424 2401 1640 2435 coelestium.
1693 2401 1742 2434 Ac
1766 2402 1808 2434 de
1830 2403 1973 2437 caeteris
1997 2405 2080 2437 arti-

1093 2449 1214 2483 ficibus
1231 2451 1355 2484 eodem
1370 2452 1478 2484 modo
1498 2452 1566 2484 dici
1585 2458 1711 2495 potest.
1765 2450 1861 2486 Idem
1878 2455 1972 2494 vult,
2001 2468 2079 2488 cum

1094 2498 1151 2533 hic
1177 2501 1246 2541 ait,
1282 2502 1397 2535 ideam
1422 2503 1508 2535 boni
1536 2504 1774 2548 quaerendam
1799 2516 1889 2545 esse,
1932 2512 1965 2538 et
1990 2504 2080 2540 lianc

1094 2552 1289 2596 magnificis
1316 2554 1485 2587 encomiis
1510 2554 1710 2597 praedicat,
1746 2554 1852 2601 idque
1877 2568 1938 2590 cur
1962 2557 2080 2597 faciat,

1703 557 1756 589 Ad
1773 559 1986 591 senatoriam
2006 572 2082 603 per-

1129 2652 1160 2683 ἢ
1181 2652 1314 2682 proferri]
1334 2652 1373 2676 sic
1392 2653 1440 2676 Ed.
1464 2652 1556 2681 1546.;
1580 2653 1629 2676 Ed.
1652 2653 1725 2677 1545.
1745 2659 1852 2684 sparsa.

1131 2697 1175 2723 12]
1198 2696 1228 2719 ln
1248 2696 1330 2719 Euitt.
1349 2696 1441 2723 1530.,
1463 2696 1536 2720 1532.
1551 2697 1577 2718 et
1597 2696 1668 2720 1535.
1689 2702 1743 2721 non
1763 2697 1840 2721 modo
1860 2698 1992 2728 expositio
2012 2699 2080 2732 ipsa,

1163 2731 1211 2753 sed
1231 2730 1309 2753 etiam
1329 2736 1456 2754 numerus
1481 2730 1577 2759 capitis
1603 2731 1710 2761 differt,
1742 2731 1812 2762 quod
1840 2732 1998 2763 inscriptum
2023 2737 2078 2758 est.

1163 2765 1272 2788 scholia
1292 2764 1394 2795 Capitis
1413 2764 1447 2788 V.
1470 2764 1508 2788 De
1524 2764 1604 2788 ideis.

1433 2798 1478 2833 19
