<?xml version="1.0" encoding="UTF-8"?>
<!DOCTYPE html PUBLIC "-//W3C//DTD XHTML 1.0 Transitional//EN"
    "http://www.w3.org/TR/xhtml1/DTD/xhtml1-transitional.dtd">
<html xmlns="http://www.w3.org/1999/xhtml" xml:lang="en" lang="en">
 <head>
  <title>
</title>
<meta http-equiv="Content-Type" content="text/html;charset=utf-8" />
  <meta name='ocr-system' content='tesseract 3.04.00' />
  <meta name='ocr-capabilities' content='ocr_page ocr_carea ocr_par ocr_line ocrx_word'/>
</head>
<body>
  <div class='ocr_page' id='page_1' title='image "./operaquaesupersu16melauoft/operaquaesupersu16melauoft_0122.png"; bbox 0 0 2347 3000; ppageno 0'>
   <div class='ocr_carea' id='block_1_1' title="bbox 211 142 287 181">
    <p class='ocr_par' dir='ltr' id='par_1_1' title="bbox 211 142 287 181">
     <span class='ocr_line' id='line_1_1' title="bbox 211 142 287 181; baseline -0.039 0"><span class='ocrx_word' id='word_1_1' title='bbox 211 142 287 181; x_wconf 75' lang='lat'>215</span> 
     </span>
    </p>
   </div>
   <div class='ocr_carea' id='block_1_2' title="bbox 212 219 1209 1606">
    <p class='ocr_par' dir='ltr' id='par_1_2' title="bbox 212 219 1203 526">
     <span class='ocr_line' id='line_1_2' title="bbox 212 219 1202 273; baseline -0.01 -10"><span class='ocrx_word' id='word_1_2' title='bbox 212 236 383 273; x_wconf 82' lang='lat' dir='ltr'>reguntur</span> <span class='ocrx_word' id='word_1_3' title='bbox 411 229 487 262; x_wconf 88' lang='lat' dir='ltr'>luce</span> <span class='ocrx_word' id='word_1_4' title='bbox 514 225 713 268; x_wconf 70' lang='lat' dir='ltr'>Evangelii.</span> <span class='ocrx_word' id='word_1_5' title='bbox 782 224 827 257; x_wconf 77' lang='lat' dir='ltr'>Et</span> <span class='ocrx_word' id='word_1_6' title='bbox 857 219 1084 267; x_wconf 74' lang='lat' dir='ltr'>philosophia</span> <span class='ocrx_word' id='word_1_7' title='bbox 1123 233 1202 254; x_wconf 91' lang='lat' dir='ltr'>cum</span> 
     </span>
     <span class='ocr_line' id='line_1_3' title="bbox 212 272 1201 319; baseline -0.011 -4"><span class='ocrx_word' id='word_1_8' title='bbox 212 288 351 315; x_wconf 86' lang='lat' dir='ltr'>tantum</span> <span class='ocrx_word' id='word_1_9' title='bbox 373 280 419 314; x_wconf 88' lang='lat' dir='ltr'>sit</span> <span class='ocrx_word' id='word_1_10' title='bbox 441 279 602 312; x_wconf 84' lang='lat' dir='ltr'>doctrina</span> <span class='ocrx_word' id='word_1_11' title='bbox 630 277 734 319; x_wconf 76' lang='lat' dir='ltr'>legis,</span> <span class='ocrx_word' id='word_1_12' title='bbox 771 276 894 318; x_wconf 81' lang='lat' dir='ltr'>ignara</span> <span class='ocrx_word' id='word_1_13' title='bbox 923 272 1201 316; x_wconf 72' lang='lat' dir='ltr'>promissionum</span> 
     </span>
     <span class='ocr_line' id='line_1_4' title="bbox 213 322 1201 375; baseline -0.011 -9"><span class='ocrx_word' id='word_1_14' title='bbox 213 332 417 375; x_wconf 65' lang='lat' dir='ltr'>Evangelii,</span> <span class='ocrx_word' id='word_1_15' title='bbox 443 328 532 363; x_wconf 89' lang='grc'><strong>1111111</strong></span> <span class='ocrx_word' id='word_1_16' title='bbox 550 335 665 374; x_wconf 85' lang='lat' dir='ltr'>potest</span> <span class='ocrx_word' id='word_1_17' title='bbox 684 328 798 360; x_wconf 85' lang='lat' dir='ltr'>dicere</span> <span class='ocrx_word' id='word_1_18' title='bbox 823 326 866 357; x_wconf 86' lang='grc'><strong>110.</strong></span> <span class='ocrx_word' id='word_1_19' title='bbox 890 326 976 363; x_wconf 84' lang='lat' dir='ltr'>lide,</span> <span class='ocrx_word' id='word_1_20' title='bbox 1005 336 1073 369; x_wconf 86' lang='lat' dir='ltr'>qua</span> <span class='ocrx_word' id='word_1_21' title='bbox 1093 322 1201 356; x_wconf 88' lang='lat' dir='ltr'>homo</span> 
     </span>
     <span class='ocr_line' id='line_1_5' title="bbox 214 375 1201 428; baseline -0.011 -11"><span class='ocrx_word' id='word_1_22' title='bbox 214 384 384 428; x_wconf 86' lang='lat' dir='ltr'>recipitur</span> <span class='ocrx_word' id='word_1_23' title='bbox 407 394 425 415; x_wconf 91' lang='lat' dir='ltr'>a</span> <span class='ocrx_word' id='word_1_24' title='bbox 449 382 526 414; x_wconf 87' lang='lat' dir='ltr'>Deo</span> <span class='ocrx_word' id='word_1_25' title='bbox 555 386 700 425; x_wconf 83' lang='lat' dir='ltr'>propter</span> <span class='ocrx_word' id='word_1_26' title='bbox 723 377 872 415; x_wconf 78' lang='lat' dir='ltr'>Filium,</span> <span class='ocrx_word' id='word_1_27' title='bbox 910 377 952 408; x_wconf 89' lang='lat' dir='ltr'>de</span> <span class='ocrx_word' id='word_1_28' title='bbox 987 388 1048 419; x_wconf 89' lang='lat' dir='ltr'>spe</span> <span class='ocrx_word' id='word_1_29' title='bbox 1080 375 1201 407; x_wconf 77' lang='lat' dir='ltr'>anxilii</span> 
     </span>
     <span class='ocr_line' id='line_1_6' title="bbox 215 425 1203 473; baseline -0.009 -5"><span class='ocrx_word' id='word_1_30' title='bbox 215 435 339 473; x_wconf 71' lang='lat' dir='ltr'>(livini,</span> <span class='ocrx_word' id='word_1_31' title='bbox 357 436 399 467; x_wconf 87' lang='lat' dir='ltr'>de</span> <span class='ocrx_word' id='word_1_32' title='bbox 418 433 655 466; x_wconf 74' lang='lat' dir='ltr'>invocatione..</span> <span class='ocrx_word' id='word_1_33' title='bbox 697 429 833 461; x_wconf 84' lang='lat' dir='ltr'>Ilarum</span> <span class='ocrx_word' id='word_1_34' title='bbox 851 425 1024 460; x_wconf 73' lang='lat' dir='ltr'>virtutum</span> <span class='ocrx_word' id='word_1_35' title='bbox 1042 427 1203 460; x_wconf 90' lang='lat' dir='ltr'>doctrina</span> 
     </span>
     <span class='ocr_line' id='line_1_7' title="bbox 217 480 949 526; baseline -0.011 -6"><span class='ocrx_word' id='word_1_36' title='bbox 217 487 252 520; x_wconf 89' lang='grc'>111</span> <span class='ocrx_word' id='word_1_37' title='bbox 267 486 376 520; x_wconf 87' lang='lat' dir='ltr'>solius</span> <span class='ocrx_word' id='word_1_38' title='bbox 390 483 577 526; x_wconf 72' lang='lat' dir='ltr'>Evangelii</span> <span class='ocrx_word' id='word_1_39' title='bbox 593 494 678 514; x_wconf 71' lang='lat' dir='ltr'>voce</span> <span class='ocrx_word' id='word_1_40' title='bbox 697 480 869 523; x_wconf 78' lang='lat' dir='ltr'>patefacta</span> <span class='ocrx_word' id='word_1_41' title='bbox 887 485 949 512; x_wconf 82' lang='lat' dir='ltr'>est.</span> 
     </span>
    </p>

    <p class='ocr_par' dir='ltr' id='par_1_3' title="bbox 215 532 1208 1134">
     <span class='ocr_line' id='line_1_8' title="bbox 320 532 1206 573; baseline -0.01 -3"><span class='ocrx_word' id='word_1_42' title='bbox 320 538 415 570; x_wconf 59' lang='lat' dir='ltr'>llaec</span> <span class='ocrx_word' id='word_1_43' title='bbox 436 546 583 567; x_wconf 86' lang='lat' dir='ltr'>monere</span> <span class='ocrx_word' id='word_1_44' title='bbox 609 532 780 564; x_wconf 82' lang='lat' dir='ltr'>discentes</span> <span class='ocrx_word' id='word_1_45' title='bbox 807 542 945 562; x_wconf 82' lang='lat' dir='ltr'>necesse</span> <span class='ocrx_word' id='word_1_46' title='bbox 972 536 1042 569; x_wconf 84' lang='lat' dir='ltr'>est,</span> <span class='ocrx_word' id='word_1_47' title='bbox 1084 536 1124 563; x_wconf 89' lang='lat' dir='ltr'>ut</span> <span class='ocrx_word' id='word_1_48' title='bbox 1150 541 1206 573; x_wconf 81' lang='lat' dir='ltr'>ge-</span> 
     </span>
     <span class='ocr_line' id='line_1_9' title="bbox 216 580 1206 628; baseline -0.01 -6"><span class='ocrx_word' id='word_1_49' title='bbox 216 600 300 621; x_wconf 90' lang='lat' dir='ltr'>nera</span> <span class='ocrx_word' id='word_1_50' title='bbox 317 587 559 621; x_wconf 67' lang='lat' dir='ltr'>doctrinarum</span> <span class='ocrx_word' id='word_1_51' title='bbox 577 580 822 628; x_wconf 86' lang='lat' dir='ltr'>philosophiae</span> <span class='ocrx_word' id='word_1_52' title='bbox 839 581 1063 625; x_wconf 61' lang='lat' dir='ltr'>etlfixangelii</span> <span class='ocrx_word' id='word_1_53' title='bbox 1078 581 1206 615; x_wconf 87' lang='lat' dir='ltr'>discer-</span> 
     </span>
     <span class='ocr_line' id='line_1_10' title="bbox 215 631 1204 677; baseline -0.008 -4"><span class='ocrx_word' id='word_1_54' title='bbox 215 646 314 673; x_wconf 85' lang='lat' dir='ltr'>nant.</span> <span class='ocrx_word' id='word_1_55' title='bbox 379 637 497 670; x_wconf 79' lang='lat' dir='ltr'>Etiam</span> <span class='ocrx_word' id='word_1_56' title='bbox 524 648 603 668; x_wconf 88' lang='grc'><strong>011111</strong></span> <span class='ocrx_word' id='word_1_57' title='bbox 628 635 818 667; x_wconf 87' lang='lat' dir='ltr'>nominant</span> <span class='ocrx_word' id='word_1_58' title='bbox 841 631 971 665; x_wconf 86' lang='lat' dir='ltr'>ethnici</span> <span class='ocrx_word' id='word_1_59' title='bbox 995 633 1204 677; x_wconf 71' lang='lat' dir='ltr'>religionem</span> 
     </span>
     <span class='ocr_line' id='line_1_11' title="bbox 216 685 1207 733; baseline -0.007 -10"><span class='ocrx_word' id='word_1_60' title='bbox 216 691 271 723; x_wconf 63' lang='lat' dir='ltr'>vel</span> <span class='ocrx_word' id='word_1_61' title='bbox 302 689 467 733; x_wconf 87' lang='lat' dir='ltr'>pietatem</span> <span class='ocrx_word' id='word_1_62' title='bbox 493 699 575 731; x_wconf 86' lang='lat' dir='ltr'>erga</span> <span class='ocrx_word' id='word_1_63' title='bbox 595 687 727 725; x_wconf 81' lang='lat' dir='ltr'>Deum,</span> <span class='ocrx_word' id='word_1_64' title='bbox 763 685 965 727; x_wconf 76' lang='lat' dir='ltr'>intelligunt</span> <span class='ocrx_word' id='word_1_65' title='bbox 988 691 1126 717; x_wconf 87' lang='lat' dir='ltr'>tantum</span> <span class='ocrx_word' id='word_1_66' title='bbox 1152 696 1207 716; x_wconf 89' lang='lat' dir='ltr'>re-</span> 
     </span>
     <span class='ocr_line' id='line_1_12' title="bbox 217 733 1207 784; baseline -0.007 -10"><span class='ocrx_word' id='word_1_67' title='bbox 217 740 411 774; x_wconf 68' lang='lat' dir='ltr'>verentiam</span> <span class='ocrx_word' id='word_1_68' title='bbox 430 739 535 772; x_wconf 91' lang='lat' dir='ltr'>talem</span> <span class='ocrx_word' id='word_1_69' title='bbox 548 765 556 778; x_wconf 89' lang='lat'>,</span> <span class='ocrx_word' id='word_1_70' title='bbox 585 738 726 784; x_wconf 85' lang='lat' dir='ltr'>qualem</span> <span class='ocrx_word' id='word_1_71' title='bbox 745 737 869 769; x_wconf 86' lang='lat' dir='ltr'>tribuit</span> <span class='ocrx_word' id='word_1_72' title='bbox 884 737 959 768; x_wconf 83' lang='lat' dir='ltr'>Deo</span> <span class='ocrx_word' id='word_1_73' title='bbox 976 733 1133 769; x_wconf 87' lang='lat' dir='ltr'>humana</span> <span class='ocrx_word' id='word_1_74' title='bbox 1151 748 1207 768; x_wconf 88' lang='lat' dir='ltr'>ra-</span> 
     </span>
     <span class='ocr_line' id='line_1_13' title="bbox 216 788 1207 833; baseline -0.007 -8"><span class='ocrx_word' id='word_1_75' title='bbox 216 793 286 832; x_wconf 83' lang='lat' dir='ltr'>tio,</span> <span class='ocrx_word' id='word_1_76' title='bbox 314 791 388 824; x_wconf 87' lang='lat' dir='ltr'>sine</span> <span class='ocrx_word' id='word_1_77' title='bbox 404 792 480 824; x_wconf 91' lang='lat' dir='ltr'>luce</span> <span class='ocrx_word' id='word_1_78' title='bbox 496 789 699 833; x_wconf 71' lang='lat' dir='ltr'>Evangelii,</span> <span class='ocrx_word' id='word_1_79' title='bbox 728 789 763 821; x_wconf 84' lang='lat' dir='ltr'>id</span> <span class='ocrx_word' id='word_1_80' title='bbox 790 795 859 827; x_wconf 84' lang='lat' dir='ltr'>est,</span> <span class='ocrx_word' id='word_1_81' title='bbox 889 788 1011 831; x_wconf 80' lang='lat' dir='ltr'>religio</span> <span class='ocrx_word' id='word_1_82' title='bbox 1039 793 1207 820; x_wconf 55' lang='grc'><strong>0510010.-</strong></span> 
     </span>
     <span class='ocr_line' id='line_1_14' title="bbox 217 839 1205 888; baseline -0.007 -11"><span class='ocrx_word' id='word_1_83' title='bbox 217 843 351 883; x_wconf 87' lang='lat' dir='ltr'>rentia,</span> <span class='ocrx_word' id='word_1_84' title='bbox 389 855 458 888; x_wconf 91' lang='lat' dir='ltr'>qua</span> <span class='ocrx_word' id='word_1_85' title='bbox 483 842 649 874; x_wconf 79' lang='lat' dir='ltr'>adfirmat</span> <span class='ocrx_word' id='word_1_86' title='bbox 672 840 764 873; x_wconf 83' lang='lat' dir='ltr'>ratio</span> <span class='ocrx_word' id='word_1_87' title='bbox 789 839 1014 879; x_wconf 77' lang='grc'><strong>05501)011111,</strong></span> <span class='ocrx_word' id='word_1_88' title='bbox 1051 845 1205 871; x_wconf 88' lang='lat' dir='ltr'>mentem</span> 
     </span>
     <span class='ocr_line' id='line_1_15' title="bbox 217 890 1207 934; baseline -0.005 -7"><span class='ocrx_word' id='word_1_89' title='bbox 217 902 419 934; x_wconf 72' lang='lat' dir='ltr'>aeternam,</span> <span class='ocrx_word' id='word_1_90' title='bbox 446 893 688 927; x_wconf 83' lang='lat' dir='ltr'>formatricem</span> <span class='ocrx_word' id='word_1_91' title='bbox 714 891 857 931; x_wconf 87' lang='lat' dir='ltr'>mundi,</span> <span class='ocrx_word' id='word_1_92' title='bbox 884 892 1064 923; x_wconf 67' lang='lat' dir='ltr'>foventem</span> <span class='ocrx_word' id='word_1_93' title='bbox 1089 890 1207 933; x_wconf 77' lang='lat' dir='ltr'>singu—</span> 
     </span>
     <span class='ocr_line' id='line_1_16' title="bbox 216 942 1204 990; baseline -0.007 -10"><span class='ocrx_word' id='word_1_94' title='bbox 216 948 268 980; x_wconf 80' lang='lat' dir='ltr'>las</span> <span class='ocrx_word' id='word_1_95' title='bbox 292 946 443 990; x_wconf 88' lang='lat' dir='ltr'>species,</span> <span class='ocrx_word' id='word_1_96' title='bbox 475 945 630 983; x_wconf 83' lang='lat' dir='ltr'>bonam,</span> <span class='ocrx_word' id='word_1_97' title='bbox 666 943 812 981; x_wconf 82' lang='lat' dir='ltr'>iustam,</span> <span class='ocrx_word' id='word_1_98' title='bbox 846 949 998 981; x_wconf 81' lang='lat' dir='ltr'>castam,</span> <span class='ocrx_word' id='word_1_99' title='bbox 1030 942 1204 974; x_wconf 56' lang='lat' dir='ltr'>vindicem</span> 
     </span>
     <span class='ocr_line' id='line_1_17' title="bbox 217 993 1208 1040; baseline -0.007 -8"><span class='ocrx_word' id='word_1_100' title='bbox 217 998 409 1037; x_wconf 89' lang='lat' dir='ltr'>scelerum,</span> <span class='ocrx_word' id='word_1_101' title='bbox 434 1002 474 1029; x_wconf 89' lang='lat' dir='ltr'>ut</span> <span class='ocrx_word' id='word_1_102' title='bbox 490 996 621 1040; x_wconf 83' lang='lat' dir='ltr'>species</span> <span class='ocrx_word' id='word_1_103' title='bbox 639 1001 885 1034; x_wconf 68' lang='lat' dir='ltr'>conservetur,</span> <span class='ocrx_word' id='word_1_104' title='bbox 913 1000 947 1026; x_wconf 91' lang='lat' dir='ltr'>et</span> <span class='ocrx_word' id='word_1_105' title='bbox 970 993 1103 1026; x_wconf 86' lang='lat' dir='ltr'>iudicat</span> <span class='ocrx_word' id='word_1_106' title='bbox 1126 1005 1208 1037; x_wconf 91' lang='lat' dir='ltr'>pro-</span> 
     </span>
     <span class='ocr_line' id='line_1_18' title="bbox 217 1045 1208 1094; baseline -0.007 -12"><span class='ocrx_word' id='word_1_107' title='bbox 217 1056 340 1094; x_wconf 87' lang='lat' dir='ltr'>pterea</span> <span class='ocrx_word' id='word_1_108' title='bbox 366 1049 396 1081; x_wconf 88' lang='lat' dir='ltr'>ei</span> <span class='ocrx_word' id='word_1_109' title='bbox 423 1048 663 1080; x_wconf 87' lang='lat' dir='ltr'>obediendum</span> <span class='ocrx_word' id='word_1_110' title='bbox 688 1058 779 1085; x_wconf 88' lang='lat' dir='ltr'>esse,</span> <span class='ocrx_word' id='word_1_111' title='bbox 809 1052 841 1078; x_wconf 89' lang='lat' dir='ltr'>et</span> <span class='ocrx_word' id='word_1_112' title='bbox 867 1045 1121 1089; x_wconf 76' lang='lat' dir='ltr'>professionem</span> <span class='ocrx_word' id='word_1_113' title='bbox 1151 1058 1208 1076; x_wconf 80' lang='lat' dir='ltr'>ex-</span> 
     </span>
     <span class='ocr_line' id='line_1_19' title="bbox 218 1098 923 1134; baseline -0.007 0"><span class='ocrx_word' id='word_1_114' title='bbox 218 1100 327 1134; x_wconf 83' lang='lat' dir='ltr'>ternis</span> <span class='ocrx_word' id='word_1_115' title='bbox 343 1099 552 1132; x_wconf 81' lang='lat' dir='ltr'>ceremoniis</span> <span class='ocrx_word' id='word_1_116' title='bbox 571 1098 822 1131; x_wconf 71' lang='lat' dir='ltr'>declarandam</span> <span class='ocrx_word' id='word_1_117' title='bbox 840 1109 923 1130; x_wconf 84' lang='grc'><strong>0550.</strong></span> 
     </span>
    </p>

    <p class='ocr_par' dir='ltr' id='par_1_4' title="bbox 216 1145 1209 1493">
     <span class='ocr_line' id='line_1_20' title="bbox 320 1145 1208 1193; baseline -0.008 -10"><span class='ocrx_word' id='word_1_118' title='bbox 320 1151 415 1183; x_wconf 86' lang='lat' dir='ltr'>Ilaec</span> <span class='ocrx_word' id='word_1_119' title='bbox 439 1157 521 1184; x_wconf 88' lang='lat' dir='ltr'>sunt</span> <span class='ocrx_word' id='word_1_120' title='bbox 545 1146 812 1193; x_wconf 86' lang='lat' dir='ltr'>philosophica,</span> <span class='ocrx_word' id='word_1_121' title='bbox 840 1154 873 1180; x_wconf 92' lang='lat' dir='ltr'>et</span> <span class='ocrx_word' id='word_1_122' title='bbox 894 1145 1208 1179; x_wconf 81' lang='lat' dir='ltr'>demonstrationi—</span> 
     </span>
     <span class='ocr_line' id='line_1_21' title="bbox 216 1196 1209 1246; baseline -0.008 -10"><span class='ocrx_word' id='word_1_123' title='bbox 216 1204 281 1236; x_wconf 88' lang='lat' dir='ltr'>bus</span> <span class='ocrx_word' id='word_1_124' title='bbox 300 1202 470 1235; x_wconf 89' lang='lat' dir='ltr'>illustrari</span> <span class='ocrx_word' id='word_1_125' title='bbox 490 1207 656 1246; x_wconf 80' lang='lat' dir='ltr'>possunt,</span> <span class='ocrx_word' id='word_1_126' title='bbox 683 1201 743 1233; x_wconf 89' lang='lat' dir='ltr'>sed</span> <span class='ocrx_word' id='word_1_127' title='bbox 761 1206 879 1232; x_wconf 87' lang='lat' dir='ltr'>tamen</span> <span class='ocrx_word' id='word_1_128' title='bbox 895 1196 981 1230; x_wconf 87' lang='lat' dir='ltr'>haec</span> <span class='ocrx_word' id='word_1_129' title='bbox 1001 1198 1075 1241; x_wconf 91' lang='lat' dir='ltr'>ipsa</span> <span class='ocrx_word' id='word_1_130' title='bbox 1102 1197 1209 1229; x_wconf 84' lang='lat' dir='ltr'>ratio-</span> 
     </span>
     <span class='ocr_line' id='line_1_22' title="bbox 217 1248 1209 1292; baseline -0.008 -5"><span class='ocrx_word' id='word_1_131' title='bbox 217 1254 272 1287; x_wconf 86' lang='lat' dir='ltr'>nis</span> <span class='ocrx_word' id='word_1_132' title='bbox 291 1254 464 1287; x_wconf 87' lang='lat' dir='ltr'>sententia</span> <span class='ocrx_word' id='word_1_133' title='bbox 483 1254 537 1286; x_wconf 74' lang='lat' dir='ltr'>vel</span> <span class='ocrx_word' id='word_1_134' title='bbox 563 1253 723 1285; x_wconf 81' lang='lat' dir='ltr'>furenter</span> <span class='ocrx_word' id='word_1_135' title='bbox 747 1251 902 1289; x_wconf 85' lang='lat' dir='ltr'>tollitur,</span> <span class='ocrx_word' id='word_1_136' title='bbox 930 1249 986 1281; x_wconf 65' lang='lat' dir='ltr'>vel</span> <span class='ocrx_word' id='word_1_137' title='bbox 1011 1248 1209 1292; x_wconf 89' lang='lat' dir='ltr'>corrumpi-</span> 
     </span>
     <span class='ocr_line' id='line_1_23' title="bbox 217 1300 1209 1349; baseline -0.008 -10"><span class='ocrx_word' id='word_1_138' title='bbox 217 1312 285 1339; x_wconf 80' lang='lat' dir='ltr'>tur.</span> <span class='ocrx_word' id='word_1_139' title='bbox 348 1304 514 1349; x_wconf 82' lang='lat' dir='ltr'>Epicurei</span> <span class='ocrx_word' id='word_1_140' title='bbox 538 1315 684 1347; x_wconf 86' lang='lat' dir='ltr'>prorsus</span> <span class='ocrx_word' id='word_1_141' title='bbox 710 1302 859 1341; x_wconf 90' lang='lat' dir='ltr'>tollunt,</span> <span class='ocrx_word' id='word_1_142' title='bbox 894 1300 956 1332; x_wconf 89' lang='lat' dir='ltr'>alii</span> <span class='ocrx_word' id='word_1_143' title='bbox 980 1300 1119 1344; x_wconf 82' lang='lat' dir='ltr'>fingunt</span> <span class='ocrx_word' id='word_1_144' title='bbox 1144 1312 1209 1332; x_wconf 92' lang='lat' dir='ltr'>nu-</span> 
     </span>
     <span class='ocr_line' id='line_1_24' title="bbox 216 1349 1209 1393; baseline -0.007 -4"><span class='ocrx_word' id='word_1_145' title='bbox 216 1357 313 1389; x_wconf 87' lang='lat' dir='ltr'>mina</span> <span class='ocrx_word' id='word_1_146' title='bbox 332 1362 365 1389; x_wconf 87' lang='lat' dir='ltr'>et</span> <span class='ocrx_word' id='word_1_147' title='bbox 382 1356 493 1388; x_wconf 84' lang='lat' dir='ltr'>cultus</span> <span class='ocrx_word' id='word_1_148' title='bbox 509 1355 584 1388; x_wconf 92' lang='lat' dir='ltr'>sine</span> <span class='ocrx_word' id='word_1_149' title='bbox 609 1354 698 1393; x_wconf 82' lang='lat' dir='ltr'>fine,</span> <span class='ocrx_word' id='word_1_150' title='bbox 728 1359 761 1385; x_wconf 92' lang='lat' dir='ltr'>et</span> <span class='ocrx_word' id='word_1_151' title='bbox 786 1351 968 1386; x_wconf 89' lang='lat' dir='ltr'>somniant</span> <span class='ocrx_word' id='word_1_152' title='bbox 992 1364 1027 1385; x_wconf 93' lang='lat' dir='ltr'>se</span> <span class='ocrx_word' id='word_1_153' title='bbox 1053 1349 1106 1384; x_wconf 89' lang='lat' dir='ltr'>his</span> <span class='ocrx_word' id='word_1_154' title='bbox 1133 1350 1209 1383; x_wconf 90' lang='lat' dir='ltr'>riti-</span> 
     </span>
     <span class='ocr_line' id='line_1_25' title="bbox 216 1402 1209 1452; baseline -0.007 -11"><span class='ocrx_word' id='word_1_155' title='bbox 216 1409 280 1441; x_wconf 90' lang='lat' dir='ltr'>bus</span> <span class='ocrx_word' id='word_1_156' title='bbox 299 1408 437 1452; x_wconf 85' lang='lat' dir='ltr'>placare</span> <span class='ocrx_word' id='word_1_157' title='bbox 456 1407 545 1439; x_wconf 88' lang='lat' dir='ltr'>iram</span> <span class='ocrx_word' id='word_1_158' title='bbox 562 1405 648 1445; x_wconf 87' lang='lat' dir='ltr'>Dei,</span> <span class='ocrx_word' id='word_1_159' title='bbox 676 1411 710 1437; x_wconf 88' lang='lat' dir='ltr'>et</span> <span class='ocrx_word' id='word_1_160' title='bbox 737 1404 838 1450; x_wconf 84' lang='lat' dir='ltr'>quasi</span> <span class='ocrx_word' id='word_1_161' title='bbox 863 1415 979 1436; x_wconf 85' lang='lat' dir='ltr'>emere</span> <span class='ocrx_word' id='word_1_162' title='bbox 1003 1414 1132 1447; x_wconf 83' lang='lat' dir='ltr'>magna</span> <span class='ocrx_word' id='word_1_163' title='bbox 1162 1402 1209 1435; x_wconf 69' lang='lat' dir='ltr'>vi-</span> 
     </span>
     <span class='ocr_line' id='line_1_26' title="bbox 218 1460 399 1493; baseline -0.006 -1"><span class='ocrx_word' id='word_1_164' title='bbox 218 1466 274 1493; x_wconf 86' lang='lat' dir='ltr'>tae</span> <span class='ocrx_word' id='word_1_165' title='bbox 291 1460 399 1492; x_wconf 86' lang='lat' dir='ltr'>bona.</span> 
     </span>
    </p>

    <p class='ocr_par' dir='ltr' id='par_1_5' title="bbox 218 1505 1209 1606">
     <span class='ocr_line' id='line_1_27' title="bbox 320 1505 1208 1553; baseline -0.007 -10"><span class='ocrx_word' id='word_1_166' title='bbox 320 1510 392 1543; x_wconf 89' lang='lat' dir='ltr'>Has</span> <span class='ocrx_word' id='word_1_167' title='bbox 413 1509 518 1542; x_wconf 87' lang='lat' dir='ltr'>falsas</span> <span class='ocrx_word' id='word_1_168' title='bbox 543 1507 749 1553; x_wconf 85' lang='lat' dir='ltr'>opiniones,</span> <span class='ocrx_word' id='word_1_169' title='bbox 791 1512 825 1539; x_wconf 90' lang='lat' dir='ltr'>et</span> <span class='ocrx_word' id='word_1_170' title='bbox 850 1506 997 1539; x_wconf 75' lang='lat' dir='ltr'>vitiosos</span> <span class='ocrx_word' id='word_1_171' title='bbox 1012 1505 1101 1539; x_wconf 85' lang='lat' dir='ltr'>ritus</span> <span class='ocrx_word' id='word_1_172' title='bbox 1127 1505 1208 1538; x_wconf 85' lang='lat' dir='ltr'>inde</span> 
     </span>
     <span class='ocr_line' id='line_1_28' title="bbox 218 1557 1209 1606; baseline -0.006 -11"><span class='ocrx_word' id='word_1_173' title='bbox 218 1569 314 1596; x_wconf 88' lang='lat' dir='ltr'>ortos</span> <span class='ocrx_word' id='word_1_174' title='bbox 339 1561 602 1606; x_wconf 84' lang='lat' dir='ltr'>relinquamus,</span> <span class='ocrx_word' id='word_1_175' title='bbox 641 1571 705 1591; x_wconf 87' lang='lat' dir='ltr'>nec</span> <span class='ocrx_word' id='word_1_176' title='bbox 726 1570 955 1591; x_wconf 78' lang='lat' dir='ltr'>numeremus</span> <span class='ocrx_word' id='word_1_177' title='bbox 980 1557 1073 1590; x_wconf 85' lang='lat' dir='ltr'>inter</span> <span class='ocrx_word' id='word_1_178' title='bbox 1098 1557 1209 1590; x_wconf 73' lang='lat' dir='ltr'>virtu-</span> 
     </span>
    </p>
   </div>
   <div class='ocr_carea' id='block_1_3' title="bbox 218 1607 1208 1652">
    <p class='ocr_par' dir='ltr' id='par_1_6' title="bbox 218 1607 1208 1652">
     <span class='ocr_line' id='line_1_29' title="bbox 218 1607 1208 1652; baseline -0.007 -5"><span class='ocrx_word' id='word_1_179' title='bbox 218 1620 279 1647; x_wconf 88' lang='lat' dir='ltr'>tes.</span> <span class='ocrx_word' id='word_1_180' title='bbox 332 1613 472 1646; x_wconf 85' lang='lat' dir='ltr'>Deinde</span> <span class='ocrx_word' id='word_1_181' title='bbox 489 1624 574 1645; x_wconf 65' lang='lat' dir='ltr'>vero</span> <span class='ocrx_word' id='word_1_182' title='bbox 598 1622 736 1644; x_wconf 88' lang='lat' dir='ltr'>necesse</span> <span class='ocrx_word' id='word_1_183' title='bbox 761 1616 831 1650; x_wconf 87' lang='lat' dir='ltr'>est,</span> <span class='ocrx_word' id='word_1_184' title='bbox 860 1607 991 1642; x_wconf 85' lang='lat' dir='ltr'>habere</span> <span class='ocrx_word' id='word_1_185' title='bbox 1007 1609 1043 1641; x_wconf 92' lang='lat' dir='ltr'>in</span> <span class='ocrx_word' id='word_1_186' title='bbox 1062 1621 1208 1652; x_wconf 86' lang='lat' dir='ltr'>conspe—</span> 
     </span>
    </p>
   </div>
   <div class='ocr_carea' id='block_1_4' title="bbox 218 1660 1236 1760">
    <p class='ocr_par' dir='ltr' id='par_1_7' title="bbox 218 1660 1236 1760">
     <span class='ocr_line' id='line_1_30' title="bbox 218 1660 1235 1704; baseline -0.008 -6"><span class='ocrx_word' id='word_1_187' title='bbox 218 1672 275 1698; x_wconf 85' lang='lat' dir='ltr'>ctu</span> <span class='ocrx_word' id='word_1_188' title='bbox 292 1665 440 1698; x_wconf 88' lang='lat' dir='ltr'>nomina</span> <span class='ocrx_word' id='word_1_189' title='bbox 459 1670 492 1696; x_wconf 90' lang='lat' dir='ltr'>et</span> <span class='ocrx_word' id='word_1_190' title='bbox 510 1662 733 1696; x_wconf 80' lang='lat' dir='ltr'>definitiones</span> <span class='ocrx_word' id='word_1_191' title='bbox 753 1673 918 1694; x_wconf 65' lang='lat' dir='ltr'>verarum</span> <span class='ocrx_word' id='word_1_192' title='bbox 943 1661 1115 1693; x_wconf 70' lang='lat' dir='ltr'>virtutum</span> <span class='ocrx_word' id='word_1_193' title='bbox 1136 1660 1208 1703; x_wconf 90' lang='lat' dir='ltr'>pri-</span> <span class='ocrx_word' id='word_1_194' title='bbox 1234 1686 1235 1704; x_wconf 30' lang='grc' dir='ltr'><strong>ἶ</strong></span> 
     </span>
     <span class='ocr_line' id='line_1_31' title="bbox 218 1706 1236 1760; baseline -0.005 -11"><span class='ocrx_word' id='word_1_195' title='bbox 218 1729 295 1749; x_wconf 88' lang='lat' dir='ltr'>mae</span> <span class='ocrx_word' id='word_1_196' title='bbox 312 1717 472 1754; x_wconf 90' lang='lat' dir='ltr'>tabulae,</span> <span class='ocrx_word' id='word_1_197' title='bbox 501 1715 542 1747; x_wconf 92' lang='lat' dir='ltr'>de</span> <span class='ocrx_word' id='word_1_198' title='bbox 567 1713 694 1759; x_wconf 83' lang='lat' dir='ltr'>quibus</span> <span class='ocrx_word' id='word_1_199' title='bbox 711 1712 943 1745; x_wconf 86' lang='lat' dir='ltr'>concionatur</span> <span class='ocrx_word' id='word_1_200' title='bbox 959 1711 1207 1754; x_wconf 79' lang='lat' dir='ltr'>Evangelium.</span> <span class='ocrx_word' id='word_1_201' title='bbox 1233 1706 1236 1760; x_wconf 69' lang='lat' dir='ltr'>l</span> 
     </span>
    </p>
   </div>
   <div class='ocr_carea' id='block_1_5' title="bbox 214 1764 1208 2326">
    <p class='ocr_par' dir='ltr' id='par_1_8' title="bbox 214 1764 1208 2326">
     <span class='ocr_line' id='line_1_32' title="bbox 217 1764 1207 1812; baseline -0.007 -11"><span class='ocrx_word' id='word_1_202' title='bbox 217 1767 315 1801; x_wconf 79' lang='lat' dir='ltr'>quta</span> <span class='ocrx_word' id='word_1_203' title='bbox 341 1767 496 1812; x_wconf 88' lang='lat' dir='ltr'>primum</span> <span class='ocrx_word' id='word_1_204' title='bbox 528 1771 777 1809; x_wconf 86' lang='lat' dir='ltr'>pracceptum,</span> <span class='ocrx_word' id='word_1_205' title='bbox 805 1764 889 1796; x_wconf 82' lang='lat' dir='ltr'>sides</span> <span class='ocrx_word' id='word_1_206' title='bbox 918 1775 1007 1808; x_wconf 88' lang='lat' dir='ltr'>quae</span> <span class='ocrx_word' id='word_1_207' title='bbox 1043 1769 1094 1795; x_wconf 87' lang='lat' dir='ltr'>est</span> <span class='ocrx_word' id='word_1_208' title='bbox 1123 1774 1207 1794; x_wconf 71' lang='lat' dir='ltr'>vera</span> 
     </span>
     <span class='ocr_line' id='line_1_33' title="bbox 216 1814 1208 1860; baseline -0.006 -8"><span class='ocrx_word' id='word_1_209' title='bbox 216 1819 343 1852; x_wconf 85' lang='lat' dir='ltr'>notitia</span> <span class='ocrx_word' id='word_1_210' title='bbox 360 1818 445 1857; x_wconf 84' lang='lat' dir='ltr'>Dei,</span> <span class='ocrx_word' id='word_1_211' title='bbox 474 1817 582 1849; x_wconf 82' lang='lat' dir='ltr'>timor</span> <span class='ocrx_word' id='word_1_212' title='bbox 598 1816 685 1856; x_wconf 85' lang='lat' dir='ltr'>Dei,</span> <span class='ocrx_word' id='word_1_213' title='bbox 713 1816 798 1848; x_wconf 81' lang='lat' dir='ltr'>fides</span> <span class='ocrx_word' id='word_1_214' title='bbox 817 1827 907 1860; x_wconf 90' lang='lat' dir='ltr'>quae</span> <span class='ocrx_word' id='word_1_215' title='bbox 927 1821 977 1847; x_wconf 83' lang='lat' dir='ltr'>est</span> <span class='ocrx_word' id='word_1_216' title='bbox 1004 1814 1131 1847; x_wconf 86' lang='lat' dir='ltr'>fidncia</span> <span class='ocrx_word' id='word_1_217' title='bbox 1154 1826 1208 1846; x_wconf 90' lang='lat' dir='ltr'>re-</span> 
     </span>
     <span class='ocr_line' id='line_1_34' title="bbox 217 1865 1206 1911; baseline -0.006 -8"><span class='ocrx_word' id='word_1_218' title='bbox 217 1870 496 1908; x_wconf 73' lang='lat' dir='ltr'>conciliationis,</span> <span class='ocrx_word' id='word_1_219' title='bbox 525 1868 688 1907; x_wconf 87' lang='lat' dir='ltr'>dilectio,</span> <span class='ocrx_word' id='word_1_220' title='bbox 720 1879 816 1911; x_wconf 90' lang='lat' dir='ltr'>spes,</span> <span class='ocrx_word' id='word_1_221' title='bbox 852 1866 1053 1899; x_wconf 83' lang='lat' dir='ltr'>tolerantia.</span> <span class='ocrx_word' id='word_1_222' title='bbox 1106 1865 1206 1898; x_wconf 77' lang='lat' dir='ltr'>quta</span> 
     </span>
     <span class='ocr_line' id='line_1_35' title="bbox 217 1917 1207 1965; baseline -0.006 -10"><span class='ocrx_word' id='word_1_223' title='bbox 217 1923 409 1955; x_wconf 86' lang='lat' dir='ltr'>secundum</span> <span class='ocrx_word' id='word_1_224' title='bbox 435 1925 685 1965; x_wconf 86' lang='lat' dir='ltr'>praeceptum,</span> <span class='ocrx_word' id='word_1_225' title='bbox 719 1918 919 1957; x_wconf 70' lang='lat' dir='ltr'>invocatio,</span> <span class='ocrx_word' id='word_1_226' title='bbox 953 1917 1096 1957; x_wconf 90' lang='lat' dir='ltr'>concio,</span> <span class='ocrx_word' id='word_1_227' title='bbox 1124 1929 1207 1950; x_wconf 92' lang='lat' dir='ltr'>con-</span> 
     </span>
     <span class='ocr_line' id='line_1_36' title="bbox 216 1968 1207 2017; baseline -0.006 -11"><span class='ocrx_word' id='word_1_228' title='bbox 216 1973 338 2013; x_wconf 80' lang='lat' dir='ltr'>sessio,</span> <span class='ocrx_word' id='word_1_229' title='bbox 379 1973 574 2017; x_wconf 83' lang='lat' dir='ltr'>gratiarum</span> <span class='ocrx_word' id='word_1_230' title='bbox 601 1971 705 2004; x_wconf 88' lang='lat' dir='ltr'>actio.</span> <span class='ocrx_word' id='word_1_231' title='bbox 771 1969 869 2003; x_wconf 79' lang='lat' dir='ltr'>quta</span> <span class='ocrx_word' id='word_1_232' title='bbox 900 1970 1060 2009; x_wconf 83' lang='lat' dir='ltr'>tertium,</span> <span class='ocrx_word' id='word_1_233' title='bbox 1102 1968 1207 2001; x_wconf 89' lang='lat' dir='ltr'>mini-</span> 
     </span>
     <span class='ocr_line' id='line_1_37' title="bbox 216 2022 1206 2068; baseline -0.005 -10"><span class='ocrx_word' id='word_1_234' title='bbox 216 2025 313 2059; x_wconf 87' lang='lat' dir='ltr'>sterii</span> <span class='ocrx_word' id='word_1_235' title='bbox 339 2023 549 2068; x_wconf 71' lang='lat' dir='ltr'>evangelici,</span> <span class='ocrx_word' id='word_1_236' title='bbox 583 2022 784 2056; x_wconf 88' lang='lat' dir='ltr'>studiorum</span> <span class='ocrx_word' id='word_1_237' title='bbox 811 2022 1016 2059; x_wconf 87' lang='lat' dir='ltr'>doctrinae,</span> <span class='ocrx_word' id='word_1_238' title='bbox 1052 2027 1085 2053; x_wconf 86' lang='lat' dir='ltr'>et</span> <span class='ocrx_word' id='word_1_239' title='bbox 1113 2032 1206 2053; x_wconf 85' lang='lat' dir='ltr'>cere-</span> 
     </span>
     <span class='ocr_line' id='line_1_38' title="bbox 216 2072 1205 2109; baseline -0.004 0"><span class='ocrx_word' id='word_1_240' title='bbox 216 2076 420 2109; x_wconf 88' lang='lat' dir='ltr'>moniarum</span> <span class='ocrx_word' id='word_1_241' title='bbox 457 2075 660 2108; x_wconf 70' lang='lat' dir='ltr'>divinarum</span> <span class='ocrx_word' id='word_1_242' title='bbox 700 2073 935 2106; x_wconf 76' lang='lat' dir='ltr'>conservatio.</span> <span class='ocrx_word' id='word_1_243' title='bbox 1005 2072 1054 2105; x_wconf 81' lang='lat' dir='ltr'>Ut</span> <span class='ocrx_word' id='word_1_244' title='bbox 1087 2078 1205 2105; x_wconf 83' lang='lat' dir='ltr'>autem</span> 
     </span>
     <span class='ocr_line' id='line_1_39' title="bbox 216 2123 1203 2172; baseline -0.004 -11"><span class='ocrx_word' id='word_1_245' title='bbox 216 2141 319 2172; x_wconf 84' lang='lat' dir='ltr'>saepe</span> <span class='ocrx_word' id='word_1_246' title='bbox 351 2128 500 2166; x_wconf 86' lang='lat' dir='ltr'>dicitur,</span> <span class='ocrx_word' id='word_1_247' title='bbox 544 2126 702 2171; x_wconf 84' lang='lat' dir='ltr'>aliquam</span> <span class='ocrx_word' id='word_1_248' title='bbox 726 2124 811 2169; x_wconf 85' lang='lat' dir='ltr'>legis</span> <span class='ocrx_word' id='word_1_249' title='bbox 838 2125 1004 2157; x_wconf 84' lang='lat' dir='ltr'>notitiam</span> <span class='ocrx_word' id='word_1_250' title='bbox 1028 2123 1203 2169; x_wconf 85' lang='lat' dir='ltr'>reliquam</span> 
     </span>
     <span class='ocr_line' id='line_1_40' title="bbox 217 2175 1202 2217; baseline -0.006 -4"><span class='ocrx_word' id='word_1_251' title='bbox 217 2192 288 2213; x_wconf 84' lang='lat' dir='ltr'>esse</span> <span class='ocrx_word' id='word_1_252' title='bbox 313 2179 351 2212; x_wconf 88' lang='lat' dir='ltr'>in</span> <span class='ocrx_word' id='word_1_253' title='bbox 374 2185 502 2212; x_wconf 85' lang='lat' dir='ltr'>natura</span> <span class='ocrx_word' id='word_1_254' title='bbox 527 2175 705 2217; x_wconf 90' lang='lat' dir='ltr'>hominis,</span> <span class='ocrx_word' id='word_1_255' title='bbox 750 2176 856 2209; x_wconf 87' lang='lat' dir='ltr'>etiam</span> <span class='ocrx_word' id='word_1_256' title='bbox 881 2188 955 2209; x_wconf 90' lang='lat' dir='ltr'>non</span> <span class='ocrx_word' id='word_1_257' title='bbox 979 2175 1111 2209; x_wconf 87' lang='lat' dir='ltr'>renati:</span> <span class='ocrx_word' id='word_1_258' title='bbox 1155 2175 1202 2208; x_wconf 90' lang='lat' dir='ltr'>ita</span> 
     </span>
     <span class='ocr_line' id='line_1_41' title="bbox 214 2227 1203 2273; baseline -0.005 -9"><span class='ocrx_word' id='word_1_259' title='bbox 214 2232 394 2264; x_wconf 81' lang='lat' dir='ltr'>sciendum</span> <span class='ocrx_word' id='word_1_260' title='bbox 412 2236 474 2270; x_wconf 86' lang='lat' dir='ltr'>est,</span> <span class='ocrx_word' id='word_1_261' title='bbox 501 2227 822 2262; x_wconf 77' lang='lat' dir='ltr'>demonstrationes</span> <span class='ocrx_word' id='word_1_262' title='bbox 840 2240 913 2262; x_wconf 87' lang='lat' dir='ltr'>esse</span> <span class='ocrx_word' id='word_1_263' title='bbox 930 2233 1203 2273; x_wconf 83' lang='lat' dir='ltr'>praeceptorum</span> 
     </span>
     <span class='ocr_line' id='line_1_42' title="bbox 216 2280 660 2326; baseline 0 -11"><span class='ocrx_word' id='word_1_264' title='bbox 216 2283 373 2326; x_wconf 82' lang='lat' dir='ltr'>decalogi</span> <span class='ocrx_word' id='word_1_265' title='bbox 393 2280 660 2316; x_wconf 87' lang='lat' dir='ltr'>eruditissimas.</span> 
     </span>
    </p>
   </div>
   <div class='ocr_carea' id='block_1_6' title="bbox 622 2365 793 2400">
    <p class='ocr_par' dir='ltr' id='par_1_9' title="bbox 622 2365 793 2400">
     <span class='ocr_line' id='line_1_43' title="bbox 622 2365 793 2400; baseline -0.012 0"><span class='ocrx_word' id='word_1_266' title='bbox 622 2365 793 2400; x_wconf 82' lang='lat' dir='ltr'>Prima:</span> 
     </span>
    </p>
   </div>
   <div class='ocr_carea' id='block_1_7' title="bbox 266 2433 1202 2787">
    <p class='ocr_par' dir='ltr' id='par_1_10' title="bbox 266 2433 1202 2787">
     <span class='ocr_line' id='line_1_44' title="bbox 266 2433 1202 2477; baseline -0.009 -6"><span class='ocrx_word' id='word_1_267' title='bbox 266 2438 313 2471; x_wconf 67' lang='lat' dir='ltr'>[t</span> <span class='ocrx_word' id='word_1_268' title='bbox 332 2436 367 2468; x_wconf 90' lang='lat' dir='ltr'>in</span> <span class='ocrx_word' id='word_1_269' title='bbox 386 2436 608 2469; x_wconf 82' lang='lat' dir='ltr'>naturalibus</span> <span class='ocrx_word' id='word_1_270' title='bbox 626 2435 768 2467; x_wconf 80' lang='lat' dir='ltr'>effectus</span> <span class='ocrx_word' id='word_1_271' title='bbox 793 2433 925 2477; x_wconf 79' lang='lat' dir='ltr'>pendet</span> <span class='ocrx_word' id='word_1_272' title='bbox 953 2444 971 2464; x_wconf 90' lang='lat' dir='ltr'>a</span> <span class='ocrx_word' id='word_1_273' title='bbox 996 2444 1056 2465; x_wconf 92' lang='lat' dir='ltr'>sua</span> <span class='ocrx_word' id='word_1_274' title='bbox 1086 2443 1202 2470; x_wconf 89' lang='lat' dir='ltr'>causa,</span> 
     </span>
     <span class='ocr_line' id='line_1_45' title="bbox 317 2483 1201 2532; baseline -0.006 -12"><span class='ocrx_word' id='word_1_275' title='bbox 317 2494 349 2520; x_wconf 86' lang='lat' dir='ltr'>et</span> <span class='ocrx_word' id='word_1_276' title='bbox 360 2500 404 2532; x_wconf 88' lang='lat' dir='ltr'>qu</span> <span class='ocrx_word' id='word_1_277' title='bbox 411 2489 501 2519; x_wconf 88' lang='lat' dir='ltr'>ando</span> <span class='ocrx_word' id='word_1_278' title='bbox 512 2500 585 2520; x_wconf 92' lang='grc'><strong>111111</strong></span> <span class='ocrx_word' id='word_1_279' title='bbox 595 2487 828 2530; x_wconf 81' lang='lat' dir='ltr'>obtemperat,</span> <span class='ocrx_word' id='word_1_280' title='bbox 845 2484 986 2517; x_wconf 78' lang='lat' dir='ltr'>effectus</span> <span class='ocrx_word' id='word_1_281' title='bbox 997 2484 1069 2516; x_wconf 88' lang='lat' dir='ltr'>dest</span> <span class='ocrx_word' id='word_1_282' title='bbox 1076 2483 1201 2522; x_wconf 82' lang='lat' dir='ltr'>ruitur,</span> 
     </span>
     <span class='ocr_line' id='line_1_46' title="bbox 314 2534 1200 2582; baseline -0.007 -10"><span class='ocrx_word' id='word_1_283' title='bbox 314 2545 353 2572; x_wconf 84' lang='lat' dir='ltr'>ut</span> <span class='ocrx_word' id='word_1_284' title='bbox 372 2539 486 2571; x_wconf 77' lang='lat' dir='ltr'>infans</span> <span class='ocrx_word' id='word_1_285' title='bbox 505 2539 539 2570; x_wconf 91' lang='lat' dir='ltr'>in</span> <span class='ocrx_word' id='word_1_286' title='bbox 565 2545 684 2577; x_wconf 88' lang='lat' dir='ltr'>utero,</span> <span class='ocrx_word' id='word_1_287' title='bbox 713 2540 856 2582; x_wconf 83' lang='lat' dir='ltr'>quando</span> <span class='ocrx_word' id='word_1_288' title='bbox 881 2535 1017 2579; x_wconf 86' lang='lat' dir='ltr'>rumpit</span> <span class='ocrx_word' id='word_1_289' title='bbox 1040 2534 1200 2567; x_wconf 77' lang='lat' dir='ltr'>fasciolas</span> 
     </span>
     <span class='ocr_line' id='line_1_47' title="bbox 316 2586 1199 2633; baseline -0.005 -11"><span class='ocrx_word' id='word_1_290' title='bbox 316 2596 396 2622; x_wconf 88' lang='lat' dir='ltr'>ante</span> <span class='ocrx_word' id='word_1_291' title='bbox 415 2596 572 2633; x_wconf 81' lang='lat' dir='ltr'>tempus,</span> <span class='ocrx_word' id='word_1_292' title='bbox 601 2589 834 2631; x_wconf 74' lang='lat' dir='ltr'>extinguitur:</span> <span class='ocrx_word' id='word_1_293' title='bbox 861 2587 909 2620; x_wconf 84' lang='lat' dir='ltr'>sic</span> <span class='ocrx_word' id='word_1_294' title='bbox 931 2587 1074 2620; x_wconf 80' lang='lat' dir='ltr'>effectus</span> <span class='ocrx_word' id='word_1_295' title='bbox 1097 2586 1199 2618; x_wconf 86' lang='lat' dir='ltr'>intel-</span> 
     </span>
     <span class='ocr_line' id='line_1_48' title="bbox 314 2642 1198 2685; baseline -0.005 -12"><span class='ocrx_word' id='word_1_296' title='bbox 314 2642 442 2685; x_wconf 88' lang='lat' dir='ltr'>ligens,</span> <span class='ocrx_word' id='word_1_297' title='bbox 470 2643 601 2685; x_wconf 81' lang='lat' dir='ltr'>pendet</span> <span class='ocrx_word' id='word_1_298' title='bbox 624 2653 642 2673; x_wconf 92' lang='lat' dir='ltr'>a</span> <span class='ocrx_word' id='word_1_299' title='bbox 667 2652 728 2674; x_wconf 86' lang='lat' dir='ltr'>sua</span> <span class='ocrx_word' id='word_1_300' title='bbox 753 2651 875 2678; x_wconf 85' lang='lat' dir='ltr'>causa,</span> <span class='ocrx_word' id='word_1_301' title='bbox 903 2644 1032 2671; x_wconf 85' lang='lat' dir='ltr'>etcum</span> <span class='ocrx_word' id='word_1_302' title='bbox 1058 2650 1198 2670; x_wconf 68' lang='grc'><strong>0110011-</strong></span> 
     </span>
     <span class='ocr_line' id='line_1_49' title="bbox 315 2689 1197 2737; baseline -0.002 -12"><span class='ocrx_word' id='word_1_303' title='bbox 315 2705 439 2737; x_wconf 78' lang='lat' dir='ltr'>gruere</span> <span class='ocrx_word' id='word_1_304' title='bbox 455 2692 555 2724; x_wconf 86' lang='lat' dir='ltr'>debet</span> <span class='ocrx_word' id='word_1_305' title='bbox 568 2718 576 2731; x_wconf 87' lang='lat'>,</span> <span class='ocrx_word' id='word_1_306' title='bbox 604 2704 677 2724; x_wconf 89' lang='grc'><strong>111111</strong></span> <span class='ocrx_word' id='word_1_307' title='bbox 698 2702 895 2735; x_wconf 81' lang='lat' dir='ltr'>congruens</span> <span class='ocrx_word' id='word_1_308' title='bbox 912 2689 1047 2733; x_wconf 87' lang='lat' dir='ltr'>rumpit</span> <span class='ocrx_word' id='word_1_309' title='bbox 1062 2690 1197 2731; x_wconf 81' lang='lat' dir='ltr'>foedus,</span> 
     </span>
     <span class='ocr_line' id='line_1_50' title="bbox 314 2741 1072 2787; baseline -0.005 -9"><span class='ocrx_word' id='word_1_310' title='bbox 314 2751 347 2778; x_wconf 86' lang='lat' dir='ltr'>et</span> <span class='ocrx_word' id='word_1_311' title='bbox 363 2744 504 2778; x_wconf 87' lang='lat' dir='ltr'>relictus</span> <span class='ocrx_word' id='word_1_312' title='bbox 520 2756 538 2776; x_wconf 91' lang='lat' dir='ltr'>a</span> <span class='ocrx_word' id='word_1_313' title='bbox 556 2743 671 2787; x_wconf 83' lang='lat' dir='ltr'>prima</span> <span class='ocrx_word' id='word_1_314' title='bbox 691 2755 792 2776; x_wconf 83' lang='lat' dir='ltr'>causa</span> <span class='ocrx_word' id='word_1_315' title='bbox 806 2769 815 2783; x_wconf 93' lang='lat'>,</span> <span class='ocrx_word' id='word_1_316' title='bbox 843 2741 1072 2785; x_wconf 81' lang='lat' dir='ltr'>extinguitur.</span> 
     </span>
    </p>
   </div>
   <div class='ocr_carea' id='block_1_8' title="bbox 499 134 1973 176">
    <p class='ocr_par' dir='ltr' id='par_1_11' title="bbox 499 134 1973 176">
     <span class='ocr_line' id='line_1_51' title="bbox 499 134 1973 176; baseline -0.003 0"><span class='ocrx_word' id='word_1_317' title='bbox 499 138 700 176; x_wconf 71' lang='lat' dir='ltr'>SCRIPTA</span> <span class='ocrx_word' id='word_1_318' title='bbox 723 138 798 173; x_wconf 89' lang='lat' dir='ltr'>PH.</span> <span class='ocrx_word' id='word_1_319' title='bbox 821 136 934 172; x_wconf 77' lang='lat' dir='ltr'><strong>MEL.</strong></span> <span class='ocrx_word' id='word_1_320' title='bbox 961 136 1026 170; x_wconf 83' lang='lat' dir='ltr'>AD</span> <span class='ocrx_word' id='word_1_321' title='bbox 1052 134 1261 170; x_wconf 78' lang='lat' dir='ltr'>ETHICEN</span> <span class='ocrx_word' id='word_1_322' title='bbox 1288 136 1352 171; x_wconf 86' lang='lat' dir='ltr'>ET</span> <span class='ocrx_word' id='word_1_323' title='bbox 1380 135 1635 171; x_wconf 82' lang='lat' dir='ltr'>POLITICEN</span> <span class='ocrx_word' id='word_1_324' title='bbox 1664 136 1973 173; x_wconf 67' lang='lat' dir='ltr'>SPECTANTIA.</span> 
     </span>
    </p>
   </div>
   <div class='ocr_carea' id='block_1_9' title="bbox 1307 223 2249 360">
    <p class='ocr_par' dir='ltr' id='par_1_12' title="bbox 1307 223 2249 360">
     <span class='ocr_line' id='line_1_52' title="bbox 1308 223 1746 258; baseline 0.007 -3"><span class='ocrx_word' id='word_1_325' title='bbox 1308 223 1426 256; x_wconf 87' lang='lat' dir='ltr'>Homo</span> <span class='ocrx_word' id='word_1_326' title='bbox 1444 230 1494 256; x_wconf 84' lang='lat' dir='ltr'>est</span> <span class='ocrx_word' id='word_1_327' title='bbox 1510 224 1652 257; x_wconf 78' lang='lat' dir='ltr'>effectus</span> <span class='ocrx_word' id='word_1_328' title='bbox 1667 223 1746 258; x_wconf 82' lang='lat' dir='ltr'>Dei.</span> 
     </span>
     <span class='ocr_line' id='line_1_53' title="bbox 1307 275 2249 320; baseline -0.001 -13"><span class='ocrx_word' id='word_1_329' title='bbox 1307 275 1404 317; x_wconf 78' lang='lat' dir='ltr'>Ergo</span> <span class='ocrx_word' id='word_1_330' title='bbox 1423 287 1501 307; x_wconf 83' lang='grc'><strong>011111</strong></span> <span class='ocrx_word' id='word_1_331' title='bbox 1521 288 1562 309; x_wconf 88' lang='lat' dir='ltr'>eo</span> <span class='ocrx_word' id='word_1_332' title='bbox 1580 287 1775 320; x_wconf 83' lang='lat' dir='ltr'>congruere</span> <span class='ocrx_word' id='word_1_333' title='bbox 1792 275 1915 316; x_wconf 87' lang='lat' dir='ltr'>debet,</span> <span class='ocrx_word' id='word_1_334' title='bbox 1944 280 1977 306; x_wconf 84' lang='lat' dir='ltr'>et</span> <span class='ocrx_word' id='word_1_335' title='bbox 1994 285 2067 306; x_wconf 88' lang='lat' dir='ltr'>non</span> <span class='ocrx_word' id='word_1_336' title='bbox 2082 285 2249 318; x_wconf 81' lang='lat' dir='ltr'>rumpere</span> 
     </span>
     <span class='ocr_line' id='line_1_54' title="bbox 1358 326 1496 360; baseline 0.007 -1"><span class='ocrx_word' id='word_1_337' title='bbox 1358 326 1496 360; x_wconf 76' lang='lat' dir='ltr'>foedus.</span> 
     </span>
    </p>
   </div>
   <div class='ocr_carea' id='block_1_10' title="bbox 1641 411 1864 445">
    <p class='ocr_par' dir='ltr' id='par_1_13' title="bbox 1641 411 1864 445">
     <span class='ocr_line' id='line_1_55' title="bbox 1641 411 1864 445; baseline 0 -1"><span class='ocrx_word' id='word_1_338' title='bbox 1641 411 1864 445; x_wconf 88' lang='lat' dir='ltr'>Secunda:</span> 
     </span>
    </p>
   </div>
   <div class='ocr_carea' id='block_1_11' title="bbox 1309 477 2252 730">
    <p class='ocr_par' dir='ltr' id='par_1_14' title="bbox 1309 477 2087 524">
     <span class='ocr_line' id='line_1_56' title="bbox 1309 477 2087 524; baseline 0.001 -12"><span class='ocrx_word' id='word_1_339' title='bbox 1309 478 1430 523; x_wconf 77' lang='lat' dir='ltr'>Imago</span> <span class='ocrx_word' id='word_1_340' title='bbox 1448 479 1551 511; x_wconf 90' lang='lat' dir='ltr'>debet</span> <span class='ocrx_word' id='word_1_341' title='bbox 1570 491 1764 523; x_wconf 83' lang='lat' dir='ltr'>congruere</span> <span class='ocrx_word' id='word_1_342' title='bbox 1784 492 1862 512; x_wconf 89' lang='lat' dir='ltr'>cum</span> <span class='ocrx_word' id='word_1_343' title='bbox 1882 477 2087 524; x_wconf 72' lang='lat' dir='ltr'>archetypo.</span> 
     </span>
    </p>

    <p class='ocr_par' dir='ltr' id='par_1_15' title="bbox 1312 529 2252 680">
     <span class='ocr_line' id='line_1_57' title="bbox 1312 529 2249 576; baseline -0.001 -13"><span class='ocrx_word' id='word_1_344' title='bbox 1312 531 1428 563; x_wconf 80' lang='lat' dir='ltr'>Homo</span> <span class='ocrx_word' id='word_1_345' title='bbox 1447 537 1497 563; x_wconf 87' lang='lat' dir='ltr'>est</span> <span class='ocrx_word' id='word_1_346' title='bbox 1512 530 1674 563; x_wconf 86' lang='lat' dir='ltr'>conditus</span> <span class='ocrx_word' id='word_1_347' title='bbox 1687 557 1695 569; x_wconf 90' lang='lat'>,</span> <span class='ocrx_word' id='word_1_348' title='bbox 1722 536 1760 562; x_wconf 88' lang='lat' dir='ltr'>ut</span> <span class='ocrx_word' id='word_1_349' title='bbox 1777 531 1820 564; x_wconf 91' lang='lat' dir='ltr'>sit</span> <span class='ocrx_word' id='word_1_350' title='bbox 1838 531 1954 576; x_wconf 83' lang='lat' dir='ltr'>imago</span> <span class='ocrx_word' id='word_1_351' title='bbox 1973 531 2057 571; x_wconf 85' lang='lat' dir='ltr'>Dei,</span> <span class='ocrx_word' id='word_1_352' title='bbox 2085 536 2125 563; x_wconf 87' lang='lat' dir='ltr'>ut</span> <span class='ocrx_word' id='word_1_353' title='bbox 2144 529 2249 562; x_wconf 87' lang='lat' dir='ltr'>etiam</span> 
     </span>
     <span class='ocr_line' id='line_1_58' title="bbox 1363 580 2252 627; baseline -0.002 -12"><span class='ocrx_word' id='word_1_354' title='bbox 1363 583 1399 615; x_wconf 91' lang='lat' dir='ltr'>in</span> <span class='ocrx_word' id='word_1_355' title='bbox 1429 582 1538 615; x_wconf 65' lang='lat' dir='ltr'>veteri</span> <span class='ocrx_word' id='word_1_356' title='bbox 1563 594 1666 615; x_wconf 59' lang='lat' dir='ltr'>xersu</span> <span class='ocrx_word' id='word_1_357' title='bbox 1691 581 1836 614; x_wconf 84' lang='lat' dir='ltr'>dicitur:</span> <span class='ocrx_word' id='word_1_358' title='bbox 1876 582 2158 627; x_wconf 76' lang='lat' dir='ltr'>Exemplumque</span> <span class='ocrx_word' id='word_1_359' title='bbox 2184 580 2252 614; x_wconf 86' lang='lat' dir='ltr'>Dei</span> 
     </span>
     <span class='ocr_line' id='line_1_59' title="bbox 1363 633 2002 680; baseline -0.003 -13"><span class='ocrx_word' id='word_1_360' title='bbox 1363 634 1512 680; x_wconf 84' lang='lat' dir='ltr'>quisque</span> <span class='ocrx_word' id='word_1_361' title='bbox 1529 640 1580 667; x_wconf 85' lang='lat' dir='ltr'>est</span> <span class='ocrx_word' id='word_1_362' title='bbox 1596 633 1633 665; x_wconf 89' lang='lat' dir='ltr'>in</span> <span class='ocrx_word' id='word_1_363' title='bbox 1652 633 1807 677; x_wconf 76' lang='lat' dir='ltr'>imagine</span> <span class='ocrx_word' id='word_1_364' title='bbox 1823 645 1934 677; x_wconf 75' lang='lat' dir='ltr'>parva</span> <span class='ocrx_word' id='word_1_365' title='bbox 1946 633 2002 679; x_wconf 75' lang='lat'>¹⁹).</span> 
     </span>
    </p>

    <p class='ocr_par' dir='ltr' id='par_1_16' title="bbox 1310 685 1950 730">
     <span class='ocr_line' id='line_1_60' title="bbox 1310 685 1950 730; baseline 0 -11"><span class='ocrx_word' id='word_1_366' title='bbox 1310 685 1406 730; x_wconf 82' lang='lat' dir='ltr'>Ergo</span> <span class='ocrx_word' id='word_1_367' title='bbox 1431 697 1627 730; x_wconf 75' lang='lat' dir='ltr'>congruere</span> <span class='ocrx_word' id='word_1_368' title='bbox 1644 697 1723 717; x_wconf 90' lang='lat' dir='ltr'>cum</span> <span class='ocrx_word' id='word_1_369' title='bbox 1740 685 1816 718; x_wconf 87' lang='lat' dir='ltr'>Deo</span> <span class='ocrx_word' id='word_1_370' title='bbox 1835 685 1950 719; x_wconf 86' lang='lat' dir='ltr'>debet.</span> 
     </span>
    </p>
   </div>
   <div class='ocr_carea' id='block_1_12' title="bbox 1310 769 2253 1437">
    <p class='ocr_par' dir='ltr' id='par_1_17' title="bbox 1344 769 2173 805">
     <span class='ocr_line' id='line_1_61' title="bbox 1344 769 2173 805; baseline -0.005 0"><span class='ocrx_word' id='word_1_371' title='bbox 1344 771 1503 805; x_wconf 88' lang='lat' dir='ltr'>Tertia</span> <span class='ocrx_word' id='word_1_372' title='bbox 1533 771 1786 805; x_wconf 87' lang='lat' dir='ltr'>clarissima</span> <span class='ocrx_word' id='word_1_373' title='bbox 1817 777 1859 803; x_wconf 88' lang='lat' dir='ltr'>et</span> <span class='ocrx_word' id='word_1_374' title='bbox 1885 769 2173 804; x_wconf 79' lang='lat' dir='ltr'>firmissima:</span> 
     </span>
    </p>

    <p class='ocr_par' dir='ltr' id='par_1_18' title="bbox 1310 838 2253 1282">
     <span class='ocr_line' id='line_1_62' title="bbox 1310 838 2250 883; baseline -0.002 -10"><span class='ocrx_word' id='word_1_375' title='bbox 1310 841 1446 876; x_wconf 59' lang='lat' dir='ltr'>Natura</span> <span class='ocrx_word' id='word_1_376' title='bbox 1480 838 1670 873; x_wconf 87' lang='lat' dir='ltr'>hominum</span> <span class='ocrx_word' id='word_1_377' title='bbox 1707 840 1849 873; x_wconf 87' lang='lat' dir='ltr'>condita</span> <span class='ocrx_word' id='word_1_378' title='bbox 1893 846 1943 873; x_wconf 86' lang='lat' dir='ltr'>est</span> <span class='ocrx_word' id='word_1_379' title='bbox 1981 839 2170 883; x_wconf 85' lang='lat' dir='ltr'>praecipue</span> <span class='ocrx_word' id='word_1_380' title='bbox 2205 839 2250 871; x_wconf 83' lang='lat' dir='ltr'>ad</span> 
     </span>
     <span class='ocr_line' id='line_1_63' title="bbox 1362 890 2253 934; baseline -0.002 -10"><span class='ocrx_word' id='word_1_381' title='bbox 1362 891 1582 934; x_wconf 72' lang='lat' dir='ltr'>agnitionem</span> <span class='ocrx_word' id='word_1_382' title='bbox 1610 891 1689 932; x_wconf 87' lang='lat' dir='ltr'>l)ci,</span> <span class='ocrx_word' id='word_1_383' title='bbox 1731 898 1765 924; x_wconf 82' lang='lat' dir='ltr'>et</span> <span class='ocrx_word' id='word_1_384' title='bbox 1795 898 1833 924; x_wconf 92' lang='lat' dir='ltr'>ut</span> <span class='ocrx_word' id='word_1_385' title='bbox 1869 890 1905 923; x_wconf 90' lang='lat' dir='ltr'>in</span> <span class='ocrx_word' id='word_1_386' title='bbox 1929 891 1986 923; x_wconf 86' lang='lat' dir='ltr'>illa</span> <span class='ocrx_word' id='word_1_387' title='bbox 2013 890 2193 934; x_wconf 81' lang='lat' dir='ltr'>agnitione</span> <span class='ocrx_word' id='word_1_388' title='bbox 2220 890 2253 923; x_wconf 88' lang='lat' dir='ltr'>ei</span> 
     </span>
     <span class='ocr_line' id='line_1_64' title="bbox 1365 943 2252 985; baseline -0.002 -10"><span class='ocrx_word' id='word_1_389' title='bbox 1365 943 1525 982; x_wconf 86' lang='lat' dir='ltr'>obediat,</span> <span class='ocrx_word' id='word_1_390' title='bbox 1577 944 1769 976; x_wconf 88' lang='lat' dir='ltr'>secundum</span> <span class='ocrx_word' id='word_1_391' title='bbox 1805 948 1915 975; x_wconf 82' lang='lat' dir='ltr'>totam</span> <span class='ocrx_word' id='word_1_392' title='bbox 1947 943 2057 985; x_wconf 78' lang='lat' dir='ltr'>legem</span> <span class='ocrx_word' id='word_1_393' title='bbox 2088 948 2252 981; x_wconf 83' lang='lat' dir='ltr'>naturae,</span> 
     </span>
     <span class='ocr_line' id='line_1_65' title="bbox 1367 992 2251 1040; baseline -0.002 -13"><span class='ocrx_word' id='word_1_394' title='bbox 1367 994 1449 1040; x_wconf 86' lang='lat' dir='ltr'>quia</span> <span class='ocrx_word' id='word_1_395' title='bbox 1468 992 1554 1026; x_wconf 86' lang='lat' dir='ltr'>haee</span> <span class='ocrx_word' id='word_1_396' title='bbox 1574 994 1775 1026; x_wconf 83' lang='lat' dir='ltr'>obedientia</span> <span class='ocrx_word' id='word_1_397' title='bbox 1794 1001 1827 1026; x_wconf 91' lang='lat' dir='ltr'>et</span> <span class='ocrx_word' id='word_1_398' title='bbox 1843 993 1976 1035; x_wconf 81' lang='lat' dir='ltr'>agnitio</span> <span class='ocrx_word' id='word_1_399' title='bbox 2001 999 2083 1026; x_wconf 86' lang='lat' dir='ltr'>sunt</span> <span class='ocrx_word' id='word_1_400' title='bbox 2103 992 2251 1036; x_wconf 87' lang='lat' dir='ltr'>propria</span> 
     </span>
     <span class='ocr_line' id='line_1_66' title="bbox 1365 1041 2251 1089; baseline 0 -12"><span class='ocrx_word' id='word_1_401' title='bbox 1365 1058 1473 1089; x_wconf 87' lang='lat' dir='ltr'>opera</span> <span class='ocrx_word' id='word_1_402' title='bbox 1507 1043 1673 1078; x_wconf 86' lang='lat' dir='ltr'>hominis.</span> <span class='ocrx_word' id='word_1_403' title='bbox 1736 1044 1781 1076; x_wconf 75' lang='lat' dir='ltr'>Et</span> <span class='ocrx_word' id='word_1_404' title='bbox 1809 1050 1848 1077; x_wconf 91' lang='lat' dir='ltr'>ut</span> <span class='ocrx_word' id='word_1_405' title='bbox 1878 1044 2029 1076; x_wconf 84' lang='lat' dir='ltr'>sciamus</span> <span class='ocrx_word' id='word_1_406' title='bbox 2061 1041 2147 1076; x_wconf 87' lang='lat' dir='ltr'>haec</span> <span class='ocrx_word' id='word_1_407' title='bbox 2179 1055 2251 1077; x_wconf 87' lang='lat' dir='ltr'>esse</span> 
     </span>
     <span class='ocr_line' id='line_1_67' title="bbox 1362 1093 2252 1140; baseline 0.002 -14"><span class='ocrx_word' id='word_1_408' title='bbox 1362 1096 1556 1140; x_wconf 85' lang='lat' dir='ltr'>praecipua</span> <span class='ocrx_word' id='word_1_409' title='bbox 1574 1108 1680 1139; x_wconf 88' lang='lat' dir='ltr'>opera</span> <span class='ocrx_word' id='word_1_410' title='bbox 1699 1093 1867 1134; x_wconf 87' lang='grc'><strong>111111111115,</strong></span> <span class='ocrx_word' id='word_1_411' title='bbox 1897 1101 1929 1127; x_wconf 78' lang='lat' dir='ltr'>et</span> <span class='ocrx_word' id='word_1_412' title='bbox 1946 1095 2139 1128; x_wconf 85' lang='lat' dir='ltr'>necessaria</span> <span class='ocrx_word' id='word_1_413' title='bbox 2153 1120 2162 1134; x_wconf 93' lang='lat'>,</span> <span class='ocrx_word' id='word_1_414' title='bbox 2191 1095 2252 1128; x_wconf 80' lang='lat' dir='ltr'>ad-</span> 
     </span>
     <span class='ocr_line' id='line_1_68' title="bbox 1364 1145 2252 1180; baseline 0.001 -1"><span class='ocrx_word' id='word_1_415' title='bbox 1364 1148 1457 1180; x_wconf 86' lang='lat' dir='ltr'>ditus</span> <span class='ocrx_word' id='word_1_416' title='bbox 1493 1153 1545 1179; x_wconf 87' lang='lat' dir='ltr'>est</span> <span class='ocrx_word' id='word_1_417' title='bbox 1579 1159 1698 1179; x_wconf 88' lang='lat' dir='ltr'>carcer</span> <span class='ocrx_word' id='word_1_418' title='bbox 1734 1147 1903 1180; x_wconf 85' lang='lat' dir='ltr'>iudicium</span> <span class='ocrx_word' id='word_1_419' title='bbox 1941 1145 2177 1179; x_wconf 85' lang='lat' dir='ltr'>conscientiae</span> <span class='ocrx_word' id='word_1_420' title='bbox 2217 1152 2252 1180; x_wconf 85' lang='lat' dir='ltr'>et</span> 
     </span>
     <span class='ocr_line' id='line_1_69' title="bbox 1364 1197 2251 1244; baseline 0 -13"><span class='ocrx_word' id='word_1_421' title='bbox 1364 1198 1570 1231; x_wconf 80' lang='lat' dir='ltr'>manifestae</span> <span class='ocrx_word' id='word_1_422' title='bbox 1594 1210 1748 1242; x_wconf 86' lang='lat' dir='ltr'>poenae,</span> <span class='ocrx_word' id='word_1_423' title='bbox 1777 1211 1868 1244; x_wconf 82' lang='lat' dir='ltr'>quae</span> <span class='ocrx_word' id='word_1_424' title='bbox 1895 1204 2093 1244; x_wconf 83' lang='lat' dir='ltr'>sequuntur</span> <span class='ocrx_word' id='word_1_425' title='bbox 2117 1197 2251 1231; x_wconf 86' lang='lat' dir='ltr'>atrocia</span> 
     </span>
     <span class='ocr_line' id='line_1_70' title="bbox 1365 1249 1507 1282; baseline -0.007 0"><span class='ocrx_word' id='word_1_426' title='bbox 1365 1249 1507 1282; x_wconf 87' lang='lat' dir='ltr'>scelera.</span> 
     </span>
    </p>

    <p class='ocr_par' dir='ltr' id='par_1_19' title="bbox 1311 1298 2253 1437">
     <span class='ocr_line' id='line_1_71' title="bbox 1311 1298 2251 1345; baseline -0.001 -11"><span class='ocrx_word' id='word_1_427' title='bbox 1311 1300 1407 1345; x_wconf 82' lang='lat' dir='ltr'>Ergo</span> <span class='ocrx_word' id='word_1_428' title='bbox 1425 1313 1503 1333; x_wconf 88' lang='lat' dir='ltr'>cum</span> <span class='ocrx_word' id='word_1_429' title='bbox 1521 1299 1618 1333; x_wconf 86' lang='lat' dir='ltr'>Deus</span> <span class='ocrx_word' id='word_1_430' title='bbox 1633 1300 1795 1334; x_wconf 85' lang='lat' dir='ltr'>docuerit</span> <span class='ocrx_word' id='word_1_431' title='bbox 1814 1298 1905 1333; x_wconf 88' lang='lat' dir='ltr'>hanc</span> <span class='ocrx_word' id='word_1_432' title='bbox 1929 1299 2167 1333; x_wconf 83' lang='lat' dir='ltr'>obedientiam</span> <span class='ocrx_word' id='word_1_433' title='bbox 2180 1326 2190 1341; x_wconf 91' lang='lat'>,</span> <span class='ocrx_word' id='word_1_434' title='bbox 2217 1306 2251 1333; x_wconf 88' lang='lat' dir='ltr'>et</span> 
     </span>
     <span class='ocr_line' id='line_1_72' title="bbox 1364 1352 2253 1396; baseline -0.001 -11"><span class='ocrx_word' id='word_1_435' title='bbox 1364 1352 1491 1396; x_wconf 87' lang='lat' dir='ltr'>puniat</span> <span class='ocrx_word' id='word_1_436' title='bbox 1513 1364 1588 1385; x_wconf 89' lang='lat' dir='ltr'>non</span> <span class='ocrx_word' id='word_1_437' title='bbox 1614 1352 1837 1393; x_wconf 85' lang='lat' dir='ltr'>obedientes,</span> <span class='ocrx_word' id='word_1_438' title='bbox 1872 1363 2011 1386; x_wconf 87' lang='lat' dir='ltr'>necesse</span> <span class='ocrx_word' id='word_1_439' title='bbox 2041 1358 2092 1385; x_wconf 89' lang='lat' dir='ltr'>est</span> <span class='ocrx_word' id='word_1_440' title='bbox 2114 1352 2147 1386; x_wconf 87' lang='lat' dir='ltr'>ei</span> <span class='ocrx_word' id='word_1_441' title='bbox 2168 1352 2253 1385; x_wconf 87' lang='lat' dir='ltr'>obe-</span> 
     </span>
     <span class='ocr_line' id='line_1_73' title="bbox 1365 1404 1453 1437; baseline 0 0"><span class='ocrx_word' id='word_1_442' title='bbox 1365 1404 1453 1437; x_wconf 83' lang='lat' dir='ltr'>dire.</span> 
     </span>
    </p>
   </div>
   <div class='ocr_carea' id='block_1_13' title="bbox 1409 1488 2102 1522">
    <p class='ocr_par' dir='ltr' id='par_1_20' title="bbox 1409 1488 2102 1522">
     <span class='ocr_line' id='line_1_74' title="bbox 1409 1488 2102 1522; baseline 0.001 -2"><span class='ocrx_word' id='word_1_443' title='bbox 1409 1488 1618 1521; x_wconf 63' lang='lat' dir='ltr'>Virtutes</span> <span class='ocrx_word' id='word_1_444' title='bbox 1646 1489 1876 1521; x_wconf 86' lang='lat' dir='ltr'>secundae</span> <span class='ocrx_word' id='word_1_445' title='bbox 1903 1488 2102 1522; x_wconf 83' lang='lat' dir='ltr'>tabulae.</span> 
     </span>
    </p>
   </div>
   <div class='ocr_carea' id='block_1_14' title="bbox 1252 1555 2252 2678">
    <p class='ocr_par' dir='ltr' id='par_1_21' title="bbox 1259 1555 2252 2063">
     <span class='ocr_line' id='line_1_75' title="bbox 1365 1555 2251 1601; baseline -0.001 -12"><span class='ocrx_word' id='word_1_446' title='bbox 1365 1556 1405 1590; x_wconf 92' lang='lat' dir='ltr'>In</span> <span class='ocrx_word' id='word_1_447' title='bbox 1435 1558 1587 1590; x_wconf 84' lang='lat' dir='ltr'>secunda</span> <span class='ocrx_word' id='word_1_448' title='bbox 1612 1556 1769 1601; x_wconf 87' lang='lat' dir='ltr'>primum</span> <span class='ocrx_word' id='word_1_449' title='bbox 1795 1556 2022 1590; x_wconf 85' lang='lat' dir='ltr'>constituitur</span> <span class='ocrx_word' id='word_1_450' title='bbox 2047 1555 2251 1600; x_wconf 84' lang='lat' dir='ltr'>imperium,</span> 
     </span>
     <span class='ocr_line' id='line_1_76' title="bbox 1263 1606 2251 1654; baseline -0.002 -13"><span class='ocrx_word' id='word_1_451' title='bbox 1263 1622 1332 1654; x_wconf 85' lang='lat' dir='ltr'>quo</span> <span class='ocrx_word' id='word_1_452' title='bbox 1350 1606 1513 1641; x_wconf 87' lang='lat' dir='ltr'>homines</span> <span class='ocrx_word' id='word_1_453' title='bbox 1532 1609 1575 1641; x_wconf 89' lang='lat' dir='ltr'>ab</span> <span class='ocrx_word' id='word_1_454' title='bbox 1593 1606 1797 1641; x_wconf 89' lang='lat' dir='ltr'>hominibus</span> <span class='ocrx_word' id='word_1_455' title='bbox 1814 1609 2070 1651; x_wconf 73' lang='lat' dir='ltr'>gubernantur.</span> <span class='ocrx_word' id='word_1_456' title='bbox 2111 1607 2251 1640; x_wconf 90' lang='lat' dir='ltr'>Horum</span> 
     </span>
     <span class='ocr_line' id='line_1_77' title="bbox 1262 1657 2252 1704; baseline 0 -12"><span class='ocrx_word' id='word_1_457' title='bbox 1262 1660 1495 1704; x_wconf 84' lang='lat' dir='ltr'>imperiorum</span> <span class='ocrx_word' id='word_1_458' title='bbox 1520 1660 1598 1692; x_wconf 84' lang='lat' dir='ltr'>sons</span> <span class='ocrx_word' id='word_1_459' title='bbox 1620 1666 1669 1692; x_wconf 67' lang='lat' dir='ltr'>est</span> <span class='ocrx_word' id='word_1_460' title='bbox 1693 1659 1902 1703; x_wconf 74' lang='lat' dir='ltr'>gubernatio</span> <span class='ocrx_word' id='word_1_461' title='bbox 1929 1665 2130 1704; x_wconf 89' lang='lat' dir='ltr'>parentum.</span> <span class='ocrx_word' id='word_1_462' title='bbox 2188 1657 2252 1692; x_wconf 83' lang='lat' dir='ltr'>Est</span> 
     </span>
     <span class='ocr_line' id='line_1_78' title="bbox 1262 1708 2251 1756; baseline -0.001 -13"><span class='ocrx_word' id='word_1_463' title='bbox 1262 1723 1344 1753; x_wconf 82' lang='lat' dir='ltr'>ergo</span> <span class='ocrx_word' id='word_1_464' title='bbox 1370 1711 1486 1756; x_wconf 86' lang='lat' dir='ltr'>prima</span> <span class='ocrx_word' id='word_1_465' title='bbox 1511 1711 1623 1744; x_wconf 63' lang='lat' dir='ltr'>virtus</span> <span class='ocrx_word' id='word_1_466' title='bbox 1650 1711 1685 1742; x_wconf 96' lang='lat' dir='ltr'>in</span> <span class='ocrx_word' id='word_1_467' title='bbox 1710 1708 1775 1743; x_wconf 89' lang='grc'><strong>11110</strong></span> <span class='ocrx_word' id='word_1_468' title='bbox 1792 1711 1932 1750; x_wconf 85' lang='lat' dir='ltr'>tabula,</span> <span class='ocrx_word' id='word_1_469' title='bbox 1961 1710 2092 1744; x_wconf 86' lang='lat' dir='ltr'>iustitia</span> <span class='ocrx_word' id='word_1_470' title='bbox 2107 1709 2251 1744; x_wconf 58' lang='grc'><strong>11111101·-</strong></span> 
     </span>
     <span class='ocr_line' id='line_1_79' title="bbox 1261 1761 2251 1805; baseline -0.003 -9"><span class='ocrx_word' id='word_1_471' title='bbox 1261 1763 1341 1796; x_wconf 83' lang='lat' dir='ltr'>salis</span> <span class='ocrx_word' id='word_1_472' title='bbox 1354 1789 1362 1801; x_wconf 91' lang='lat'>,</span> <span class='ocrx_word' id='word_1_473' title='bbox 1389 1763 1427 1795; x_wconf 89' lang='lat' dir='ltr'>in</span> <span class='ocrx_word' id='word_1_474' title='bbox 1444 1762 1665 1805; x_wconf 83' lang='lat' dir='ltr'>gubernante</span> <span class='ocrx_word' id='word_1_475' title='bbox 1683 1768 1716 1794; x_wconf 91' lang='lat' dir='ltr'>et</span> <span class='ocrx_word' id='word_1_476' title='bbox 1731 1762 1885 1796; x_wconf 86' lang='lat' dir='ltr'>subdito.</span> <span class='ocrx_word' id='word_1_477' title='bbox 1938 1761 2002 1795; x_wconf 82' lang='lat' dir='ltr'>Est</span> <span class='ocrx_word' id='word_1_478' title='bbox 2017 1768 2134 1794; x_wconf 88' lang='lat' dir='ltr'>autem</span> <span class='ocrx_word' id='word_1_479' title='bbox 2153 1761 2251 1794; x_wconf 87' lang='lat' dir='ltr'>iusti-</span> 
     </span>
     <span class='ocr_line' id='line_1_80' title="bbox 1262 1813 2249 1856; baseline -0.002 -9"><span class='ocrx_word' id='word_1_480' title='bbox 1262 1814 1309 1847; x_wconf 88' lang='lat' dir='ltr'>tia</span> <span class='ocrx_word' id='word_1_481' title='bbox 1345 1813 1573 1853; x_wconf 66' lang='lat' dir='ltr'>universalis,</span> <span class='ocrx_word' id='word_1_482' title='bbox 1617 1813 1816 1846; x_wconf 86' lang='lat' dir='ltr'>obedientia</span> <span class='ocrx_word' id='word_1_483' title='bbox 1856 1813 1951 1846; x_wconf 77' lang='lat' dir='ltr'>iuxta</span> <span class='ocrx_word' id='word_1_484' title='bbox 1989 1825 2113 1846; x_wconf 87' lang='lat' dir='ltr'>omnes</span> <span class='ocrx_word' id='word_1_485' title='bbox 2145 1813 2249 1856; x_wconf 89' lang='lat' dir='ltr'>leges.</span> 
     </span>
     <span class='ocr_line' id='line_1_81' title="bbox 1260 1863 2250 1904; baseline -0.004 -4"><span class='ocrx_word' id='word_1_486' title='bbox 1260 1866 1489 1900; x_wconf 84' lang='lat' dir='ltr'>Gubernator</span> <span class='ocrx_word' id='word_1_487' title='bbox 1520 1865 1625 1898; x_wconf 89' lang='lat' dir='ltr'>debet</span> <span class='ocrx_word' id='word_1_488' title='bbox 1652 1864 1881 1897; x_wconf 85' lang='lat' dir='ltr'>inferioribus</span> <span class='ocrx_word' id='word_1_489' title='bbox 1910 1863 1997 1897; x_wconf 89' lang='lat' dir='ltr'>haec</span> <span class='ocrx_word' id='word_1_490' title='bbox 2026 1864 2167 1904; x_wconf 83' lang='lat' dir='ltr'>onmia,</span> <span class='ocrx_word' id='word_1_491' title='bbox 2211 1870 2250 1897; x_wconf 82' lang='lat' dir='ltr'>ut</span> 
     </span>
     <span class='ocr_line' id='line_1_82' title="bbox 1259 1915 2249 1961; baseline -0.002 -11"><span class='ocrx_word' id='word_1_492' title='bbox 1259 1923 1359 1961; x_wconf 84' lang='lat' dir='ltr'>regat</span> <span class='ocrx_word' id='word_1_493' title='bbox 1377 1930 1435 1950; x_wconf 87' lang='lat' dir='ltr'>eos</span> <span class='ocrx_word' id='word_1_494' title='bbox 1452 1918 1645 1949; x_wconf 88' lang='lat' dir='ltr'>secundum</span> <span class='ocrx_word' id='word_1_495' title='bbox 1670 1928 1793 1948; x_wconf 87' lang='grc'><strong>01111105</strong></span> <span class='ocrx_word' id='word_1_496' title='bbox 1815 1916 1907 1959; x_wconf 79' lang='lat' dir='ltr'>leges</span> <span class='ocrx_word' id='word_1_497' title='bbox 1932 1915 2102 1959; x_wconf 82' lang='lat' dir='ltr'>decalogi.</span> <span class='ocrx_word' id='word_1_498' title='bbox 2156 1915 2249 1949; x_wconf 79' lang='lat' dir='ltr'>Rur-</span> 
     </span>
     <span class='ocr_line' id='line_1_83' title="bbox 1259 1966 2246 2011; baseline -0.002 -9"><span class='ocrx_word' id='word_1_499' title='bbox 1259 1982 1316 2002; x_wconf 86' lang='lat' dir='ltr'>sus</span> <span class='ocrx_word' id='word_1_500' title='bbox 1341 1974 1375 2001; x_wconf 90' lang='lat' dir='ltr'>et</span> <span class='ocrx_word' id='word_1_501' title='bbox 1400 1968 1548 2001; x_wconf 75' lang='lat' dir='ltr'>inferior</span> <span class='ocrx_word' id='word_1_502' title='bbox 1572 1968 1676 2001; x_wconf 88' lang='lat' dir='ltr'>debet</span> <span class='ocrx_word' id='word_1_503' title='bbox 1700 1967 1936 2000; x_wconf 86' lang='lat' dir='ltr'>obedientiam</span> <span class='ocrx_word' id='word_1_504' title='bbox 1956 1973 2136 2011; x_wconf 86' lang='lat' dir='ltr'>praestare</span> <span class='ocrx_word' id='word_1_505' title='bbox 2153 1966 2246 2000; x_wconf 75' lang='lat' dir='ltr'>iuxta</span> 
     </span>
     <span class='ocr_line' id='line_1_84' title="bbox 1260 2021 1508 2063; baseline -0.004 -9"><span class='ocrx_word' id='word_1_506' title='bbox 1260 2033 1383 2054; x_wconf 87' lang='lat' dir='ltr'>omnes</span> <span class='ocrx_word' id='word_1_507' title='bbox 1405 2021 1508 2063; x_wconf 77' lang='lat' dir='ltr'>leges.</span> 
     </span>
    </p>

    <p class='ocr_par' dir='ltr' id='par_1_22' title="bbox 1307 2069 2248 2218">
     <span class='ocr_line' id='line_1_85' title="bbox 1361 2069 2246 2115; baseline -0.001 -11"><span class='ocrx_word' id='word_1_508' title='bbox 1361 2071 1428 2104; x_wconf 85' lang='lat' dir='ltr'>Hie</span> <span class='ocrx_word' id='word_1_509' title='bbox 1445 2078 1562 2104; x_wconf 89' lang='lat' dir='ltr'>autem</span> <span class='ocrx_word' id='word_1_510' title='bbox 1580 2069 1784 2115; x_wconf 81' lang='lat' dir='ltr'>perspicuae</span> <span class='ocrx_word' id='word_1_511' title='bbox 1800 2076 1883 2103; x_wconf 86' lang='lat' dir='ltr'>sunt</span> <span class='ocrx_word' id='word_1_512' title='bbox 1906 2069 2246 2103; x_wconf 75' lang='lat' dir='ltr'>demonstmtiones:</span> 
     </span>
     <span class='ocr_line' id='line_1_86' title="bbox 1307 2121 2171 2157; baseline -0.002 -1"><span class='ocrx_word' id='word_1_513' title='bbox 1307 2122 1442 2157; x_wconf 72' lang='lat' dir='ltr'>Natura</span> <span class='ocrx_word' id='word_1_514' title='bbox 1462 2121 1648 2155; x_wconf 88' lang='lat' dir='ltr'>hominum</span> <span class='ocrx_word' id='word_1_515' title='bbox 1667 2123 1710 2154; x_wconf 89' lang='lat' dir='ltr'>ad</span> <span class='ocrx_word' id='word_1_516' title='bbox 1728 2122 1930 2154; x_wconf 84' lang='lat' dir='ltr'>societatem</span> <span class='ocrx_word' id='word_1_517' title='bbox 1949 2122 2089 2155; x_wconf 84' lang='lat' dir='ltr'>condita</span> <span class='ocrx_word' id='word_1_518' title='bbox 2109 2128 2171 2155; x_wconf 86' lang='lat' dir='ltr'>est.</span> 
     </span>
     <span class='ocr_line' id='line_1_87' title="bbox 1307 2172 2248 2218; baseline -0.004 -10"><span class='ocrx_word' id='word_1_519' title='bbox 1307 2173 1404 2218; x_wconf 84' lang='lat' dir='ltr'>Ergo</span> <span class='ocrx_word' id='word_1_520' title='bbox 1428 2186 1567 2207; x_wconf 87' lang='lat' dir='ltr'>necesse</span> <span class='ocrx_word' id='word_1_521' title='bbox 1591 2179 1660 2213; x_wconf 88' lang='lat' dir='ltr'>est,</span> <span class='ocrx_word' id='word_1_522' title='bbox 1689 2185 1760 2206; x_wconf 88' lang='lat' dir='ltr'>esse</span> <span class='ocrx_word' id='word_1_523' title='bbox 1785 2173 1946 2206; x_wconf 90' lang='lat' dir='ltr'>ordinem</span> <span class='ocrx_word' id='word_1_524' title='bbox 1967 2172 2248 2217; x_wconf 81' lang='lat' dir='ltr'>gubernationis,</span> 
     </span>
    </p>

    <p class='ocr_par' dir='ltr' id='par_1_23' title="bbox 1359 2223 2247 2260">
     <span class='ocr_line' id='line_1_88' title="bbox 1359 2223 2247 2260; baseline -0.001 -2"><span class='ocrx_word' id='word_1_525' title='bbox 1359 2232 1393 2258; x_wconf 91' lang='lat' dir='ltr'>et</span> <span class='ocrx_word' id='word_1_526' title='bbox 1415 2225 1521 2258; x_wconf 74' lang='lat' dir='ltr'>vitari</span> <span class='ocrx_word' id='word_1_527' title='bbox 1542 2225 1661 2257; x_wconf 87' lang='lat' dir='ltr'>omnia</span> <span class='ocrx_word' id='word_1_528' title='bbox 1686 2225 1865 2258; x_wconf 87' lang='lat' dir='ltr'>turbantia</span> <span class='ocrx_word' id='word_1_529' title='bbox 1884 2225 2100 2260; x_wconf 82' lang='lat' dir='ltr'>societatem.</span> <span class='ocrx_word' id='word_1_530' title='bbox 2153 2223 2247 2257; x_wconf 87' lang='lat' dir='ltr'>Tur-</span> 
     </span>
    </p>

    <p class='ocr_par' dir='ltr' id='par_1_24' title="bbox 1308 2276 1909 2362">
     <span class='ocr_line' id='line_1_89' title="bbox 1359 2276 1813 2311; baseline 0.002 -1"><span class='ocrx_word' id='word_1_531' title='bbox 1359 2277 1422 2310; x_wconf 88' lang='lat' dir='ltr'>bat</span> <span class='ocrx_word' id='word_1_532' title='bbox 1440 2283 1559 2310; x_wconf 86' lang='lat' dir='ltr'>autem</span> <span class='ocrx_word' id='word_1_533' title='bbox 1577 2276 1813 2311; x_wconf 88' lang='lat' dir='ltr'>contumacia.</span> 
     </span>
     <span class='ocr_line' id='line_1_90' title="bbox 1308 2327 1909 2362; baseline -0.002 -1"><span class='ocrx_word' id='word_1_534' title='bbox 1308 2327 1391 2361; x_wconf 88' lang='lat' dir='ltr'>Ideo</span> <span class='ocrx_word' id='word_1_535' title='bbox 1412 2328 1613 2361; x_wconf 87' lang='lat' dir='ltr'>obedientia</span> <span class='ocrx_word' id='word_1_536' title='bbox 1632 2328 1829 2362; x_wconf 88' lang='lat' dir='ltr'>necessaria</span> <span class='ocrx_word' id='word_1_537' title='bbox 1848 2333 1909 2361; x_wconf 89' lang='lat' dir='ltr'>est.</span> 
     </span>
    </p>

    <p class='ocr_par' dir='ltr' id='par_1_25' title="bbox 1252 2380 2244 2678">
     <span class='ocr_line' id='line_1_91' title="bbox 1356 2380 2243 2424; baseline -0.005 -10"><span class='ocrx_word' id='word_1_538' title='bbox 1356 2380 1543 2414; x_wconf 85' lang='lat' dir='ltr'>Pertinent</span> <span class='ocrx_word' id='word_1_539' title='bbox 1581 2387 1700 2413; x_wconf 86' lang='lat' dir='ltr'>autem</span> <span class='ocrx_word' id='word_1_540' title='bbox 1734 2381 1779 2413; x_wconf 85' lang='lat' dir='ltr'>ad</span> <span class='ocrx_word' id='word_1_541' title='bbox 1814 2384 1980 2424; x_wconf 85' lang='lat' dir='ltr'>quartum</span> <span class='ocrx_word' id='word_1_542' title='bbox 2014 2384 2243 2422; x_wconf 86' lang='lat' dir='ltr'>praeceptum</span> 
     </span>
     <span class='ocr_line' id='line_1_92' title="bbox 1255 2430 2244 2477; baseline 0 -15"><span class='ocrx_word' id='word_1_543' title='bbox 1255 2430 1367 2475; x_wconf 88' lang='lat' dir='ltr'>pietas</span> <span class='ocrx_word' id='word_1_544' title='bbox 1389 2444 1469 2476; x_wconf 84' lang='lat' dir='ltr'>erga</span> <span class='ocrx_word' id='word_1_545' title='bbox 1494 2438 1679 2477; x_wconf 83' lang='lat' dir='ltr'>parentes,</span> <span class='ocrx_word' id='word_1_546' title='bbox 1708 2437 1742 2464; x_wconf 87' lang='lat' dir='ltr'>et</span> <span class='ocrx_word' id='word_1_547' title='bbox 1761 2431 1873 2475; x_wconf 84' lang='lat' dir='ltr'>pietas</span> <span class='ocrx_word' id='word_1_548' title='bbox 1898 2441 1978 2473; x_wconf 84' lang='lat' dir='ltr'>erga</span> <span class='ocrx_word' id='word_1_549' title='bbox 2002 2435 2124 2469; x_wconf 89' lang='lat' dir='ltr'>natos,</span> <span class='ocrx_word' id='word_1_550' title='bbox 2158 2441 2244 2475; x_wconf 86' lang='lat' dir='ltr'>qua-</span> 
     </span>
     <span class='ocr_line' id='line_1_93' title="bbox 1254 2479 2243 2529; baseline -0.002 -13"><span class='ocrx_word' id='word_1_551' title='bbox 1254 2496 1333 2516; x_wconf 92' lang='lat' dir='ltr'>rum</span> <span class='ocrx_word' id='word_1_552' title='bbox 1358 2490 1509 2529; x_wconf 87' lang='lat' dir='ltr'>utraque</span> <span class='ocrx_word' id='word_1_553' title='bbox 1533 2489 1584 2517; x_wconf 86' lang='lat' dir='ltr'>est</span> <span class='ocrx_word' id='word_1_554' title='bbox 1606 2483 1738 2528; x_wconf 89' lang='lat' dir='ltr'>species</span> <span class='ocrx_word' id='word_1_555' title='bbox 1765 2481 1929 2516; x_wconf 86' lang='lat' dir='ltr'>iustitiae.</span> <span class='ocrx_word' id='word_1_556' title='bbox 1994 2479 2084 2514; x_wconf 88' lang='lat' dir='ltr'>Item</span> <span class='ocrx_word' id='word_1_557' title='bbox 2109 2481 2243 2514; x_wconf 84' lang='lat' dir='ltr'>iustitia</span> 
     </span>
     <span class='ocr_line' id='line_1_94' title="bbox 1254 2532 2242 2579; baseline 0 -13"><span class='ocrx_word' id='word_1_558' title='bbox 1254 2534 1442 2579; x_wconf 87' lang='lat' dir='ltr'>coniugum</span> <span class='ocrx_word' id='word_1_559' title='bbox 1463 2535 1555 2568; x_wconf 81' lang='lat' dir='ltr'>inter</span> <span class='ocrx_word' id='word_1_560' title='bbox 1571 2547 1664 2576; x_wconf 86' lang='lat' dir='ltr'>sese,</span> <span class='ocrx_word' id='word_1_561' title='bbox 1690 2535 1732 2567; x_wconf 85' lang='lat' dir='ltr'>de</span> <span class='ocrx_word' id='word_1_562' title='bbox 1757 2546 1825 2579; x_wconf 88' lang='lat' dir='ltr'>qua</span> <span class='ocrx_word' id='word_1_563' title='bbox 1850 2533 1886 2565; x_wconf 94' lang='lat' dir='ltr'>in</span> <span class='ocrx_word' id='word_1_564' title='bbox 1909 2533 2034 2577; x_wconf 89' lang='lat' dir='ltr'>primis</span> <span class='ocrx_word' id='word_1_565' title='bbox 2057 2539 2108 2566; x_wconf 90' lang='lat' dir='ltr'>est</span> <span class='ocrx_word' id='word_1_566' title='bbox 2135 2532 2242 2577; x_wconf 86' lang='lat' dir='ltr'>digna</span> 
     </span>
     <span class='ocr_line' id='line_1_95' title="bbox 1253 2583 2241 2632; baseline -0.001 -13"><span class='ocrx_word' id='word_1_567' title='bbox 1253 2587 1425 2619; x_wconf 88' lang='lat' dir='ltr'>memoria</span> <span class='ocrx_word' id='word_1_568' title='bbox 1442 2585 1669 2632; x_wconf 76' lang='lat' dir='ltr'>Pythagorae</span> <span class='ocrx_word' id='word_1_569' title='bbox 1686 2584 1859 2620; x_wconf 87' lang='lat' dir='ltr'>sententia</span> <span class='ocrx_word' id='word_1_570' title='bbox 1871 2611 1880 2625; x_wconf 96' lang='lat'>,</span> <span class='ocrx_word' id='word_1_571' title='bbox 1908 2598 2015 2630; x_wconf 85' lang='lat' dir='ltr'>quam</span> <span class='ocrx_word' id='word_1_572' title='bbox 2033 2583 2241 2618; x_wconf 81' lang='lat' dir='ltr'>Aristoteles</span> 
     </span>
     <span class='ocr_line' id='line_1_96' title="bbox 1252 2637 2240 2678; baseline -0.002 -7"><span class='ocrx_word' id='word_1_573' title='bbox 1252 2639 1288 2671; x_wconf 92' lang='lat' dir='ltr'>in</span> <span class='ocrx_word' id='word_1_574' title='bbox 1305 2638 1555 2672; x_wconf 85' lang='lat' dir='ltr'>Oeconomicis</span> <span class='ocrx_word' id='word_1_575' title='bbox 1579 2638 1682 2678; x_wconf 88' lang='lat' dir='ltr'>citat,</span> <span class='ocrx_word' id='word_1_576' title='bbox 1710 2637 1892 2676; x_wconf 63' lang='lat' dir='ltr'>videlicet,</span> <span class='ocrx_word' id='word_1_577' title='bbox 1919 2637 2088 2671; x_wconf 85' lang='lat' dir='ltr'>maritum</span> <span class='ocrx_word' id='word_1_578' title='bbox 2113 2637 2240 2671; x_wconf 83' lang='lat' dir='ltr'>dehere</span> 
     </span>
    </p>
   </div>
   <div class='ocr_carea' id='block_1_15' title="bbox 1288 2752 1746 2783">
    <p class='ocr_par' dir='ltr' id='par_1_26' title="bbox 1288 2752 1746 2783">
     <span class='ocr_line' id='line_1_97' title="bbox 1288 2752 1746 2783; baseline -0.009 -4"><span class='ocrx_word' id='word_1_579' title='bbox 1288 2756 1333 2783; x_wconf 79' lang='grc'>19)</span> <span class='ocrx_word' id='word_1_580' title='bbox 1353 2754 1449 2780; x_wconf 78' lang='lat' dir='ltr'>Manu.</span> <span class='ocrx_word' id='word_1_581' title='bbox 1468 2754 1618 2777; x_wconf 85' lang='lat' dir='ltr'>astronom.</span> <span class='ocrx_word' id='word_1_582' title='bbox 1637 2753 1665 2783; x_wconf 74' lang='lat'>4,</span> <span class='ocrx_word' id='word_1_583' title='bbox 1681 2752 1746 2776; x_wconf 84' lang='grc'><strong>893.</strong></span> 
     </span>
    </p>
   </div>
   <div class='ocr_carea' id='block_1_16' title="bbox 2172 129 2278 173">
    <p class='ocr_par' dir='ltr' id='par_1_27' title="bbox 2172 129 2278 173">
     <span class='ocr_line' id='line_1_98' title="bbox 2172 129 2278 173; baseline -0.009 0"><span class='ocrx_word' id='word_1_584' title='bbox 2172 138 2247 173; x_wconf 78' lang='lat'>216</span> <span class='ocrx_word' id='word_1_585' title='bbox 2272 129 2278 134; x_wconf 81' lang='grc'><em>”</em></span> 
     </span>
    </p>
   </div>
   <div class='ocr_carea' id='block_1_17' title="bbox 2325 1920 2338 1983">
    <p class='ocr_par' dir='ltr' id='par_1_28' title="bbox 2325 1920 2338 1983">
     <span class='ocr_line' id='line_1_99' title="bbox 2325 1920 2338 1983; textangle 90"><span class='ocrx_word' id='word_1_586' title='bbox 2325 1920 2338 1983; x_wconf 64' lang='grc' dir='ltr'>δν·-</span> 
     </span>
    </p>
   </div>
  </div>
 </body>
</html>
