2347 3000
469 113 511 150 X.
564 111 846 149 ENARRATIO
881 111 1140 147 ORATIONIS
1175 109 1424 147 ClCEROMs
1458 111 1556 146 PRO
1589 110 1786 147 MlLONE.

2040 111 2137 146 1006

729 248 765 284 3.
819 246 1025 283 ALIA
1078 246 1528 294 SCH0L1A27).

218 348 371 382 Imitatio
395 347 508 392 magis
535 349 638 382 efficit
662 349 844 389 artificem,
872 361 976 395 qnam
997 361 1097 393 prae-

116 406 226 444 cepta.
278 398 387 443 Igitur
412 400 526 432 danda
553 407 604 434 est
628 413 754 445 opera,
779 408 816 434 ut
840 402 959 446 aliquo
987 401 1094 432 modo

114 451 221 484 simus
247 450 376 483 similes
404 451 564 495 exemplo
587 458 764 491 veterum,
793 458 825 484 et
842 459 983 484 utamur
1001 458 1092 483 certa

114 502 230 545 aliqua
254 502 367 533 surina
392 502 543 536 dicendi.
596 503 682 535 Milo
708 510 780 535 erat
807 503 967 535 tribunus
984 502 1094 546 plebis

112 558 192 595 post
217 551 394 586 Clodium.
450 553 535 586 Milo
570 554 649 586 tulit
680 554 901 597 rogationem
928 555 970 586 (le
993 566 1093 585 revo-

111 603 225 635 cando
249 602 431 642 Cicerone,
460 611 493 636 et
516 602 605 636 hanc
631 617 704 637 rem
729 605 893 637 inierunt.
917 605 1092 648 principes

109 653 334 697 reipublicae.
392 653 441 686 Ita
472 661 656 688 revocatus
690 656 753 688 suit
785 655 906 688 Cicero
922 655 980 702 ⁰⁸).
1040 654 1091 687 Ex

110 704 170 736 illo
194 710 354 748 tempore
378 712 547 749 perpetua
570 707 712 739 suerunt
737 706 950 745 certamina,
983 705 1029 737 ita
1054 712 1089 738 ut

111 754 277 788 credibile
300 756 345 789 sit
363 756 467 790 fuisse
493 757 703 789 acerrimum
729 757 848 789 odium
877 757 968 788 inter
987 755 1091 788 Milo-

109 818 190 838 nem
214 812 248 839 et
265 806 440 840 Clodium.
493 807 600 840 Forte
625 808 769 847 accidit,
802 814 840 840 ut
865 813 1091 839 occurrerent

106 857 172 890 sibi
190 863 313 890 mutuo
331 857 367 889 in
384 857 527 898 itinere,
555 857 603 889 ihi
622 858 765 891 Clodios
786 858 901 901 coepit
920 870 1088 901 pugnare,

109 914 142 941 et
167 908 295 941 invasit
318 908 511 947 Milonem,
547 909 606 953 qui
640 909 778 941 sortiter
811 909 882 941 vim
908 908 1041 952 depulit
1070 922 1087 940 a

107 971 169 991 suo
194 959 327 1002 capite,
356 959 401 990 ita
426 966 464 991 ut
491 959 634 991 Clodius
660 960 696 992 in
718 972 917 1004 cauponam
936 959 1086 992 vicinam

105 1009 250 1052 sugerit,
286 1021 390 1053 quein
414 1009 502 1042 Milo
538 1011 683 1054 cupidus
714 1011 889 1043 xindictae
918 1010 1088 1055 sequimu

106 1066 139 1092 et
162 1066 284 1092 nactus
308 1061 527 1093 occasionem
561 1061 664 1094 irruit
694 1062 729 1094 in
764 1063 948 1095 tabernam
973 1068 1007 1094 et
1033 1074 1087 1093 ex—

104 1116 258 1154 pugnata
286 1111 430 1143 taberna
455 1112 580 1144 occidit
599 1112 772 1145 Clodiuu‘i.
827 1112 877 1145 lbi
895 1125 973 1145 cum
993 1113 1087 1144 venii

104 1162 192 1193 Milo
218 1161 390 1201 Romam,
418 1163 550 1195 familia
573 1163 744 1196 Clodiana
764 1164 879 1207 coepit
897 1165 1085 1207 deposcere

104 1212 274 1244 Milonem
300 1214 343 1244 ad
372 1226 535 1256 poenam.
589 1214 677 1247 Milo
711 1215 847 1247 dicebat
877 1227 912 1247 se
940 1227 1010 1246 non
1034 1227 1086 1246 rw

102 1276 281 1307 pugnare,
311 1276 380 1307 quo
406 1264 522 1296 minus
551 1272 782 1307 cognoscatur
807 1277 871 1298 res.
926 1263 977 1296 Ibi
1004 1278 1085 1297 con-

102 1315 261 1347 stitutum
301 1321 351 1347 est
384 1315 551 1347 iudicium
590 1322 667 1359 post
698 1316 803 1359 longa
841 1315 1034 1348 certamina
1067 1329 1084 1347 a

100 1365 293 1408 Pompeio,
322 1365 357 1397 in
383 1378 452 1410 quo
471 1373 649 1400 accusatus
665 1373 715 1399 est
740 1379 758 1399 a
777 1367 958 1399 Clodianis
974 1368 1084 1399 factae

102 1417 228 1449 caedis.
282 1415 333 1448 lbi
357 1416 478 1449 Cicero
512 1418 681 1450 acerrime
714 1418 869 1450 defendit
900 1418 1083 1451 Milonem.

100 1467 175 1499 lain
198 1467 320 1499 incidit
347 1467 525 1512 quaestioi
558 1468 614 1500 An
639 1469 726 1501 Milo
759 1469 804 1502 sit
836 1469 1083 1508 absolvendus,

103 1519 157 1550 x'el
189 1530 273 1551 non.
327 1518 448 1552 Testes
486 1525 603 1551 autem
638 1520 939 1552 confirmaverunt
962 1532 1084 1553 omnes

102 1569 263 1602 Clodium
282 1569 399 1602 fecisse
418 1569 629 1613 principium
649 1583 806 1614 pugnae,
833 1572 891 1604 sed
910 1571 1081 1603 Milonem

100 1620 313 1652 interfecisse
339 1620 500 1652 Clodium
530 1622 565 1652 in
593 1622 756 1660 taberna,
793 1628 982 1666 postquam
1006 1622 1083 1654 lati-

97 1676 200 1703 taret.
254 1670 375 1703 Cicero
400 1672 574 1710 defendit,
608 1674 702 1717 quod
732 1672 803 1704 vim
836 1673 870 1704 vi
895 1673 1081 1716 depulerit.

98 1721 256 1754 Tantum
282 1728 402 1754 manet
430 1722 487 1754 illa
521 1723 700 1768 quaestio,
736 1729 854 1756 utrum
888 1724 1082 1756 serxaverit

98 1774 246 1805 modum
285 1772 484 1816 inculpatae
523 1775 664 1808 tutelae.
756 1774 936 1819 Relinquo
978 1775 1081 1808 istam

98 1823 340 1868 quaestionem
368 1824 633 1857 discernendam
653 1825 818 1858 studiosis
836 1825 934 1865 iuris,
960 1832 1078 1859 utrum

98 1874 256 1918 potuerit
283 1874 416 1908 absolvi
449 1875 543 1915 iure,
578 1881 697 1907 tamen
730 1877 983 1910 condemnatus
1014 1877 1081 1909 suit

98 1925 187 1957 Milo
219 1925 256 1957 in
286 1925 346 1957 illo
377 1925 518 1959 iudicio.
592 1926 773 1970 Principio
814 1933 931 1959 autem
971 1934 1080 1961 status

99 1977 321 2021 quaerendus
343 1982 393 2009 est
417 1977 453 2008 in
481 1976 701 2010 orationibus
723 1977 898 2020 legendis,
930 1978 1018 2011 sicut
1043 1979 1080 2010 in

98 2026 165 2060 lioc
194 2028 335 2070 negotio
364 2034 413 2060 est
431 2027 635 2071 principalis
656 2028 871 2071 propositio:
898 2028 984 2061 Milo
1003 2029 1078 2062 iure

97 2078 271 2111 interfecit
293 2078 468 2111 Clodium.
522 2080 673 2122 Oportet
706 2079 810 2111 etiam
835 2079 953 2111 videre
978 2092 1079 2123 prae-

96 2130 238 2174 cipuum
262 2135 523 2173 argumentum,
551 2141 621 2174 quo
646 2142 747 2163 causa
772 2130 907 2163 nititur.
962 2130 1078 2175 Quae-

94 2181 181 2214 libet
204 2180 297 2212 enim
320 2193 423 2213 causa
440 2178 546 2213 habet
561 2193 671 2213 unmn
690 2187 795 2226 atque
813 2181 962 2214 alterum
981 2182 1078 2225 prin-

98 2232 207 2276 cipale
231 2238 500 2274 argumentum,
529 2231 617 2265 sicut
639 2232 768 2276 duplex
788 2233 996 2265 deliberatio
1013 2233 1079 2266 suit

98 2283 140 2315 de
164 2284 382 2315 defendendo
402 2283 548 2316 Milone.
601 2282 733 2316 Brutus
749 2284 896 2327 putabat
912 2283 1074 2317 Clodium

98 2333 172 2366 iure
188 2333 408 2367 interfectum
424 2341 571 2378 propter
587 2334 831 2379 tyrannidem,
859 2335 940 2379 quia
958 2341 1077 2380 tyran—

97 2396 162 2417 nos
184 2384 285 2417 licere
308 2385 453 2429 impune
480 2385 686 2419 interficere.
738 2385 844 2430 Quod
860 2398 982 2419 verum
1001 2387 1077 2431 qui-

128 2492 177 2520 97)
199 2492 272 2515 Haec
289 2493 391 2516 scholia
409 2492 435 2515 in
455 2492 503 2516 Ed.
525 2493 614 2519 ¹568„
635 2492 661 2515 in
682 2497 733 2521 qna
752 2492 813 2515 sola
831 2491 1020 2519 inveniuntur,
1039 2492 1078 2516 sic

163 2526 296 2555 inscripta
314 2528 389 2550 sunt:
410 2527 472 2549 Alia
489 2527 596 2549 scholia
616 2526 710 2555 Philip.
729 2527 791 2550 Mel.
813 2527 837 2549 in
858 2526 1008 2549 orationem
1029 2534 1076 2556 pro

164 2560 265 2583 Milone
282 2561 356 2584 1535.
370 2561 467 2590 partun
481 2561 591 2588 dictata,
604 2561 703 2590 partlm
718 2568 749 2583 ex
763 2567 810 2583 ore
825 2560 941 2590 legentis
957 2563 1076 2590 excepta.

129 2601 177 2629 98)
197 2600 307 2627 Cicero,
328 2601 372 2630 qui
389 2607 413 2624 a.
432 2608 458 2624 u.
477 2608 497 2624 c.
518 2603 576 2625 696.
597 2603 648 2625 aet.
670 2601 766 2625 XLIX.
786 2607 802 2624 a
820 2601 977 2625 consulibus
997 2604 1024 2625 et
1043 2603 1075 2625 ab

161 2635 222 2664 ipso
243 2635 289 2658 Cn.
309 2635 434 2665 Pompeio
460 2636 585 2659 desertus
610 2637 675 2659 urbe
700 2637 838 2663 cesserat,
866 2641 889 2659 a.
919 2642 943 2658 u.
969 2642 991 2660 e.
1016 2637 1074 2660 6¹³7.

163 2670 216 2692 aet.
236 2670 266 2691 1..
285 2669 313 2692 P.
333 2669 460 2693 Cornelio
482 2671 595 2694 Lentulo
616 2670 759 2700 Spinthere
778 2672 804 2694 et
828 2671 858 2700 Q.
880 2670 998 2694 caecilio
1013 2671 1073 2694 Me-

160 2703 225 2727 tello
244 2703 399 2728 consulibus
417 2706 563 2729 revocatus
582 2706 633 2729 est.

1150 349 1231 381 dam
1256 353 1343 388 erat,
1372 348 1453 393 quia
1473 355 1548 382 erat
1568 349 1651 383 civis
1670 348 1905 388 turbulentus,
1932 354 1965 381 et
1986 355 2132 392 propter

1148 411 1247 432 suain
1271 400 1451 432 fortunam
1476 400 1536 433 diu
1554 402 1787 433 tumultuatus
1804 400 1870 432 fuit
1887 399 1922 431 in
1940 400 2130 443 republica.

1148 449 1228 482 ldeo
1246 450 1376 482 Brutus
1395 451 1506 483 voluit
1523 452 1573 483 uti
1589 450 1654 484 hac
1673 451 1887 484 defensione.
1929 450 1997 483 Sed
2016 450 2131 483 noluit

1148 501 1291 539 Cicero,
1320 500 1401 545 quia
1427 502 1563 544 putavit
1594 515 1669 535 eam
1703 503 1881 535 infirmam
1907 514 1999 541 esse,
2033 502 2129 546 quod

1146 552 1316 583 debuerat
1345 552 1520 590 accusari,
1565 553 1592 585 si
1627 554 1710 597 quid
1747 553 1830 585 mali
1864 552 2010 586 fecisset.
2089 550 2129 584 ln

1145 615 1302 641 summa,
1330 614 1402 634 uon
1429 603 1494 635 fuit
1511 604 1712 643 notorimn,
1738 617 1817 636 eum
1834 617 1906 637 esse
1923 610 2128 648 tyramnnu,

1144 654 1203 686 sed
1227 652 1339 685 voluit
1363 652 1413 685 uti
1436 653 1494 685 illo
1523 661 1748 697 argumento:
1785 655 1866 688 Vim
1897 654 1932 686 vi
1954 654 2128 698 depellere

1145 704 1240 741 licet;
1274 703 1360 736 Milo
1382 703 1461 741 ‚vim
1485 704 1520 735 vi
1545 705 1697 748 depulit:
1735 718 1817 749 ergo
1847 706 1921 738 iure
1954 705 2129 738 interfecit

1145 755 1320 788 Clodium.
1382 753 1453 787 lam
1477 761 1573 788 tenes
1598 755 1633 787 in
1658 756 1777 788 animo
1803 757 1993 800 imaginem
2020 756 2127 789 totius

1144 805 1327 839 orationis.
1406 805 1449 839 D.
1483 803 1668 850 Philippus
1684 806 1754 852 ³⁸²²)
1780 814 1879 850 putat
1905 807 2031 840 iniuste
2056 819 2128 840 esse

1144 857 1418 888 condemnatum
1439 857 1628 895 Milonem;
1664 858 1745 902 quia
1772 859 1860 890 alter
1883 858 2011 890 fecerat
2030 858 2127 901 prin-

1143 907 1272 951 cipium
1292 920 1450 951 pugnae,
1479 908 1558 941 ideo
1577 908 1809 952 mitigandam
1831 908 1934 942 fuisse
1953 920 2125 952 poeuam3

1143 958 1223 1003 quia
1248 958 1358 990 cixem
1386 958 1590 991 Romanum
1620 972 1693 991 non
1723 960 1821 992 licuit
1853 959 2028 999 occidere,
2065 961 2126 992 sed

1141 1010 1317 1053 relegatur
1335 1009 1369 1041 in
1389 1010 1530 1042 exilium
1549 1010 1612 1043 sub
1630 1008 1728 1043 hasta
1746 1011 1897 1044 venditis
1915 1010 1987 1043 eius
2004 1010 2123 1044 bonis:

1141 1073 1223 1103 ergo
1258 1060 1315 1092 illa
1349 1073 1462 1104 poena
1496 1061 1625 1094 summi
1656 1061 1741 1095 iuris
1764 1061 1920 1094 Romani
1945 1061 2011 1095 fuit
2032 1061 2126 1094 miti-

1141 1112 1275 1154 ganda,
1315 1117 1349 1144 et
1379 1112 1560 1144 contendit
1600 1113 1700 1145 valde
1733 1113 1949 1158 principium
1984 1124 2124 1156 pugnae

1140 1164 1270 1194 factum
1294 1175 1365 1195 esse
1391 1176 1408 1195 a
1436 1163 1572 1196 Clodio,
1627 1163 1747 1196 Minor
1776 1164 1900 1207 igitur,
1935 1163 2023 1196 Milo
2050 1163 2123 1195 vim

1140 1213 1173 1244 xi
1196 1214 1350 1256 depulit,
1379 1214 1415 1246 fit
1434 1214 1469 1246 in
1487 1211 1554 1246 hoc
1571 1215 1713 1258 nogotio
1732 1215 1963 1260 κρινόμενον.
2015 1214 2124 1247 Asco-

1139 1264 1217 1296 nius
1240 1264 1418 1297 Pedianus
1435 1264 1480 1310 99)
1505 1265 1589 1298 dicit
1607 1267 1828 1300 adversarios
1845 1267 1881 1299 in
1900 1265 2123 1299 accusatione

1139 1315 1315 1357 posuisse,
1352 1316 1565 1359 principium
1590 1329 1729 1360 pugnae
1754 1318 1884 1350 factum
1914 1329 1986 1350 esse
2011 1329 2030 1349 a
2054 1316 2123 1349 Mi-

1283 1365 1365 1398 ldeo
1389 1367 1512 1399 Cicero
1536 1368 1689 1401 maxime
1714 1375 1876 1402 versatur
1893 1369 1930 1400 in
1955 1367 2015 1400 illo
2030 1368 2123 1401 refu-

1312 1417 1403 1451 Satis
1425 1418 1469 1451 sit
1485 1416 1571 1450 haec
1603 1419 1728 1452 dixisse
1756 1420 1798 1452 de
1825 1418 1996 1453 orationis
2020 1430 2123 1463 argu—

1139 1366 1230 1398 lonc.

1139 1417 1259 1449 tando.

1136 1473 1270 1500 mento.

1239 1518 1365 1551 Oratio
1391 1525 1442 1552 est
1465 1519 1603 1563 generis
1620 1519 1804 1553 iudicialis.
1854 1519 2007 1554 Intentio
2027 1520 2121 1554 enim

1137 1569 1317 1603 Ciceronis
1352 1576 1419 1610 est,
1463 1577 1502 1603 ut
1534 1571 1659 1603 liberet
1690 1571 1881 1610 Milonenu
1922 1578 2032 1606 status
2070 1578 2121 1606 est

1135 1620 1360 1660 iuridicialis,
1395 1627 1429 1653 et
1457 1628 1725 1665 argumentatur
1757 1635 1775 1655 a
1808 1623 1901 1666 lege,
1941 1635 2032 1668 quae
2055 1623 2119 1655 im-

1135 1685 1251 1716 pressa
1277 1678 1327 1705 est
1353 1672 1513 1705 omnium
1538 1671 1726 1706 hominum
1749 1674 1878 1707 animis
1895 1674 2120 1714 naturaliter,

1135 1725 1229 1768 quod
1257 1723 1329 1755 vim
1353 1723 1388 1755 vi
1410 1723 1513 1756 liceat
1537 1725 1723 1768 depellere.
1782 1724 1885 1759 Nunc
1906 1726 1947 1757 de
1972 1725 2117 1758 exordio

1134 1775 1310 1814 dicemus,
1339 1775 1434 1819 quod
1460 1774 1603 1819 quidem
1630 1775 1770 1808 videtur
1793 1776 2003 1816 obscurum,
2039 1789 2118 1809 cum

1134 1838 1170 1858 re
1201 1837 1283 1857 vera
1316 1838 1389 1857 non
1422 1825 1477 1858 sit.
1530 1824 1581 1858 Ita
1613 1823 1669 1858 hic
1698 1826 1886 1870 diligenter
1922 1827 2117 1871 componit,

1134 1883 1167 1909 et
1190 1876 1346 1919 singulas
1369 1876 1559 1910 sententias
1583 1877 1780 1918 illuminat,
1806 1885 1840 1911 et
1865 1878 1963 1911 addit
1982 1878 2117 1924 aliquid

1133 1927 1396 1971 pigmentorum
1421 1934 1454 1960 et
1480 1935 1786 1962 ornamentorum.
1840 1928 1879 1961 In
1904 1927 1957 1962 his
1979 1936 2118 1963 senten-

1133 1979 1189 2011 tiis
1208 1978 1428 2011 consumitur
1444 1978 1640 2012 exordium.
1682 1981 1713 2014 1.
1740 1980 1794 2011 Ab
1812 1981 1938 2012 affectu
1959 1981 2115 2013 orditur:

1133 2029 1371 2062 Commoveor
1388 2027 1452 2061 hac
1470 2041 1563 2062 nova
1582 2031 1695 2062 forma
1716 2030 1857 2071 iudicii,
1886 2033 1981 2076 quod
1998 2032 2115 2064 forum

1131 2081 1276 2124 plenum
1301 2087 1352 2113 est
1374 2086 1615 2119 armatorum,
1644 2082 1702 2126 qui
1724 2082 1846 2114 delecti
1869 2082 2053 2121 videntur,
2077 2089 2116 2116 ut

1131 2132 1315 2164 debilitent
1340 2131 1454 2165 studia
1479 2138 1512 2164 et
1537 2132 1674 2166 animos
1699 2145 1841 2173 eorum,
1869 2134 1930 2178 qui
1952 2134 2116 2166 nituntur

1130 2195 1195 2227 pro
1229 2183 1375 2216 Milone.
1427 2185 1462 2217 2.
1490 2181 1665 2216 inversio:
1700 2184 1767 2217 Sed
1800 2190 1918 2216 tamen
1953 2184 2113 2218 existimo

1131 2232 1217 2267 haec
1242 2246 1338 2266 arma
1366 2233 1535 2277 disposita
1563 2247 1634 2268 esse
1660 2247 1724 2278 pro
1743 2235 1924 2268 communi
1941 2236 2115 2280 tranquil-

1130 2286 1245 2324 litate,
1279 2292 1318 2317 ut
1342 2284 1473 2318 iudices
1497 2285 1606 2318 libere
1637 2287 1823 2318 decernere
1848 2286 1994 2329 possint.
2047 2285 2115 2319 lta-

1130 2349 1197 2381 que
1224 2336 1351 2368 armati
1376 2348 1448 2368 non
1466 2337 1700 2370 adversantur
1716 2337 1837 2376 nobis,
1864 2337 1978 2369 multo
1998 2337 2114 2371 minus

1130 2388 1281 2420 inermes
1306 2394 1339 2420 et
1364 2384 1504 2419 honesti
1522 2387 1632 2425 cives,
1662 2394 1799 2420 tantum
1823 2388 2019 2421 turbulenti
2035 2388 2112 2433 qui-

1129 2440 1209 2471 dam
1242 2445 1323 2472 sunt
1362 2438 1475 2483 iniqui
1510 2438 1657 2478 Miloni,
1701 2439 1759 2483 qui
1798 2452 1897 2472 suam
1941 2439 2111 2483 inopiam,

1161 2561 1195 2583 98
1208 2561 1232 2586 ἢ)
1254 2559 1270 2583 ἰ.
1292 2566 1313 2582 e.
1332 2558 1499 2582 Melantlion.

1161 2604 1208 2630 99)
1231 2602 1292 2625 Yid.
1314 2603 1342 2631 Q.
1361 2601 1470 2623 Asconii
1486 2600 1613 2623 Paediani
1633 2599 1658 2623 in
1679 2599 1790 2623 eandem
1805 2598 1945 2623 Ciceronis
1960 2598 2110 2623 orationem

1195 2638 1398 2663 ai·,‹.·,1nne11tum,
1426 2635 1495 2664 quod
1519 2635 1545 2657 in
1565 2635 1643 2657 liuius
1670 2634 1805 2657 orationis
1826 2634 1871 2656 Ph.
1892 2634 2108 2657 Melanchtlionis

1196 2673 1222 2694 et
1237 2671 1265 2694 (ἵ,
1280 2670 1385 2693 Latona
1404 2669 1625 2692 adnotationibus
1645 2670 1670 2691 et
1690 2668 1805 2691 artificio
1825 2667 1981 2690 illustratae
2002 2667 2108 2691 Editio-

1195 2705 1272 2728 nibus·
1294 2704 1502 2728 Coloniensibus
1538 2703 1566 2726 in
1585 2704 1637 2727 tine
1657 2708 1791 2728 annexum
1810 2702 1958 2725 invenitur.
