2347 3000
224 117 296 151 827
791 109 914 143 Pnn..
949 106 1062 142 MEL.

224 208 353 234 terram
379 199 453 233 sine
474 196 655 231 voluntate
681 194 858 239 p:1tris⁷¹).
922 192 1026 225 Item:
1066 190 1102 224 In
1131 191 1204 235 ipso

224 264 362 289 sumus,
402 249 554 281 vivimus
586 254 618 279 et
649 244 900 288 lllox't‘tntlrw).
962 243 1072 276 Multa
1101 243 1205 274 etiam

224 308 365 347 praeter
400 300 578 332 naturales
608 308 728 329 causas
756 295 926 327 Diabolus
951 294 1053 326 estitit
1080 293 1113 325 in
1143 291 1207 332 his,

225 353 286 398 qui
302 351 428 385 deserti
448 363 465 381 a
488 350 558 381 Deo
577 347 808 390 impelluntur
824 358 840 377 a
859 345 1024 378 l)ial›olo.

328 402 414 445 Cap.
431 398 520 433 XVt.
549 396 578 440 ξ.
597 398 656 430 61.
684 399 875 440 Diliyenier
895 401 943 430 est
967 393 1207 438 separandum]

223 452 260 487 Id
281 459 350 491 ost,
378 461 501 483 causae
518 449 734 481 necessariae
752 453 833 479 sunt
849 447 1066 491 separandae
1089 457 1108 477 a
1134 456 1208 477 nou

224 501 448 539 necessariis,
490 506 530 532 ut
562 511 641 531 cum
672 499 842 531 iustitiam
865 496 1209 540 humanam*posue-

224 554 349 597 rit7‘22)
380 562 519 584 causam
547 549 824 588 iustificationis,
868 556 918 582 est
945 548 1125 595 quaestio,
1164 558 1209 578 an

224 606 268 639 sit
285 601 494 641 necessaria,
513 612 557 633 an
573 600 669 633 nou?
703 601 834 633 Paulus
851 600 1053 643 respondet,
1069 596 1209 643 noum).

227 657 384 693 Utinam,
413 653 492 696 etc.]
520 651 596 684 Hoc
614 652 736 684 Cicero
761 663 863 694 saepe
890 652 1035 693 allegat,
1070 655 1104 681 et
1123 648 1209 681 reci-

223 711 343 738 tantur
368 702 404 736 hi
426 715 547 736 versus
571 703 607 734 in
625 700 814 735 Rhetorica
839 703 882 734 ad
902 700 1142 739 Herennium,
1170 711 1210 731 ex

222 754 416 800 Medeass).
502 756 547 787 A!
572 766 672 799 quum
702 756 739 787 in
762 754 908 797 Aiacis]
946 752 997 785 lix
1027 750 1209 784 comoedia

222 806 340 851 aliqua
359 811 440 838 sunt
460 804 580 849 petita.

327 855 357 900 ξ.
372 856 431 890 62.
458 858 567 900 Atque
582 857 683 888 cuam
699 859 747 888 est
764 865 943 887 causarum
957 852 1211 895 dissimilitudo]

223 908 366 942 Summa
391 904 479 939 haec
503 918 631 948 genera
657 911 739 938 sunt
763 916 970 943 causarum,
1003 910 1150 936 naturae
1178 908 1211 933 et

224 958 428 991 voluntatis.
495 955 640 988 Illorum
667 967 750 998 ergo
775 967 942 998 generum
971 952 1027 987 hic
1052 953 1210 996 exempla

223 1009 337 1054 ponit.
389 1008 544 1041 Affectus
567 1013 601 1039 et
621 1004 760 1038 habitus
785 1018 857 1038 non
880 1006 1005 1049 procul
1030 1005 1210 1038 dissident.

223 1060 346 1105 Itaque
372 1064 455 1091 sunt
475 1056 614 1089 habitus
640 1057 676 1088 in
699 1057 845 1095 animis,
883 1063 1053 1100 tanquam
1076 1055 1210 1087 colores

225 1111 261 1143 in
278 1109 498 1152 corporibus.
551 1108 723 1141 Naturam
744 1113 847 1139 vocat
864 1106 1132 1139 inclinationem
1148 1116 1211 1136 na·

225 1162 386 1195 turalem.
447 1158 600 1203 Quidam
626 1157 739 1200 magis
765 1158 808 1189 ad
832 1157 943 1197 iram,
978 1157 1122 1201 quidam
1148 1167 1211 1187 na-

224 1219 303 1245 tura
322 1212 363 1243 ad
381 1210 563 1242 leuitatem
582 1208 832 1252 propensiores
851 1214 942 1241 sunt.
985 1208 1112 1240 Casum
1131 1206 1211 1239 sub-

224 1263 305 1295 iecit
329 1260 538 1294 voluntariis
572 1259 702 1299 causis,
744 1259 841 1304 quod
868 1256 1067 1292 humanum
1098 1256 1212 1290 consi-

224 1314 311 1347 lium
327 1311 438 1356 possit
453 1312 616 1343 fortunae
635 1317 669 1342 et
687 1309 783 1343 casui
798 1309 945 1342 mederi.

327 1362 357 1406 ξ.
377 1362 436 1398 62.
463 1363 663 1395 Huiusmodi
679 1372 798 1394 causae
821 1373 889 1394 non
912 1358 1150 1403 necessariae]
1173 1356 1212 1390 Id

225 1421 276 1449 est
287 1441 296 1455 ‚
322 1425 397 1446 non
411 1424 550 1456 semper
567 1412 711 1455 pariunt
720 1411 788 1456 ⁷⁴³)
805 1423 886 1444 suos
904 1411 1058 1444 effectus.

328 1462 359 1507 §-
378 1464 438 1497 63.
475 1465 632 1497 Omnium
657 1467 766 1496 autem
791 1462 997 1506 causarum]
1030 1460 1111 1494 Alia
1133 1471 1213 1493 cau-

225 1527 344 1550 sarum
368 1513 506 1547 divisio.
560 1513 747 1557 Quaedam
773 1519 885 1546 certos
911 1513 1072 1553 effectus,
1107 1523 1213 1556 quae-

225 1568 309 1600 dam
344 1564 528 1598 dissimiles
572 1570 606 1596 et
648 1563 846 1597 contrarios
886 1564 1029 1597 effectus
1069 1561 1212 1596 habent.

225 1617 360 1651 Omnes
390 1622 510 1648 tamen
542 1626 665 1647 causae
694 1616 739 1648 ad
765 1614 965 1658 superiores
987 1613 1112 1646 referri
1134 1625 1214 1657 pos-

226 1674 326 1707 sunt,
368 1666 563 1699 voluntatis
586 1671 619 1697 et
641 1672 802 1698 naturae.
895 1667 939 1698 In
960 1670 1085 1698 natura
1114 1670 1145 1697 et
1179 1666 1213 1697 ιἰι

225 1718 328 1762 arta]
357 1717 450 1761 Quia
466 1728 523 1749 ars
540 1721 591 1749 est
606 1716 702 1749 velut
719 1716 855 1748 aemula
871 1742 879 1754 ‚
908 1722 942 1748 et
960 1716 1122 1748 ellectum
1143 1726 1214 1747 cer-

225 1775 302 1802 tum
320 1767 437 1801 habet.

330 1818 415 1862 Cap.
442 1814 547 1850 XVII.
595 1814 624 1860 §-
650 1815 709 1849 63.
762 1818 861 1850 Aliae
893 1822 972 1850 sunt
1004 1815 1214 1860 perspicuae]

227 1870 326 1915 Quas
356 1880 523 1902 vocamus
549 1867 790 1907 *voluntarias
881 1869 980 1901 Aliae
1006 1869 1136 1911 larena]
1168 1866 1217 1899 Ut

226 1923 383 1954 fortuna.
443 1920 532 1952 Sunt
566 1925 683 1951 autem
717 1931 840 1952 causae
874 1918 1117 1961 sortunaemb)
1153 1917 1216 1949 ali-

228 1973 371 2017 quando
395 1970 573 2003 naturales
598 1976 631 2001 et
654 1969 814 2009 divinae,
843 1969 1035 2014 aliquando
1053 1970 1216 2001 volunta-

228 2023 315 2056 riae.
365 2021 427 2054 Est
445 2020 538 2053 enim
556 2020 720 2059 fortuna,
753 2032 830 2053 cum
857 2027 1002 2053 eventus
1027 2020 1125 2052 nullo
1152 2031 1215 2051 no-

230 2080 302 2107 stro
319 2071 466 2104 consilio
484 2071 628 2114 regitur.
666 2070 712 2103 Et
728 2076 847 2103 tamen
863 2070 891 2103 is
911 2077 1055 2103 eventus
1074 2082 1215 2103 causam

267 2205 315 2232 71)
335 2203 430 2227 matth.
446 2202 487 2232 10,
506 2202 548 2226 29.

263 2247 312 2275 72)
331 2247 390 2269 Art.
409 2244 448 2275 17,
468 2245 509 2268 28.

264 2290 332 2317 72³)
352 2287 488 2317 posuerit]
508 2286 547 2309 sic
566 2285 650 2309 Editt.
668 2285 742 2310 1533.
756 2302 763 2312 .
785 2286 877 2316 154¹.;
901 2286 951 2310 Ed.
968 2286 1042 2311 1550.
1061 2285 1201 2316 posueris.

265 2333 313 2359 73)
332 2330 411 2355 Conf.
431 2330 507 2353 nom.
521 2329 547 2355 3,
566 2329 601 2352 20
615 2335 671 2357 sqq.

264 2375 311 2401 74)
332 2373 364 2396 ni
390 2378 487 2395 versus
514 2373 578 2395 suut
603 2378 635 2394 ex
656 2371 767 2394 Medeae
792 2372 899 2399 sabula,
934 2377 1013 2401 quam
1038 2378 1070 2395 ex
1089 2371 1218 2400 Euripide

298 2407 402 2431 Ennius
423 2412 496 2429 inore
515 2412 564 2429 sno
584 2405 696 2428 liberius
717 2407 860 2429 convertit.
898 2406 1077 2429 Inveniuntur
1097 2406 1123 2428 in
1139 2406 1216 2428 Ennii

300 2441 461 2467 fragmentis
479 2446 495 2463 a
515 2441 648 2464 Columna
672 2440 792 2469 conquis.
818 2441 844 2462 et
869 2439 980 2471 explan,
1014 2446 1102 2462 rocus.
1129 2445 1217 2462 accur.

301 2475 426 2498 Hesselio
452 2474 632 2502 (Amstetaed.
656 2473 728 2497 1707.
753 2475 792 2501 4.)
822 2480 847 2503 p.
865 2474 920 2497 197.
958 2475 985 2496 ln
1006 2473 1159 2496 Rhetoricis
1184 2474 1217 2496 ad

302 2509 466 2531 Herennium
485 2509 501 2532 l.
517 2509 548 2531 11.
567 2515 590 2530 e.
604 2508 645 2531 22.
667 2510 775 2536 praeter
796 2509 843 2531 lios
862 2509 929 2530 (tuos
950 2514 1062 2533 versus,
1097 2507 1140 2536 qui
1163 2508 1217 2529 En-

300 2541 351 2570 rip.
367 2542 434 2565 Med.
449 2543 472 2565 3,
488 2544 512 2565 4.
534 2542 718 2571 respondent.
739 2543 818 2565 etiam
837 2544 938 2571 septeni
959 2543 1079 2571 proxime
1099 2547 1217 2571 sequen—

301 2577 342 2598 tes
363 2575 520 2598 afferuntur.

272 2616 339 2655 742j)
360 2623 465 2646 senipet-
484 2618 607 2647 pariunt]
625 2618 666 2641 sie
685 2618 767 2642 Editt.
785 2618 876 2642 1533..
898 2619 988 2642 1541.τ
1014 2618 1061 2641 Ed.
1077 2618 1149 2642 1550.
1169 2622 1217 2647 pa-

302 2654 372 2673 riunt
392 2657 508 2679 semper.

265 2692 331 2724 74¹³)
354 2694 493 2722 tortunae]
513 2693 551 2716 sic
572 2693 652 2717 Editt.
671 2695 762 2718 15:3³..
785 2695 874 2718 1:241.:
900 2695 945 2717 Ed.
965 2695 1037 2718 13:10.
1057 2694 1193 2718 fortuitae.

1101 105 1301 140 SCRIPTA
1334 105 1670 141 PHILOLOotm.

2168 108 2241 144 828

1261 190 1417 236 aliquam
1441 189 1557 226 habet.
1609 191 1654 225 Et
1678 197 1759 224 suut
1783 202 2042 237 nonnunquam
2065 194 2243 227 naturales

1261 254 1383 274 causae
1417 242 1588 275 eiusmodi
1619 249 1827 281 eventuum,
1872 255 2023 287 quarum
2056 244 2245 288 pleraeque

1260 299 1341 325 sunt
1358 293 1460 325 nobis
1479 293 1637 336 ignotae,
1664 300 1702 325 ut
1722 293 1749 326 si
1775 293 1852 337 quis
1879 294 2043 326 morbum
2070 306 2110 326 ex
2133 294 2246 336 graxi-

1262 349 1331 375 tate
1349 344 1436 375 coeli
1460 342 1645 376 contrahat
1663 350 1696 375 et
1713 356 1832 376 rursus
1849 345 2070 377 convalescat
2085 344 2153 377 loci
2170 356 2247 378 mu-

1262 395 1405 427 tatione.
1442 393 1554 426 Multa
1572 401 1752 437 praeterea
1771 394 1933 428 accidunt
1951 395 2132 435 divinitus,
2157 406 2247 440 quae

1261 457 1334 477 non
1350 443 1482 477 liabent
1499 445 1661 488 proprias
1680 451 1713 477 et
1731 446 1942 478 necessarias
1960 446 2048 479 ullas
2067 446 2100 477 in
2120 452 2246 479 natura

1262 508 1400 535 causas,
1428 502 1467 528 ut
1485 508 1562 528 cum
1584 495 1618 527 in
1639 495 1823 537 naufragio
1841 496 2021 540 contingat
2039 497 2147 530 alium
2166 507 2249 529 ena-

1262 553 1355 587 tare,
1385 547 1491 578 alium
1510 546 1638 590 perire.
1682 545 1766 577 Item
1786 558 1975 589 regnorum
1994 547 2096 581 vices.
2141 548 2247 580 Recte

1263 597 1368 641 igitur
1396 597 1540 630 definias
1563 598 1744 629 soi-tunam
1772 602 1936 629 eventum
1959 609 2050 637 esse,
2091 598 2152 642 qui
2174 610 2247 630 non

1262 655 1404 687 nostro,
1446 649 1505 681 sed
1530 648 1650 679 divino
1675 647 1821 680 consilio
1850 647 1995 690 regitur.
2061 647 2137 681 Huc
2162 649 2248 681 illud

1262 699 1517 744 Salomonisffi)
1537 699 1705 742 pertinet:
1734 697 1773 730 ln
1798 697 1912 730 sinum
1940 697 2153 732 deiiciuntur
2175 711 2248 732 sor-

1262 757 1332 790 tes,
1360 756 1396 782 at
1412 763 1428 781 a
1452 750 1524 781 Deo
1545 749 1711 782 iudicium
1729 761 1849 781 earum
1868 749 2112 791 proficiscitur.

1367 800 1396 843 ξ.
1415 800 1473 833 64.
1508 803 1565 833 Ea*
1592 812 1652 845 qno
1674 801 1780 844 aries]
1809 798 1847 831 ld
1874 805 1943 839 est,
1978 811 2040 833 vos
2067 810 2170 843 saepe
2195 809 2250 831 ar-

1264 851 1523 895 gun'ientamini
1554 851 1591 883 in
1625 850 1700 883 inre
1730 852 1771 882 de
1795 851 1958 887 sortuna3
1990 862 2074 882 nam
2097 850 2248 883 multum

1264 903 1428 941 interest,
1453 902 1483 935 si
1507 903 1585 947 quis
1610 901 1889 946 volumini-50⁷⁵&
1917 912 1962 934 an
1984 900 2135 934 insciens
2160 900 2249 933 occi-

1264 953 1393 986 derit⁷5
1405 952 1447 998 b).
1538 954 1666 986 Cadunt
1680 955 1780 985 etiam
1798 955 1832 985 in
1851 954 2111 994 iquoraiionem,
2137 951 2249 996 alque]

1262 1004 1300 1037 ld
1333 1010 1403 1043 est,
1442 1003 1585 1035 affectus
1619 1009 1767 1045 possunt
1798 1002 1903 1034 etiam
1929 1002 2042 1034 videri
2072 1002 2250 1035 naturales

1264 1066 1387 1087 causae
1406 1059 1438 1085 ct
1454 1065 1528 1085 non
1545 1053 1779 1085 voluntariae.

1368 1103 1397 1146 {-
1413 1102 1473 1136 65.
1503 1106 1582 1136 Toto
1601 1106 1705 1146 iyilur
1722 1103 1803 1146 loco]
1831 1102 2018 1136 Concludit
2038 1103 2154 1137 locum
2172 1114 2251 1137 cau—

1263 1166 1403 1191 sarmn;
1456 1154 1493 1186 iu
1526 1154 1736 1186 tractatione
1768 1166 1954 1187 causarum
1985 1160 2147 1188 versatur
2177 1159 2251 1186 tota

1265 1205 1379 1238 oratio
1397 1217 1462 1249 pro
1474 1204 1627 1237 Milone:
1658 1205 1742 1249 quid
1762 1204 1899 1237 consilii
1911 1204 2056 1238 Clodius
2075 1202 2250 1244 habuerit,

1265 1256 1361 1302 quod
1385 1256 1513 1288 Miloni
1542 1255 1727 1288 insidiatus
1757 1255 1816 1289 sit:
1862 1255 1948 1300 quid
1981 1256 2119 1289 consilii
2148 1255 2250 1295 Milo,

1265 1307 1361 1352 quod
1388 1306 1553 1340 Clodium
1585 1306 1762 1339 occiderit.
1845 1307 2079 1351 Differentice]
2119 1305 2158 1339 Id
2189 1312 2251 1346 est,

1266 1364 1407 1401 oportet
1437 1364 1469 1390 te
1501 1358 1688 1390 observare
1713 1357 1799 1389 alias
1823 1368 1895 1389 esse
1916 1358 2097 1391 naturales
2118 1369 2251 1396 causas,

1266 1409 1352 1442 alias
1369 1408 1593 1442 necessarias.
1646 1408 1768 1453 Reque
1788 1407 1881 1440 enim
1901 1407 2077 1453 sequitur:
2107 1407 2250 1441 Clodius

1267 1460 1349 1493 odio
1368 1458 1491 1492 habuit
1507 1459 1677 1492 Milonem
1691 1485 1699 1498 ,
1729 1471 1811 1503 ergo
1834 1458 1934 1491 illum
1952 1458 2090 1492 occidit.
2168 1460 2251 1492 Prs-

1265 1517 1341 1545 vuia
1357 1513 1447 1544 euim
1466 1511 1607 1554 iudicia]
1637 1510 1765 1543 Civiles
1791 1509 2073 1549 controversiae,
2100 1521 2173 1542 non
2195 1521 2250 1542 ca-

1266 1562 1403 1605 pitales.
1456 1560 1532 1593 Hoc
1548 1561 1718 1594 iudicium
1739 1561 1948 1594 exercebant
1972 1559 2249 1606 centumviriw).

1265 1615 1392 1647 Ilastus
1409 1613 1623 1655 ministrant]
1650 1610 1689 1644 ld
1708 1618 1776 1651 est,
1804 1611 1927 1643 iuvant
1943 1617 2101 1644 oratores
2110 1610 2192 1656 ⁷⁶³).

1369 1661 1398 1705 ἓ.
1415 1662 1474 1695 66.
1507 1664 1549 1695 In
1572 1664 1723 1695 omnibus
1749 1662 1869 1705 iyitur]
1903 1661 2057 1694 Subiecit
2081 1661 2251 1706 exempla,

1267 1719 1301 1745 et
1323 1712 1440 1757 inquit
1462 1713 1579 1745 locum
1603 1725 1787 1746 causarum
1818 1712 2006 1756 praecipue
2036 1713 2252 1746 iureconsul-

1268 1763 1310 1796 tis
1333 1763 1412 1796 usui
1436 1775 1527 1803 esse,
1569 1763 1652 1809 quia
1679 1776 1782 1808 saepe
1808 1763 2009 1807 quaeritur,
2051 1775 2120 1808 qua
2149 1775 2253 1797 causa

1268 1814 1403 1859 aliquid
1427 1815 1472 1847 sit
1503 1815 1655 1854 sactum,
1691 1820 1731 1847 ut
1753 1814 1882 1846 dolone
1906 1826 1951 1846 an
1977 1826 2097 1847 errore
2124 1814 2253 1859 aliquis

1268 1865 1381 1898 laesus
1400 1865 1454 1898 sit.
1496 1864 1701 1898 Divortium
1718 1876 1786 1909 qua
1805 1876 1907 1897 causa
1925 1865 2056 1898 sactum
2073 1865 2127 1899 sit.
2164 1863 2252 1898 Item

1269 1916 1305 1948 in
1337 1916 1534 1948 actionibus
1558 1916 1674 1948 bonae
1700 1916 1799 1955 fidei,
1833 1928 1902 1960 qna
1928 1927 2031 1949 causa
2055 1922 2194 1960 emptor
2217 1928 2252 1949 se

1269 1967 1446 1999 venditori
1470 1973 1649 2010 praestare
1672 1968 1892 2000 confiteatur.
1949 1966 2136 2000 Ducuntur
2159 1966 2252 2000 enim

1270 2018 1304 2049 in
1332 2018 1496 2051 omnibus
1522 2017 1787 2063 quaestionibus
1811 2017 2013 2050 firmissima
2044 2024 2253 2061 argumenta

1270 2081 1310 2101 ex
1329 2069 1452 2102 causis.
1505 2068 1547 2102 Et
1566 2069 1601 2101 id
1619 2070 1760 2101 demum
1785 2074 1877 2102 recte
1894 2069 2039 2108 docere,
2065 2075 2116 2102 est
2133 2080 2252 2102 causas

1270 2119 1320 2151 rei
1344 2120 1508 2163 colligere
1532 2125 1566 2152 et
1590 2120 1805 2163 patefacere,
1842 2126 1881 2153 ut
1904 2131 1982 2153 cum
2006 2119 2249 2165 dicemuswc),

1303 2232 1352 2260 ⁹75)
1374 2232 1453 2256 Prov.
1472 2231 1513 2259 16.
1532 2230 1576 2256 33.

1305 2275 1339 2299 75
1348 2273 1372 2305 a)
1393 2274 1417 2297 si
1437 2273 1498 2303 quis
1518 2272 1685 2302 voluntarie]
1705 2272 1744 2296 sic
1763 2272 1846 2296 Editt.
1869 2270 1959 2302 153³.,
1985 2271 2075 2299 1541.;
2107 2272 2156 2296 Ed.
2178 2272 2251 2298 1550.

1337 2308 1492 2331 voluntarie
1512 2308 1580 2337 quis.

1304 2350 1372 2383 75¹¹)
1392 2352 1420 2374 ln
1441 2351 1564 2382 margine
1582 2350 1629 2375 Ed,
1648 2350 1720 2374 15:13.
1740 2349 1850 2373 vocibus
1867 2349 1945 2373 aries
1962 2348 2012 2374 itte
2029 2348 2094 2372 haec
2112 2349 2252 2381 adscripta

1338 2388 1416 2409 sunt:
1444 2386 1471 2408 ld
1491 2387 1547 2413 est,
1575 2385 1727 2407 fortissima
1747 2383 1918 2413 oppugnatio.

1303 2429 1351 2453 76)
1373 2429 1410 2451 lle
1430 2427 1606 2450 rentumviris
1625 2428 1693 2450 cons.
1715 2426 1814 2449 Adam:
1842 2424 1944 2449 nando.
1972 2424 2019 2446 dei·
2038 2425 2115 2448 Rom.
2133 2426 2250 2451 Alterth.

1339 2464 1427 2486 iim-rs.
1448 2469 1473 2485 v.
1494 2463 1589 2490 Meyer
1609 2462 1637 2485 T.
1653 2461 1671 2484 l.
1692 2467 1714 2489 p.
1729 2460 1779 2483 269
1790 2466 1831 2489 sq.
1852 2458 1911 2482 434.
1938 2460 1965 2481 et
1984 2460 2148 2488 schweppe:
2175 2460 2250 2484 Rom.

1339 2497 1532 2523 Rechts-gesen.
1553 2502 1578 2519 u.
1597 2493 1808 2519 Rechtsalterth.
1828 2492 1853 2515 3.
1866 2493 1899 2516 Α.
1917 2498 1944 2518 v.
1963 2492 2101 2516 Grundler
2120 2491 2145 2525 §.
2159 2494 2251 2518 547.a.

1337 2538 1361 2559 ιν.
1377 2530 1424 2554 931
1441 2536 1498 2559 sqq.

1303 2572 1368 2602 70³¹)
1389 2573 1462 2595 Haec
1481 2572 1543 2594 nota
1563 2569 1669 2594 nonnisi
1689 2569 1715 2592 in
1736 2568 1858 2594 maraine
1877 2568 1925 2591 Ed.
1943 2567 2014 2592 1533.
2035 2568 2184 2592 invenitur.

1303 2613 1371 2641 761»)
1393 2613 1598 2643 iureconsultis]
1619 2613 1657 2635 sic
1677 2612 1758 2635 Editt.
1775 2611 1867 2635 15:13..
1890 2612 1980 2641 154t.;
2013 2611 2060 2635 Ed.
2076 2611 2148 2635 1550.
2168 2612 2251 2636 iuris-

1338 2649 1477 2672 consultis.

1303 2691 1368 2718 7⁴30)
1389 2690 1520 2717 (tic-euius]
1540 2688 1579 2712 sic
1597 2688 1680 2711 Editt.
1697 2686 1788 2718 15³3.‚
1809 2687 1899 2715 1541.;
1926 2686 1973 2711 Ed.
1991 2686 2064 2710 1550.
2083 2687 2217 2712 docemus.
