2347 3000
240 134 313 168 467

242 232 319 253 cuni
338 218 469 251 inravit
493 218 619 263 aliquis
642 217 753 251 sciens
779 222 812 248 et
834 215 973 250 volens,
1001 224 1075 245 non
1093 223 1227 250 errans,

242 283 315 304 non
333 277 490 307 coactus,
513 271 554 301 de
573 282 607 301 re
627 267 772 301 honesta
787 293 795 303 ,
824 264 1001 309 possibili,
1028 277 1134 308 qutun
1157 264 1228 306 ipse

244 322 451 367 promittere
471 327 578 365 potest
595 347 602 359 ‚
631 326 666 352 ut
688 332 764 350 cuin
785 317 925 348 debitor
949 316 984 347 in
1011 327 1111 348 causa
1140 314 1227 347 iusta

244 374 335 406 iurat
357 386 391 405 se,
411 379 505 404 certo
533 379 690 414 tempore
712 368 934 400 redditurum
960 378 1032 399 csse.
1058 372 1230 411 quantum

244 425 366 463 (lebet,
396 424 421 455 is
440 434 661 467 nequaquam
690 419 831 452 liberari
860 424 994 462 potest,
1023 418 1233 462 quominus

245 476 347 508 saciat
367 474 597 518 promissum,
625 477 658 503 et
680 483 757 504 cuin
783 482 856 503 non
882 470 985 509 sacit,
1012 467 1234 501 horribiliter

247 532 377 571 peccat.

349 601 397 633 Ut
421 606 539 632 autem
562 605 698 631 caetera
722 603 864 642 peccata
891 604 971 642 post
994 598 1123 629 sactum
1154 607 1237 627 con-

250 653 357 686 versis
386 651 636 688 remittuntur,
681 649 726 681 ita
760 649 906 681 violatio
940 648 1130 681 iuramenti
1159 652 1237 691 post

249 705 414 737 delictum
441 702 618 735 conversis
644 700 838 733 remittitur
864 713 947 732 voce
970 699 1152 740 Evangelii
1177 710 1236 730 au-

250 756 321 789 dita
347 767 365 787 a
393 765 606 799 quocunque
629 752 805 785 ministro,
868 752 940 784 Nec
969 752 1046 795 plus
1072 751 1120 782 ibi
1145 750 1239 781 valet

252 806 408 851 episcopi
433 818 520 843 vox,
549 817 654 849 quain
683 803 834 835 aliorum
859 802 1105 835 ministrortun
1122 801 1238 833 livan-

250 858 349 901 getii,
378 856 460 902 quia
490 855 664 889 absolutio
690 867 762 886 non
789 860 935 898 propter
958 865 1147 897 personam
1173 851 1239 884 lni-

1118 903 1164 936 Et
1188 909 1239 935 ta-

252 972 334 993 men
368 960 442 992 sine
473 959 542 990 ulla
576 956 797 989 dubitatione
830 955 1062 988 violationem
1099 954 1240 987 iurisiu-

253 1011 354 1044 randi
373 1015 571 1055 sequuntur
588 1020 723 1052 poenae.
741 1007 954 1051 corporales.
997 1007 1103 1051 Quod
1122 1012 1238 1039 autem

250 1062 407 1095 Romani
430 1060 584 1105 episcopi
605 1060 647 1091 ad
672 1072 707 1092 se
732 1064 916 1091 traxerunt
939 1058 1164 1090 remissiones
1190 1063 1241 1089 ta-

251 1115 338 1147 lium
363 1113 592 1151 delictorum,
633 1110 801 1143 iniustum
833 1116 895 1143 cst.
959 1109 1027 1142 Sed
1051 1109 1164 1141 multo
1188 1107 1241 1139 in-

254 1164 377 1198 iustius
395 1170 462 1203 est,
490 1163 585 1208 quod
602 1166 829 1205 sumpserunt
846 1160 912 1194 sibi
935 1159 1163 1192 autoritatem
1182 1159 1241 1190 ab-

253 1215 411 1249 solvendi
434 1213 615 1253 homines,
642 1224 686 1245 ne
705 1213 863 1244 facerent
886 1211 1060 1255 promissa
1082 1209 1241 1253 legitimo

253 909 353 942 nistri
373 909 483 947 valet,
511 908 569 939 sed
598 905 679 951 quia
707 912 757 937 est
784 918 849 937 xox
868 904 1065 947 Evangelii.

255 1267 467 1300 iuramento.

546 1365 750 1398 Secunda
779 1363 948 1407 regula.

358 1453 511 1498 Quando
531 1458 648 1483 autem
674 1451 913 1483 iurat-uentum
937 1461 974 1481 re
998 1448 1073 1492 ipsa
1096 1459 1170 1480 non
1194 1453 1245 1480 est

256 1505 513 1541 iuramentum,
548 1509 585 1535 ut
614 1514 718 1546 snpra
744 1501 914 1539 diximus,
952 1499 1148 1544 promissor
1172 1511 1245 1531 non

258 1556 390 1599 indiget
414 1554 656 1593 absolutione,
681 1559 720 1585 nt
737 1565 817 1591 cum
833 1551 951 1584 Daxid
974 1564 1047 1583 non
1071 1551 1246 1583 interserit

258 1607 392 1647 Nabal,
421 1618 495 1638 non
515 1611 589 1637 erat
608 1617 696 1647 opus
717 1604 747 1636 ei
765 1603 1007 1642 absolutione,
1036 1602 1118 1646 quia
1138 1614 1244 1634 nemo

259 1659 400 1691 abolere
425 1662 541 1701 potest
568 1655 788 1694 iuramenta,
822 1666 912 1699 quae
937 1659 1019 1686 sunt
1042 1665 1124 1685 vere
1151 1653 1245 1684 iura-

257 1716 389 1743 menta.
441 1709 509 1740 Sed
528 1707 671 1752 quando
696 1706 888 1738 miscentur
914 1703 1105 1742 iniustitia,
1134 1715 1245 1741 error,

258 1759 545 1805 impossibilitas,
581 1770 649 1789 vox
676 1757 795 1789 divina
819 1755 1031 1800 pronuntiat
1055 1754 1136 1787 talia
1164 1767 1246 1798 pro*

257 1812 362 1846 missa
387 1821 613 1856 nequaquam
642 1820 713 1841 csse
738 1808 955 1846 iuramenta,
996 1812 1035 1838 nt
1059 1819 1136 1839 cum
1166 1806 1244 1838 fecit

260 1863 387 1908 aliquis
412 1868 493 1894 vota
518 1860 734 1899 intonastica,
772 1858 971 1892 consideret
993 1857 1066 1901 ipse
1092 1869 1154 1889 cur
1177 1857 1246 1890 sint

258 1914 358 1947 irrita
370 1941 379 1954 ‚
406 1913 486 1958 quia
507 1919 583 1944 orta
603 1917 685 1944 sunt
702 1923 743 1943 ex
760 1910 880 1943 multis
897 1908 1096 1949 erroribus,
1124 1914 1157 1941 et
1173 1921 1246 1940 non

260 1971 447 1999 servantur
478 1964 552 1997 sine
584 1962 720 2005 magnis
751 1961 922 2006 peccatis,
956 1960 1039 2006 quia
1069 1959 1245 1993 manifesti

261 2018 374 2051 cultus
397 2016 576 2048 idolorum
604 2013 640 2046 in
664 2013 889 2046 monasteriis
912 2011 1016 2044 multi
1044 2017 1138 2045 sunt.
1206 2010 1245 2044 In

261 2069 390 2101 talibus
421 2067 558 2100 casibus
585 2077 659 2097 non
691 2065 842 2097 absolvit
861 2064 961 2108 Papa
985 2075 1004 2096 a
1032 2062 1246 2103 iuramento,

261 2121 320 2154 sed
336 2120 411 2164 ipsa
427 2131 496 2151 vox
512 2117 631 2150 divina
650 2116 860 2160 pronuntiat
883 2115 964 2147 talia
988 2115 1160 2158 promissa
1186 2127 1246 2147 ne—

261 2182 440 2217 quaquam
460 2182 531 2203 esse
554 2169 771 2207 inramentai,
807 2173 840 2199 et
862 2166 989 2199 usitate
1013 2166 1156 2199 dicitur:
1191 2165 1247 2199 Iu-

261 2228 461 2255 ramentum
480 2233 553 2253 non
570 2220 615 2253 sit
631 2219 810 2251 vincutum
833 2216 1042 2263 iniquitatis.

362 2295 563 2332 Adhibendi
580 2301 660 2329 sunt
677 2301 793 2328 antem
815 2293 850 2327 in
874 2293 1058 2327 consilium
1083 2291 1246 2327 homines

263 2350 356 2382 docti
374 2356 407 2382 et
422 2349 584 2382 timentes
602 2347 715 2379 Deum
729 2373 737 2385 ‚
766 2359 845 2378 cum
869 2346 906 2378 fit
930 2345 1174 2389 interpretatio
1195 2345 1246 2377 iu-

264 2400 433 2439 ramenti,
461 2400 542 2445 quia
566 2399 675 2431 multa
704 2397 816 2430 tristia
836 2402 950 2429 errata
974 2396 1139 2429 accidunt
1165 2409 1245 2439 pro-

263 2459 341 2497 pter
359 2450 584 2495 sophisticam
608 2447 958 2493 interpretationem‚
991 2454 1030 2480 nt
1056 2445 1245 2481 Zedechias

265 2503 475 2548 promiserat
494 2514 615 2546 pacem
634 2500 708 2544 regi
726 2499 965 2545 Babylonicm
988 2505 1109 2543 postea
1128 2500 1165 2531 fit
1182 2496 1244 2531 lio-

264 2554 399 2596 stis³⁷)‚
426 2554 507 2598 quia
526 2553 627 2585 multi
651 2552 898 2596 disputabant,
924 2557 1025 2595 pacta
1048 2556 1170 2583 contra
1196 2550 1244 2583 lc-

263 2619 340 2649 gem
358 2604 425 2637 Dei
442 2616 514 2636 nou
528 2604 656 2637 valere.
708 2602 782 2636 Lex
806 2602 1020 2648 promiserat
1041 2601 1141 2647 stirpi
1157 2600 1241 2635 Iuda

297 2742 344 2771 37)
363 2741 387 2765 2.
406 2740 474 2769 noas.
489 2738 532 2766 24,
550 2737 592 2762 20.
629 2737 679 2762 tor.
697 2738 739 2761 52.
759 2738 782 2761 3.

505 131 706 166 SCRIPTA
732 130 806 165 PH.
833 128 946 163 MEL.
972 128 1037 160 AD
1064 124 1271 160 ETHICEN
1299 126 1363 161 ET
1389 125 1645 161 POLITICEN
1675 125 1985 161 SPECTANTIA.

2192 126 2267 161 468

1280 225 1426 254 regnum
1448 220 1476 246 et
1496 213 1768 260 libertatem³⁸):
1797 226 1869 246 non
1897 212 2003 255 igitur
2026 214 2160 247 valebat
2187 228 2266 259 pro-

1284 265 1402 297 missio
1421 265 1609 298 serxitutis.

1387 331 1462 365 Itoe
1480 340 1726 375 arginus-ntulit
1747 334 1782 366 in
1802 333 1952 378 speeiem
1980 333 2163 377 plausibile
2184 340 2270 374 erat,

1287 396 1365 417 cuin
1384 390 1501 416 tamen
1518 384 1561 417 sit
1578 382 1828 429 sophisticum,
1864 385 1944 430 quia
1974 385 2086 417 maior
2114 383 2271 429 loquitur

1287 436 1329 467 dc
1350 436 1540 474 mandato⁷
1562 448 1634 468 non
1653 436 1695 467 ‹le
1714 436 2018 480 promissioniluis.
2072 435 2203 468 Verum
2223 441 2273 468 cst

1288 493 1389 531 pacta
1408 487 1507 519 irrita
1527 498 1619 526 csse,
1647 500 1723 519 cuin
1746 487 1919 530 promittit
1942 487 2085 533 aliquis,
2114 500 2147 519 se
2166 488 2273 519 sactu-

1288 551 1367 571 rum
1385 552 1456 571 esse
1476 544 1597 570 contra
1618 539 1784 570 mandata
1795 538 1880 577 Dei,
1906 545 1941 571 ut
1960 539 1986 571 si
2004 539 2080 583 quis
2100 537 2276 582 promittit

1290 590 1421 623 cultum
1440 590 1640 629 idolorum,
1666 589 1755 622 sicut
1774 589 1987 633 promittunt
2004 588 2181 622 monachi.

1392 667 1496 700 Aliud
1517 673 1567 699 est
1584 665 1681 711 toqui
1698 667 1740 698 de
1758 665 2064 710 promissionibus,
2104 665 2176 698 Lex
2193 678 2274 710 pro-

1290 718 1399 751 mittit
1426 719 1557 751 bonam
1589 717 1848 757 vah-tudinem,
1886 718 2021 760 fruges,
2061 729 2202 760 pacem,
2243 724 2276 749 et

1291 771 1433 816 quidem
1456 770 1631 814 promittit
1651 782 1728 801 cnm
1750 769 1954 812 exceptione
1980 768 2219 811 castigationis
2245 773 2279 800 et

1292 822 1414 856 crucis.
1459 822 1546 855 Cum
1566 821 1671 865 igitur
1686 819 2028 865 Nabugdouosor³⁹)
2048 819 2141 864 capit
2158 831 2278 861 regem

1293 872 1579 919 Zedcchiam'ffl),
1620 873 1664 906 sit
1689 872 1758 904 iam
1783 872 1961 916 captivus,
2003 877 2037 903 ct
2067 871 2279 915 promittens

1292 925 1516 964 servitutem,
1544 938 1617 958 uon
1634 923 1820 969 promittat
1836 936 1871 957 se
1897 925 2071 956 facturum
2098 934 2169 957 esse
2196 933 2279 955 con-

1293 983 1347 1010 tra
1366 978 1534 1009 mandata
1552 976 1640 1016 Dei,
1666 976 1725 1009 sed
1745 976 1978 1008 toleraturum
2001 972 2092 1007 hanc
2112 985 2279 1019 poenam,

1293 1035 1333 1061 ut
1351 1028 1379 1062 si
1396 1028 1432 1060 in
1449 1040 1624 1060 carcerem
1644 1027 1814 1060 abductus
1832 1032 1930 1060 esset.

1397 1108 1460 1141 Est
1494 1114 1611 1140 autem
1640 1105 1872 1151 sophisticum
1903 1107 1996 1141 dicta
2032 1106 2074 1138 de
2103 1105 2280 1138 mandatis

1295 1160 1486 1193 transferre
1510 1160 1554 1192 ad
1578 1158 1852 1203 promissiones,
1885 1159 1975 1193 sicut
1995 1155 2065 1190 hoc
2089 1168 2209 1189 errore
2225 1155 2282 1190 Iu-

1296 1211 1374 1244 daei
1393 1223 1496 1254 saepe
1521 1210 1663 1254 impulsi
1685 1217 1768 1243 sunt
1793 1212 1837 1244 ad
1861 1210 2057 1244 movendas
2080 1207 2282 1247 seditiones,

1295 1268 1335 1296 ut
1353 1274 1431 1295 cum
1455 1262 1678 1305 interrogant
1694 1261 1910 1304 Dominum,
1938 1274 1984 1296 an
2004 1261 2107 1294 liceat
2128 1259 2281 1304 pendere

1298 1312 1547 1348 didrachmum
1564 1313 1738 1348 Romanis
1749 1313 1809 1360 ¹¹¹).

1399 1393 1474 1426 Hac
1498 1391 1704 1437 quaestione
1731 1403 1834 1436 saepe
1859 1390 2056 1436 disputata,
2089 1391 2199 1425 sancti
2217 1390 2284 1425 viri

1298 1443 1475 1488 sapienter
1492 1444 1739 1477 discernebant
1754 1445 1922 1476 mandata
1942 1449 1974 1476 et
1992 1455 2137 1488 poenas.
2190 1441 2283 1476 Scie-

1297 1496 1384 1528 bant
1401 1496 1436 1529 in
1461 1496 1585 1539 poenis
1611 1495 1875 1539 corporalibus,
1912 1507 1990 1528 cnm
2015 1492 2104 1527 nibil
2130 1495 2284 1528 facerent

1300 1554 1421 1580 contra
1441 1548 1609 1579 mandata
1626 1547 1714 1585 Dei,
1741 1546 1991 1590 praestandam
2019 1558 2091 1579 esse
2117 1546 2282 1579 obedien-

1299 1599 1383 1631 tiam
1396 1625 1404 1639 ,
1431 1599 1543 1631 donec
1560 1598 1656 1632 Deus
1672 1598 1826 1631 mitteret
1842 1597 2011 1631 salutares
2028 1598 2246 1631 liberatores.

1402 1674 1457 1707 Sic,
1472 1674 1537 1706 suit
1555 1680 1711 1707 erratum
1731 1685 1749 1706 a
1764 1673 1929 1706 Romano
1947 1674 2112 1717 pontifice
2122 1672 2173 1715 ὕ)
2202 1688 2280 1708 cnm

1269 1746 1270 1749 =
1301 1725 1464 1758 iudicavit
1487 1725 1603 1758 irritas
1627 1738 1698 1757 ess-e
1724 1724 1883 1757 inducias
1906 1737 1923 1756 a
1942 1723 2100 1757 Iohanne
2118 1726 2281 1759 Huniade

1300 1789 1377 1810 cum
1403 1776 1530 1809 Turris
1552 1776 1736 1818 sa(*tas'¹²),
1776 1776 1857 1821 quia
1889 1775 1964 1809 sine
1999 1777 2188 1809 autoritate
2211 1778 2282 1811 Ro-

1299 1827 1395 1860 mani
1426 1828 1601 1871 pontificis
1630 1840 1702 1860 non
1729 1827 1849 1860 liceret
1874 1839 1953 1859 cum
1979 1829 2157 1861 counuuni
2182 1826 2281 1862 hoste

1300 1877 1482 1912 christiani
1516 1878 1671 1911 nominis
1705 1878 1838 1923 aliquid
1869 1878 2010 1922 pacisci.
2078 1879 2128 1912 Ac
2160 1887 2281 1923 postea

1299 1930 1499 1963 Vladislans
1524 1943 1585 1963 rex
1604 1929 1796 1963 Potonicus
1822 1935 1856 1963 et
1877 1929 2096 1974 Ungafims,
2124 1938 2153 1964 et
2180 1931 2283 1964 multi

1299 1981 1509 2015 nobilissimi
1527 1979 1710 2020 homines,
1736 1981 1930 2014 multarum
1947 1981 2124 2026 gentium,
2151 1995 2281 2027 magno

1299 2033 1437 2078 proelio
1454 2033 1536 2066 victi
1554 2033 1590 2065 in
1609 2033 1682 2066 acie
1694 2031 1738 2078 ²¹³)
1758 2032 1972 2067 ceciderunt.

1332 2191 1380 2219 38]
1400 2190 1477 2216 conf.
1499 2192 1598 2216 Genes.
1611 2191 1654 2219 49,
1675 2191 1714 2215 to.

1333 2244 1380 2271 39]
1399 2243 1632 2271 Nahugdonosnr]
1649 2243 1687 2266 sic
1701 2243 1783 2267 Editt.
1802 2243 1874 2267 1552.
1895 2246 1919 2266 et
1942 2244 2029 2271 mm:
2048 2243 2117 2266 Edit.
2131 2244 2204 2268 ¹557.
2225 2245 2280 2268 Na-

1369 2278 1573 2304 tnietnlonosor:
1609 2278 1680 2301 Edit
1702 2279 1775 2302 ¹550.
1803 2278 2047 2301 Nabuchodonosor
2079 2280 2160 2307 (quae
2193 2279 2279 2303 soi-ma

1366 2318 1425 2335 cum
1446 2313 1530 2336 Lxx.
1551 2313 1577 2335 ct
1596 2312 1678 2341 Yutg.
1703 2313 1846 2343 congruit3
1879 2312 2019 2336 hebraicae
2043 2318 2110 2335 vero
2135 2314 2280 2343 respondet

1366 2347 1604 2375 Ncbucadnezar).

1331 2397 1381 2425 40)
1398 2397 1422 2421 2.
1437 2398 1559 2426 noer-5,
1579 2399 1604 2422 6.

1331 2449 1379 2476 41)
1397 2449 1493 2474 matth.
1508 2449 1550 2479 22,
1572 2449 1603 2473 17
1617 2455 1674 2480 sqq.
1710 2450 1792 2473 Marc.
1809 2449 1848 2479 12,
1869 2448 1900 2472 14
1915 2455 1974 2478 sqq.
2008 2449 2072 2473 Luc.
2085 2449 2128 2480 20,
2147 2450 2181 2475 22
2191 2458 2249 2482 sqq.
2270 2462 2272 2465 v
2303 2431 2306 2433 Δ

1332 2498 1364 2527 >¹²)
1385 2499 1447 2524 Scit.
1467 2501 1501 2524 ab
1518 2501 1641 2528 Eugenio
1655 2500 1702 2524 IV.
1721 2505 1791 2530 papa
1805 2499 1906 2524 1431—
1920 2498 1994 2523 ¹⁴⁴7.

1331 2551 1378 2577 42)
1398 2551 1456 2574 Hae
1480 2550 1603 2574 inductae
1626 2557 1642 2574 a
1665 2550 1787 2573 ttnntade
1818 2550 1866 2577 (de
1892 2556 1943 2579 quo
1967 2550 2038 2574 conf.
2064 2557 2148 2580 supra
2173 2558 2198 2581 p.
2220 2551 2277 2577 ¹77.

1365 2588 1429 2608 nota
1447 2586 1502 2611 19.)
1516 2592 1573 2608 cum
1589 2585 1683 2608 Min-ad
1697 2585 1726 2607 n.
1742 2584 1856 2607 statano
1875 2590 1899 2608 a.
1916 2585 1986 2607 1⁴44.
2008 2590 2099 2608 mense
2114 2585 2177 2609 tutio
2192 2586 2280 2611 sactae

1365 2621 1444 2647 sunt:
1470 2619 1523 2644 vid.
1544 2618 1654 2642 Maimth
1674 2618 1835 2642 Gesctiichte
1854 2618 1901 2641 der
1916 2619 2069 2648 Magyaren
2089 2620 2116 2643 T.
2129 2620 2159 2644 n.
2180 2627 2204 2650 p.
2221 2621 2279 2646 220.

1364 2654 1392 2676 et
1410 2654 1470 2677 Jos.
1492 2660 1518 2678 v.
1539 2654 1678 2676 Hammer:
1710 2653 1870 2675 Geschichte
1890 2653 1937 2675 des
1957 2654 2065 2677 osman.
2083 2653 2198 2678 Reiches
2217 2655 2246 2681 Τ.
2259 2655 2278 2679 1.

1365 2694 1390 2717 p.
1404 2688 1481 2717 456„
1507 2687 1563 2711 vid.
1582 2687 1655 2710 infra
1672 2693 1697 2716 p.
1711 2687 1770 2710 490.
1790 2688 1855 2710 nota
1871 2688 1927 2712 100.

1332 2738 1379 2767 43)
1399 2739 1430 2763 In
1448 2738 1506 2763 acie
1524 2737 1692 2771 tvai-riensi,
1713 2738 1745 2762 dc
1764 2744 1816 2770 qua
1835 2738 1905 2764 conf.
1924 2745 1950 2769 p.
1965 2738 2024 2763 489.
2044 2739 2108 2764 nota
2120 2738 2162 2763 ⁹³.
