2347 3000
106 102 181 140 853
335 102 410 138 vll.

106 189 224 222 amisit
241 188 431 222 exercituin
451 189 519 221 lata
541 187 706 233 culpa⁶⁸):
737 199 820 229 ergo
841 188 906 221 suit
922 200 1000 221 rens
1020 188 1089 220 lac-

103 252 162 273 sae
181 240 393 279 maiestatis,
422 245 455 272 et
478 239 657 282 proditor,
686 251 725 271 ac
746 239 773 271 si
800 240 881 271 dolo
908 240 1089 272 amisisset.

103 291 403 335 Respondenduin
421 296 487 323 est:
516 289 590 322 Etsi
615 290 715 322 dolus
741 296 773 322 et
798 291 864 322 lata
886 291 986 334 culpa
1008 296 1089 323 sunt

104 342 205 386 quasi
222 341 339 385 paria:
365 346 482 373 tamen
503 352 629 383 genere
643 341 827 377 (littorium
860 341 1008 373 alterum
1030 341 1088 372 de-

102 392 222 425 lictum
241 398 291 424 cst
309 392 450 434 proprie
471 391 730 431 xoluntarium,
764 392 914 425 alterum
940 404 1013 424 non
1039 397 1089 425 est

102 442 245 486 proprie
267 442 520 474 voluntarium.

204 495 262 526 Ex·
287 495 384 537 qnasi
408 491 569 540 miamin]
601 493 695 526 Reus
719 493 937 526 stellionatus
962 504 1086 536 corpo-

102 542 167 575 rati
182 554 295 586 poena
316 543 514 586 puniendus
534 550 599 576 est:
643 556 725 587 ergo
745 545 855 576 inulto
873 543 984 585 inagis
1002 543 1085 575 snrti

100 605 192 626 reus.
245 593 377 626 Verum
398 601 448 627 est
465 601 734 635 argumentum,
768 607 808 626 ex
825 594 926 639 quasi
947 594 1084 626 minore

100 644 255 677 (luctum.
309 645 399 677 Nun
420 646 641 678 stellionatus
658 651 707 677 cst
725 645 824 689 qnasi
843 645 959 676 11111101·
978 646 1083 677 furto.

97 693 145 727 Et
162 701 281 727 tamen
297 707 333 727 re
350 696 423 739 ipsa
446 696 620 728 interdum
639 696 716 739 plus
734 695 944 728 insidiarum
970 701 1003 727 et
1026 707 1084 738 pe-

99 745 201 778 riculi
216 746 338 785 struit,
367 759 471 791 quain
492 748 637 779 furtum.

203 796 352 828 (Iollatio
377 803 605 835 naturarum,
637 808 697 828 seu
720 795 1018 834 substantiarum,
1045 801 1084 827 ut

100 847 266 878 crocodili
288 853 320 878 et
339 847 490 890 tyranni.
545 846 591 879 Ut
607 845 700 878 enim
719 846 915 878 crocodilus
938 852 989 878 est
1009 857 1082 878 sae-

100 909 182 935 vus,
211 903 243 929 et
260 903 376 928 taincn
394 899 496 939 fugax
513 898 680 929 adversus
704 898 871 935 audaces,
908 902 940 928 et
967 897 1082 928 audax

98 948 263 980 adversus
278 947 436 979 tiinidos:
460 947 507 979 sic
526 947 667 991 tyranni
683 953 765 980 sunt
782 943 1032 993 θρασύδειλοι.

197 997 325 1036 Aliud,
354 997 490 1029 Horatii
508 998 567 1030 lib.
588 997 621 1030 4.
631 997 695 1043 G²'):

266 1056 367 1084 Fortes
389 1062 525 1084 creantur
548 1056 668 1084 sortibus
692 1063 720 1084 et
742 1056 834 1091 bonis,

265 1105 317 1133 Est
341 1107 369 1133 in
393 1107 538 1142 iuvencis,
568 1112 612 1134 est
634 1107 663 1133 111
687 1107 767 1144 equis
792 1111 904 1143 patrum

263 1155 379 1190 Virtus,
403 1165 457 1183 nec
480 1156 628 1183 imbellem
652 1156 764 1183 seroces

266 1206 464 1242 Progeneraut
488 1208 603 1244 aquilae
626 1207 796 1235 columbam.

198 1254 348 1288 Collatio
369 1257 575 1289 facultatum
594 1257 764 1300 significat
781 1257 991 1300 generaliter
1011 1257 1080 1288 col-

93 1305 242 1339 lationes
261 1307 503 1340 effectionum:
540 1314 578 1340 ut
592 1308 680 1341 sicut
699 1314 790 1340 artes
809 1314 968 1340 crescunt
985 1320 1080 1340 exer-

93 1356 192 1389 citio:
231 1357 279 1390 sic
295 1357 405 1392 virtus
423 1358 587 1391 exercitio
607 1360 643 1391 sit
664 1358 858 1392 excitatior.

199 1408 383 1442 Cornelius
410 1410 553 1442 Tacitus
578 1410 619 1442 de
643 1410 843 1454 eloquentia
855 1410 918 1455 ⁷⁰):
946 1409 1077 1453 Magna

96 1458 318 1503 eloquentia,
361 1460 449 1492 sicut
479 1461 644 1499 slannna,
690 1460 837 1492 materia
873 1461 998 1499 alitur,
1046 1466 1080 1491 ct

94 1509 247 1555 moiun)
267 1510 436 1542 excitatur
454 1517 486 1543 et
504 1513 639 1543 urendo
658 1511 826 1544 clarescit.

202 1563 309 1593 Unum
334 1563 438 1604 iyitur
466 1574 571 1604 yemis
601 1567 649 1595 est
676 1563 847 1607 eloquendi
873 1574 934 1595 sna
965 1566 1078 1604 sponse

89 1608 235 1657 fusum]
264 1611 398 1644 Natura
419 1613 515 1655 prius
538 1618 587 1644 est
610 1613 791 1650 invenire,
825 1610 891 1645 hoc
914 1618 985 1650 est,
1021 1624 1077 1643 co-

92 1660 202 1703 gitare
227 1674 313 1706 quas
338 1674 393 1695 res
421 1663 616 1705 significare
650 1663 726 1696 aliis
759 1663 855 1695 vetis.
918 1662 961 1694 Et
997 1674 1074 1694 cnm

92 1711 212 1743 aninlo
244 1712 360 1745 ideam
391 1725 510 1746 earinn
542 1726 681 1751 reruni,
726 1720 895 1757 tanquam
927 1713 1076 1744 aedilicii

92 1762 327 1805 concipimus,
374 1764 479 1796 simul
513 1765 617 1796 eliani
653 1765 694 1796 de
734 1765 857 1796 ordine
889 1764 1074 1807 cogitatur.

90 1811 227 1845 Deinde
253 1815 394 1846 accedat
418 1815 588 1853 elocutio,
624 1816 658 1846 id
685 1821 752 1854 est,
784 1815 950 1853 facultas,
986 1827 1074 1859 quae

93 1874 147 1895 res
171 1864 340 1906 cogitatas
365 1865 434 1898 suis
460 1866 594 1904 verbis,
628 1865 903 1908 significantibus
926 1871 959 1897 et
983 1871 1074 1897 recte

91 1913 217 1946 iunctis
235 1915 352 1954 effert,
380 1928 441 1949 scu
457 1916 611 1959 exponit.
671 1915 720 1948 Ac
736 1922 775 1947 ut
791 1916 961 1948 differunt
979 1916 1074 1959 inge-

91 1965 147 1997 nia
166 1966 354 2007 sagacitate
371 1966 407 1998 in
431 1967 637 2010 cogitando,
672 1966 732 1999 alii
758 1967 834 2000 aliis
859 1967 997 2010 aptiora
1022 1967 1074 1998 in-

90 2015 253 2048 x‘eninnt:
289 2016 337 2049 ita
353 2029 480 2061 inagna
504 2017 701 2050 dill'erentia
729 2024 778 2050 cst
802 2023 1010 2050 naturarum
1037 2017 1073 2049 in

90 2066 302 2111 eloquendo.
354 2068 453 2102 Alius
471 2068 539 2101 alio
566 2075 691 2101 natura
719 2074 768 2100 cst
794 2068 971 2107 soelicior,
1000 2081 1072 2100 ma-

91 2117 142 2160 gis
168 2118 351 2161 propriuS‚
392 2119 502 2163 inagis
526 2119 677 2157 nitidus,
720 2125 753 2151 et
775 2119 996 2164 splendidus:
1034 2125 1073 2151 ut

91 2168 178 2201 alius
194 2169 262 2200 alio
281 2175 406 2202 natura
424 2170 535 2213 inagis
554 2170 705 2203 musicus
720 2176 780 2202 est.
840 2170 990 2202 Multum
1010 2169 1071 2213 igi-

88 2224 146 2252 tur
169 2226 202 2252 et
227 2219 261 2252 in
288 2218 352 2252 hac
379 2228 478 2266 parte
501 2221 672 2254 foelicitas
697 2227 843 2252 naturae
870 2221 977 2258 valet3
1013 2221 1071 2253 sed

90 2275 206 2302 tamen
223 2269 306 2304 haec
325 2284 405 2315 pars
424 2273 500 2317 plus
519 2273 561 2304 ab
581 2278 654 2305 arte
679 2271 804 2311 sinuit,
841 2284 947 2316 quam
971 2284 1071 2316 supc-

128 2386 175 2417 68)
195 2386 272 2411 Conf.
292 2391 376 2415 supra
395 2393 418 2415 p.
432 2385 490 2409 847.
511 2387 575 2409 nota
590 2386 632 2410 4¹.

124 2430 171 2460 69)
192 2429 284 2452 Horat.
302 2428 453 2457 Carni.1V‚
473 2430 498 2457 ⁴,
516 2428 639 2452 29—32.
659 2443 691 2446 —
710 2427 737 2450 In
752 2427 952 2451 Commentario
971 2430 1069 2453 verba:

163 2463 284 2492 „Alium
304 2463 408 2485 Horatii
433 2463 476 2485 lit).
496 2464 518 2485 4.
531 2461 545 2469 ”’
566 2463 635 2485 mate
655 2464 715 2491 post
734 2468 844 2485 versum
862 2462 903 2486 29.
923 2463 1022 2486 Fortes
1036 2475 1068 2480 —

162 2498 253 2525 bonis.
272 2497 298 2519 in
317 2498 409 2520 eadem
429 2497 499 2519 linea
520 2500 607 2526 posita
628 2499 699 2519 sinit.

125 2539 173 2570 70)
193 2541 232 2563 De
251 2539 402 2562 oratoribus
426 2540 482 2561 sive
502 2539 533 2561 dt·
553 2540 641 2562 causis
659 2540 804 2568 corruptae
822 2539 991 2568 eloquentiae
1010 2540 1069 2564 dia—

163 2575 257 2604 logus,
277 2573 320 2602 qui
338 2574 370 2595 ab
386 2573 448 2595 aliis
468 2573 549 2596 Corn.
570 2574 677 2596 Tacito.
697 2575 730 2596 ab
751 2574 813 2596 aliis
827 2574 889 2597 Fati.
902 2574 1068 2603 Quintiliano

158 2608 302 2631 tribuitur,
327 2607 467 2636 sequentia
485 2609 567 2630 verba
587 2608 691 2630 exliiiiet
711 2614 733 2630 c.
746 2608 786 2631 36.
807 2608 864 2632 init.

125 2650 174 2677 71)
193 2651 280 2677 motu]
300 2649 338 2671 sie
357 2649 396 2672 tiic
415 2649 612 2675 Coininentar..
645 2650 671 2673 in
691 2650 737 2673 illo
756 2650 864 2680 dialogo
884 2650 940 2678 (ed.
960 2651 1067 2675 Pichon.

158 2684 246 2708 Paris.
268 2683 340 2707 1687.
358 2685 382 2708 4.
403 2684 431 2706 T.
445 2683 505 2711 iV.)
525 2685 639 2715 tegitur:
669 2685 792 2708 motibus.

464 101 849 138 COMMENTARIUS
885 101 933 137 IN
973 101 1219 137 CICERONIS
1255 101 1576 136 PARTITIONES
1615 102 1903 141 ORATORIAS.

2059 108 2132 144 854

1143 188 1268 222 riores.
1321 187 1411 222 lN‘am
1430 186 1570 220 facundi
1589 194 1713 221 natura
1727 216 1735 228 ,
1763 189 1791 223 si
1810 202 1882 222 non
1904 198 1995 224 recto
2017 204 2133 226 :issue-

1142 240 1222 271 sacti
1260 246 1363 277 sunt,
1406 239 1494 272 siunt
1535 238 1652 282 inepte
1694 241 1846 281 garruli,
1895 248 1954 274 ant
1993 245 2131 278 tinnidi.

1140 290 1294 322 Econtra
1309 317 1317 328 ‚
1342 290 1401 335 qui
1421 297 1503 322 sunt
1521 289 1711 329 aridiores,
1741 293 1829 324 finnt
1848 304 1991 335 prorsus
2010 294 2130 333 ieiuni,

1142 339 1297 379 horridi,
1324 341 1458 373 sordidi
1484 346 1516 374 et
1536 341 1704 385 squalidi:
1738 348 1776 374 ut
1800 348 1850 375 est
1872 342 2128 390 Sputum-him)

1141 392 1268 424 oratio.
1321 392 1442 435 Quare
1468 391 1632 425 studiosis
1657 392 1843 436 diligenter
1869 393 1903 425 in
1929 395 2127 427 elocutioni·

1140 442 1396 474 elaborandum
1423 448 1491 481 est,
1533 443 1738 484 praesertim
1766 457 1845 477 cum
1870 442 1956 477 haec
1983 446 2129 479 facultas

1139 493 1182 525 sit
1208 492 1330 535 ingens
1354 490 1508 524 hominis
1530 492 1646 526 decus.
1701 494 1814 536 Magis
1839 495 1932 528 enim
1956 495 2066 535 lucet,
2095 503 2129 529 et

1139 542 1354 586 conspicitur
1371 542 1592 587 eloquentia,
1621 556 1728 588 quain
1751 547 1911 579 abstrusa
1938 546 1973 578 in
1999 547 2127 580 animis

1138 600 1172 625 et
1204 594 1343 637 prolata
1377 593 1562 636 sapientia.
1643 594 1853 629 Traduntur
1887 603 2003 629 autem
2038 595 2126 630 haec

1137 650 1322 688 praecepta
1335 670 1344 683 ‚
1372 656 1450 677 cuni
1467 643 1503 676 111
1522 643 1598 676 aliis
1613 644 1711 678 libris
1730 644 1936 687 rhetoricis,
1964 654 2037 681 tuin
2058 647 2126 682 hic.

1238 694 1399 728 Primum
1435 700 1502 727 est:
1543 693 1807 730 perficiendum
1830 704 1880 731 est
1905 699 2066 731 doctrina
2093 706 2126 731 et

1136 746 1270 778 studio:
1298 752 1335 778 ut
1353 745 1506 789 primuni
1532 744 1594 777 tihi
1618 747 1783 789 proprius
1808 760 1924 780 serino
1950 756 1983 781 ct
2009 762 2126 793 grain-

1136 797 1285 829 inaticus
1302 797 1391 828 bene
1415 802 1520 829 notus
1545 795 1603 827 sit:
1638 802 1671 828 et
1694 803 1732 829 ut
1756 798 1843 831 iusta
1870 799 1969 842 copia
1998 802 2123 833 verbo-

1136 859 1213 879 rnin
1243 847 1432 880 instructus
1455 847 1520 886 sis,
1554 843 1620 878 hoc
1646 853 1714 886 est,
1748 855 1787 880 ut
1810 849 1977 894 pleraque
2005 852 2123 884 oinnia

1135 898 1205 930 suis
1232 898 1347 931 verbis
1372 904 1464 930 recte
1490 904 1524 930 et
1546 897 1680 940 signate
1704 898 1824 943 eloqui
1849 900 1971 942 possis.
2032 902 2124 935 Nam

1136 961 1263 992 corpus
1283 949 1456 981 orationis
1473 959 1601 990 inagna
1622 960 1662 980 ex
1680 955 1780 992 parte
1799 956 1960 983 constare
1977 963 2017 983 ex
2042 965 2124 996 pro-

1135 1000 1212 1043 prio
1232 1012 1394 1033 sermone
1411 1000 1534 1039 debet,
1562 1005 1600 1031 ut
1616 1000 1754 1031 tunicae
1776 1000 1843 1032 tela
1868 1013 1908 1033 ex
1930 1001 2023 1036 lana.
2077 1004 2125 1036 Ut

1135 1057 1250 1083 autein
1272 1063 1376 1083 aurea
1394 1052 1449 1083 sila
1467 1049 1595 1082 alicubi
1610 1050 1887 1084 inici-texuntur:
1920 1052 1967 1085 sic
1987 1053 2022 1084 in
2040 1066 2121 1097 pro-

1135 1102 1212 1145 prio
1230 1114 1392 1134 scrinone
1407 1102 1581 1146 quaedam
1600 1108 1809 1134 ornamenta
1835 1102 1936 1135 certis
1956 1103 2123 1136 interval-

1135 1153 1174 1184 lis
1191 1158 1264 1184 arte
1281 1159 1507 1196 sparguntur.
1561 1151 1611 1183 Ac
1629 1152 1779 1184 maxime
1802 1152 1836 1184 in
1856 1155 2018 1186 ornando
2045 1168 2120 1187 1110-

1134 1204 1197 1235 dus
1213 1204 1388 1236 landatur.
1441 1203 1532 1236 *Nam
1557 1202 1713 1245 neglecta
1738 1204 1975 1247 proprietate,
2003 1218 2120 1238 serino

1134 1255 1169 1286 fit
1195 1255 1383 1293 obscurus,
1412 1254 1586 1293 tumidus,
1615 1253 1731 1296 inepte
1758 1255 1972 1289 redundans.
2024 1257 2122 1290 Talis

1133 1304 1197 1337 suit
1222 1305 1435 1338 Asianorum
1455 1304 1501 1349 73)
1528 1305 1753 1348 quorundam
1784 1305 1953 1350 loquendi
1976 1319 2121 1340 consue-

1134 1356 1238 1395 tudo,
1272 1368 1361 1400 quae
1387 1367 1403 1387 a
1429 1355 1663 1399 prudentibus
1688 1355 1789 1387 valde
1815 1354 2028 1399 reprehensa
2053 1365 2120 1391 est:

1132 1413 1169 1439 ut
1184 1406 1362 1449 Augustus
1384 1406 1625 1438 Maecenatem
1652 1404 1896 1448 reprehendit,
1933 1408 1993 1452 qui
2016 1409 2121 1443 nii‘nis

1132 1457 1319 1489 ambitioso
1351 1457 1445 1489 cultu
1469 1463 1502 1488 et
1527 1456 1726 1488 immmlicis
1753 1457 1871 1499 figuris
1898 1458 1949 1489 uti
1975 1460 2120 1494 solebat.

1132 1507 1212 1540 Ideo
1248 1508 1371 1540 Cicero
1411 1505 1466 1539 liic
1501 1506 1657 1550 primum
1694 1507 1847 1550 partitur
1884 1519 2010 1549 genera
2050 1511 2120 1542 elo-

1131 1559 1261 1604 quendi
1288 1559 1325 1590 in
1350 1560 1419 1591 duo
1447 1557 1626 1597 nieinbra,
1661 1570 1814 1602 quorum
1841 1559 1991 1591 alterum
2020 1568 2121 1594 vocat

1130 1611 1245 1642 susnni
1277 1622 1337 1643 sua
1371 1615 1517 1653 sponte,
1562 1608 1597 1640 id
1623 1614 1692 1647 est,
1736 1608 2004 1652 quotidianum,
2039 1624 2120 1655 pro—

1131 1661 1267 1704 prium,
1308 1660 1599 1703 grammaticum,
1640 1672 1710 1704 quo
1742 1660 1845 1692 licum
1876 1661 1998 1700 licum,

1131 1710 1237 1755 phain
1255 1709 1422 1755 scapham
1443 1710 1674 1754 appellamus.
1717 1709 1830 1743 Huius
1850 1711 1987 1753 generis
2003 1713 2117 1756 prima

1130 1769 1162 1794 et
1186 1763 1374 1806 praecipua
1392 1763 1433 1795 sit
1455 1774 1535 1794 cura
1551 1787 1558 1798 ,
1588 1761 1685 1793 cuins
1710 1761 1853 1805 quiden)
1883 1767 1976 1793 tanta
2004 1765 2120 1796 suavi-

1130 1820 1180 1846 tas
1197 1819 1265 1850 est,
1290 1820 1325 1845 ut
1351 1813 1385 1844 in
1405 1813 1521 1856 pueris
1540 1818 1572 1843 et
1591 1810 1713 1855 puellis
1733 1814 1858 1843 natu‘ra
1878 1812 2036 1847 facundis
2052 1815 2117 1846 1111-

1128 1864 1220 1896 rifice
1247 1862 1311 1896 hac
1336 1864 1550 1908 proprietate
1572 1863 1798 1895 delectemur.
1851 1861 2003 1896 Deducit
2021 1865 2115 1898 enim

1128 1913 1217 1947 lianc
1245 1921 1394 1947 aetatem
1426 1921 1551 1946 natura
1580 1913 1735 1956 primum
1771 1913 1816 1945 ad
1847 1915 2115 1957 proprietatem.

1126 1965 1171 1998 Et
1188 1977 1291 2009 saepe
1316 1966 1478 1998 andinius
1501 1962 1714 2007 reprehendi
1740 1976 1869 2007 pucros
1894 1965 1937 1997 ab
1961 1967 2117 2011 aequali-

1127 2018 1209 2055 lius,
1253 2017 1480 2050 nominantes
1514 2015 1648 2060 aliquid
1674 2027 1746 2046 non
1773 2026 1834 2047 sua
1858 2016 2113 2059 appellatione;

1127 2068 1207 2113 quia
1232 2067 1324 2099 enim
1350 2075 1477 2100 natura
1507 2066 1600 2100 sanis
1622 2065 1772 2109 ingeniis
1797 2077 1918 2098 curam
1946 2074 2038 2101 recte
2062 2069 2114 2101 lo-

1126 2119 1257 2164 quendi
1282 2119 1520 2163 ingeneravit:
1561 2129 1635 2150 non
1658 2122 1806 2161 possunt
1827 2116 1901 2150 sine
1926 2117 2109 2151 stomacho

1126 2170 1247 2203 audIre
1265 2169 1382 2214 inepte
1408 2171 1558 2202 detorta.

1225 2220 1384 2253 Alterum
1416 2233 1523 2264 genus
1555 2224 1658 2251 vocat
1688 2229 1828 2250 versum
1859 2223 1890 2250 et
1921 2225 2111 2259 mutatum,

1124 2271 1304 2311 videlicet,
1343 2285 1420 2304 cuni
1446 2284 1519 2303 non
1545 2270 1580 2302 in
1603 2281 1675 2302 uno
1703 2275 1839 2301 tantum
1864 2269 1971 2301 verbo
1998 2276 2111 2303 trans-

2047 1675 2119 1696 SCU-

1156 2395 1204 2422 72)
1223 2395 1262 2417 De
1282 2394 1331 2417 hoe
1352 2394 1382 2423 Q.
1401 2392 1512 2415 Aurelio
1526 2391 1686 2421 Symmacho
1706 2390 1827 2412 Romano
1848 2391 1884 2417 (e.
1900 2394 1923 2412 a.
1939 2389 2024 2417 3950,
2044 2391 2104 2415 vii-0

1191 2427 1330 2451 consulari
1349 2430 1375 2450 et
1401 2428 1538 2456 praefecto
1565 2426 1638 2448 urbis
1666 2424 1717 2448 vid.
1736 2423 1852 2446 Fabricii
1880 2424 2037 2448 bibliotheca
2062 2427 2104 2448 ta-

1191 2463 1248 2486 tina
1268 2464 1347 2485 aucta
1367 2461 1442 2490 dilig.
1461 2461 1570 2483 Ernesti
1590 2460 1662 2482 Toni.
1675 2458 1719 2480 111.
1741 2464 1765 2486 p.
1779 2457 1829 2480 204
1843 2464 1898 2486 sqq,
1919 2458 2103 2486 Epistotarnm

1189 2497 1275 2520 libros
1295 2496 1386 2518 ‹tecein
1407 2495 1529 2524 reliquit3
1561 2493 1714 2516 orationum
1734 2492 1791 2514 eins
1809 2492 1991 2515 tantummodo
2012 2495 2104 2521 partes

1191 2532 1339 2559 supersunt
1354 2546 1360 2557 ,
1387 2534 1453 2559 quas
1473 2530 1543 2558 Aug.
1566 2527 1654 2550 Maius
1681 2532 1705 2549 a.
1726 2525 1799 2549 1815.
1823 2525 1968 2548 Mediolani
1999 2528 2103 2556 primus

1188 2565 1280 2588 edidit.

1153 2614 1201 2643 73)
1221 2616 1311 2644 negas
1331 2613 1472 2637 Ciceronis
1496 2613 1529 2636 de
1548 2612 1657 2635 Asianis
1675 2618 1695 2634 s.
1716 2609 1846 2633 Asiaticis
1873 2611 2029 2633 oratoribus
2058 2612 2098 2633 ῑιι-

1189 2649 1257 2672 dieia
1289 2649 1315 2671 in
1342 2650 1422 2672 [truto
1445 2648 1485 2675 13,
1503 2648 1546 2670 51.
1575 2647 1619 2675 95,
1639 2645 1714 2672 325.;
1754 2645 1871 2667 Oratore
1890 2645 1931 2672 69,
1952 2645 2028 2671 230.;
2068 2648 2099 2668 de

1189 2685 1244 2713 opt.
1263 2689 1325 2713 geu.
1344 2684 1414 2707 orat.
1432 2682 1458 2707 3.
1477 2685 1500 2705 δ.

1505 2715 1554 2749 54
1569 2713 1587 2730 ἢ*
