2347 3000
220 127 317 164 1223

221 226 265 248 ne
296 213 503 246 clementiae
532 211 674 245 laudem
711 208 865 241 amittas.
978 207 1066 248 Quid
1096 209 1132 239 tu
1164 206 1206 238 de

220 262 315 312 reqe]
361 264 466 297 Ratio
500 259 723 296 inversionis.
849 254 1026 305 Iudicat-e]
1075 255 1208 290 scilicet

223 315 470 361 pronuntiare.

326 364 356 411 §-
384 365 418 401 5.
447 361 606 410 moveor]
636 362 764 406 Captat
789 359 895 393 etiam
920 357 1207 391 benevolentiam

223 429 242 452 a
263 417 355 452 loco.
458 413 562 462 Loci]
604 413 734 448 scilicet
762 411 845 457 quia
881 409 917 442 in
938 409 1018 442 foro
1047 410 1209 444 solebant

224 469 280 513 agi
299 479 435 502 causae.
512 463 665 512 Quanta]
693 463 824 498 scilicet
842 466 975 508 quanta
996 472 1099 495 causa
1117 473 1209 495 nun-

225 533 333 566 quam
351 518 541 563 unanima)
560 516 657 549 venit
672 515 708 548 in
729 511 1022 552 controversiam,
1052 514 1135 559 quin
1156 518 1208 546 est

225 584 326 605 causa
345 569 452 611 regia.
531 564 759 614 Domesticos]
788 565 919 599 scilicet
933 564 1081 597 domum
1098 570 1209 597 tuam.

227 619 426 668 Graiorum]
453 619 586 654 scssicet
602 615 853 664 patronorum.
905 613 956 648 lta
976 615 1070 648 enim
1087 621 1211 648 orator

225 673 329 713 dicit,
357 679 395 705 ut
419 684 492 704 nou
516 676 655 704 tantum
681 668 808 708 iudici,
843 667 904 701 sed
930 666 1038 699 etiam
1062 666 1211 699 circum-

224 724 322 757 fusae
347 722 567 756 multitudini
588 721 672 755 velit
698 718 864 765 probari,
903 718 1000 763 quod
1028 718 1090 751 ubi
1121 717 1212 750 obti-

224 776 362 815 nuerit,
398 775 441 807 de
473 786 576 807 cansa
606 785 668 807 sua
692 773 781 804 bene
807 775 937 815 sperat.
989 768 1082 804 Nam
1107 769 1212 802 iudex

226 839 300 859 non
331 833 462 859 temere
494 831 617 858 contra
648 824 836 868 probatam
869 820 975 864 vulgo
1000 820 1211 854 sententiam

226 878 449 923 pronuntiat.
553 878 600 910 At
622 878 751 922 quiesco
765 871 829 920 13)]
859 872 894 904 id
919 878 987 912 est,
1014 885 1055 906 ex
1079 878 1112 904 te
1136 872 1212 905 solo

227 931 378 974 pendeo,
461 925 590 974 Unum]
617 926 749 960 scilieet
766 924 981 968 litigatorem
999 930 1033 956 et
1049 923 1213 957 iudicem.

229 982 321 1023 Quae
350 978 455 1027 milei]
500 977 701 1011 (joi-rectio:
737 976 805 1009 Sed
829 981 948 1007 tamen
976 986 1040 1018 ego
1072 986 1212 1008 causam

227 1031 345 1065 minus
369 1032 457 1064 bene
483 1042 625 1073 possum
643 1028 772 1061 d1cere.
825 1025 1052 1069 Disceptator
1069 1026 1213 1070 proprie

229 1083 401 1127 significat
434 1081 628 1120 arbitrum,
668 1079 729 1113 sed
764 1084 885 1110 tamen
925 1076 1032 1109 etiam
1063 1077 1215 1110 sumitur

227 1146 294 1178 pro
330 1133 455 1166 iudice.
508 1131 616 1165 ludex
646 1136 697 1164 est
726 1126 939 1162 ordinarius.
992 1127 1136 1161 Arbiter
1165 1134 1216 1161 est

229 1183 551 1222 extraordinarius,
588 1182 716 1215 electus
749 1192 768 1212 a
800 1178 979 1224 partibus,
1015 1178 1073 1211 ein
1097 1177 1215 1212 Scliie-

230 1237 388 1270 desman.
468 1230 697 1279 Gravissima]
727 1231 762 1264 id
781 1236 843 1270 est,
864 1229 1011 1262 maximi
1030 1230 1215 1263 momenti.

230 1285 382 1334 Motum]
410 1286 539 1320 scilicet
563 1285 745 1323 affectum,
773 1281 874 1328 quasi
895 1281 1003 1314 dicat:
1031 1281 1115 1316 Non
1143 1288 1214 1315 tain

231 1351 398 1378 nun-eor,
426 1350 505 1370 cum
529 1336 623 1370 solus
647 1342 763 1368 tecum
787 1346 874 1377 ago,
901 1344 1008 1377 quam
1026 1333 1056 1367 si
1073 1345 1215 1378 agerem

230 1391 391 1435 pluribus
432 1388 643 1421 videntibus.
746 1382 928 1431 Impetum]
968 1384 1100 1418 scilicet
1132 1384 1217 1419 vim.

231 1439 395 1488 Lei-lora]
423 1440 552 1473 scilicet
575 1437 726 1471 minoris
749 1436 928 1481 ponderis.

337 1491 366 1536 ξ.
399 1491 433 1525 6,
475 1493 517 1525 δι’
548 1492 584 1524 in
614 1487 709 1536 soro]
751 1487 882 1521 scilicet
912 1485 973 1519 ubi
1004 1486 1061 1529 agi
1091 1497 1217 1519 causae

233 1549 502 1577 consueverant.
553 1536 786 1586 Disceptante]
814 1538 944 1572 scilicet
968 1537 1102 1577 iudice,
1128 1537 1219 1570 iudi-

234 1596 326 1628 cium
346 1600 541 1633 exercente,
554 1592 746 1631 iudicante,
759 1591 964 1623 disserente.
1011 1588 1218 1632 Disceptare

235 1653 285 1680 cst
309 1647 385 1679 iure
409 1645 634 1677 contendere.
686 1641 738 1676 Ita
759 1640 852 1673 ratio
875 1639 1014 1672 ratione
1032 1641 1219 1673 confirma-

235 1705 304 1733 tur.
408 1698 491 1738 Quis
504 1691 610 1741 enim]
638 1693 730 1728 Nam
745 1697 935 1736 postquam
955 1703 1027 1725 esse
1043 1691 1080 1724 in
1097 1690 1218 1725 castris

234 1749 352 1794 potuit
379 1760 441 1792 per
471 1752 643 1786 aetatem,
676 1742 851 1778 Romanis
884 1742 921 1774 in
945 1742 1047 1783 Asia,
1082 1742 1219 1787 Cappa-

235 1800 358 1839 docia,
400 1799 538 1838 Ponto,
578 1796 721 1837 Cilicia,
761 1793 863 1839 Syria
893 1793 984 1826 bella
1017 1794 1219 1839 gerentibus

235 1863 373 1896 semper
397 1849 509 1883 assuit.
614 1844 673 1895 Ei]
700 1845 832 1882 scilicet
845 1844 1027 1879 Deiotaro.
1133 1847 1220 1880 Gon-

235 1899 414 1949 sumpium]
451 1901 581 1940 idest,
614 1899 829 1936 confectam,
863 1896 964 1942 quasi
992 1896 1101 1930 dicat:
1137 1896 1220 1931 Non

238 1961 313 1987 crat
328 1955 427 1987 senio
448 1952 637 1985 consectus.
744 1944 919 1995 On·e'cc¹'¹)]
948 1948 1079 1982 scilicet
1095 1948 1133 1982 in
1150 1960 1219 1993 qua

238 2013 270 2039 ct
295 2005 404 2037 multa
434 2010 466 2037 et
489 2001 686 2036 honorifica
715 2002 855 2034 decreta
888 2001 930 2032 de
954 2012 994 2032 eo
1020 2000 1112 2032 facta
1138 2006 1220 2033 sunt

467 2054 573 2087 Curia
597 2053 696 2087 locus
721 2057 790 2091 cst,
826 2050 863 2083 in
896 2063 966 2096 quo
997 2063 1100 2095 agere
1131 2052 1221 2085 solet

505 2101 642 2152 Forum]
682 2103 813 2138 scilicet
847 2101 883 2133 in
917 2115 987 2147 quo
1018 2114 1121 2146 saepe
1152 2115 1218 2147 pro

236 2160 366 2192 x‘irtute
390 2158 554 2191 laudatus
580 2162 642 2190 est.
747 2150 893 2200 Caelum]
931 2153 1061 2187 scilicet
1086 2154 1123 2187 in
1148 2166 1218 2199 quo

236 2209 343 2244 habet
369 2214 572 2254 praesentes
603 2206 710 2240 Deos.
788 2204 1086 2248 Religiosissimus
1125 2205 1218 2238 enim

237 2275 297 2295 rex
321 2268 373 2295 est
394 2261 606 2299 Deiotarus,
634 2264 668 2291 et
691 2256 851 2289 Deorum
877 2256 1219 2291 observantissimus.

236 2314 329 2348 Nam
350 2312 439 2345 mira
465 2310 668 2344 scribuntur
691 2309 734 2342 de
765 2307 839 2341 eius
872 2307 1056 2351 religione.
1121 2306 1220 2341 Nihil

236 2376 396 2410 unquam
422 2362 556 2406 coepit,
591 2361 660 2394 nisi
694 2359 792 2404 prius
823 2359 991 2392 consultis
1016 2359 1220 2403 auguribus.

237 2414 449 2450 Observavit
480 2413 598 2445 arium
633 2411 797 2456 garritus.
848 2409 968 2444 Illudit
999 2408 1081 2444 huic
1113 2410 1220 2443 Deio-

237 2476 313 2501 taro
334 2466 404 2500 Cic.
423 2465 458 2497 in
474 2468 509 2500 2.
527 2464 587 2498 lib.
607 2464 649 2496 de
665 2461 950 2508 divinationem).
1053 2459 1218 2510 Deorum]

236 2071 254 2090 a
278 2063 414 2090 senatu.

235 2114 390 2142 senatus.

272 2566 337 2598 12⁵¹)
356 2566 453 2594 ullam]
472 2565 520 2588 Ed.
540 2563 614 2588 1568,
633 2563 699 2587 ulla.

272 2612 316 2638 13)
336 2610 371 2634 Ac
391 2609 518 2640 qrtiesco]
539 2607 577 2629 sic
597 2605 645 2630 Ed.
667 2605 758 2634 156ς,;
777 2604 826 2628 Ed.
846 2603 932 2628 Orelt.
950 2603 1110 2634 acquiesco.

271 2655 316 2681 14]
338 2652 443 2679 Curia]
470 2650 509 2673 sic
534 2649 581 2672 Ed.
610 2648 700 2675 mos:
729 2648 799 2678 apud
824 2647 982 2672 Ciceronem
1009 2647 1032 2669 11.
1058 2647 1074 2670 1.
1103 2647 1218 2678 legitur:

306 2692 428 2712 curtam.

274 2732 320 2760 15)
340 2729 396 2755 eir.
415 2728 447 2751 de
467 2725 557 2750 Divin.
576 2724 615 2751 11,
635 2724 683 2748 37.
703 2724 744 2749 79.

795 119 918 156 PHIL.
953 118 1066 155 MEL.
1102 116 1304 153 SCRIPTA
1337 117 1674 157 PHILOLOGICA.

2145 120 2244 158 1224

1259 204 1392 239 scilicet
1420 205 1594 241 Deiotaro
1626 208 1833 244 faventium.
1937 204 2123 255 Beneficia]
2169 206 2245 241 Cir-

1259 257 1471 291 cumstantia
1493 258 1767 301 beneficiorum,
1802 272 1893 307 qnae
1922 259 1959 293 in
1991 271 2110 304 regem
2137 257 2246 291 Deio-

1260 314 1378 342 tarum
1406 309 1559 353 populus
1583 310 1769 346 Romanus
1790 313 2006 346 contulisset⁴
2112 305 2246 356 Oratio]

1260 359 1392 393 scilicet
1413 361 1561 395 facultas
1585 361 1738 397 dicendi.

1364 408 1395 454 ἓ.
1421 411 1456 446 7.
1490 410 1596 461 Quae]
1634 413 1765 447 scilicet
1794 412 1853 446 illa
1888 412 2021 447 omnia.
2125 413 2246 455 Anqu-

1261 459 1384 509 stiora]
1427 463 1560 496 scilicet
1597 464 1848 499 contractiora.
1960 460 2074 511 Actio]
2115 461 2248 497 seilicet

1263 513 1427 547 tractatio
1458 526 1596 550 causae.
1698 511 1924 562 Debilitatnr]
1965 515 2001 548 id
2031 521 2101 555 est,
2135 512 2248 557 repri-

1263 564 1383 599 mitur.
1503 568 1611 600 Tnum
1641 564 1706 615 cst]
1749 566 1956 601 Conclusio:
1997 564 2092 611 Ergo
2126 564 2249 598 audies

1263 616 1431 652 studiose.
1538 616 1662 666 Tuum]
1698 618 1733 652 id
1764 624 1836 658 est,
1869 617 2024 663 pertinet
2054 617 2099 650 ad
2122 622 2178 656 te,
2213 627 2249 649 es

1263 666 1328 700 wil
1362 667 1419 701 dir
1449 667 1618 711 gebfiren.
1722 667 1838 717 Nunc]
1873 668 2005 703 scilicet
2034 679 2114 701 cum
2145 678 2249 710 agam

1263 730 1337 751 non
1360 719 1396 751 in
1420 719 1513 760 foro,
1537 721 1598 753 sed
1621 720 1658 753 in
1682 726 1741 754 tua
1768 721 1889 754 domo.
1993 721 2047 753 Ad
2069 724 2100 753 te
2123 720 2228 762 ipsum

1266 769 1301 802 id
1326 776 1395 811 est,
1430 770 1473 804 de
1504 777 1537 804 te
1567 772 1807 806 coniecturam
1841 772 1968 806 facere.
2091 714 2250 814 Referri}

1266 821 1301 854 id
1324 827 1386 861 cst,
1419 833 1439 854 a
1464 827 1498 854 te
1516 823 1716 867 exemplum
1735 822 1848 868 coepi,
1866 821 1978 869 -quasi
1994 820 2104 855 dicat:
2132 818 2250 853 Facile

1266 884 1330 917 per
1352 878 1384 906 te
1407 878 1508 917 potes
1541 875 1746 915 aestimare,
1781 872 1868 908 mihi
1894 886 1988 907 nunc
2008 884 2082 906 non
2108 877 2249 905 tantuin

1267 935 1340 957 csse
1369 923 1500 964 animi,
1535 926 1663 969 agendi
1696 926 1732 958 in
1765 933 1824 959 tua
1857 926 1985 965 domo,
2019 929 2192 970 quantum
2223 921 2252 955 si

1267 987 1407 1017 agerem
1442 975 1479 1007 in
1514 976 1605 1010 soro.
1682 976 1884 1022 Antequam
1925 981 2119 1010 sectaretur
2145 972 2251 1011 bella,

1267 1026 1404 1059 solebat
1432 1032 1626 1070 patronum
1658 1039 1761 1071 agere
1791 1028 1828 1060 in
1853 1028 1945 1061 soro.
2069 1021 2250 1071 Aequitas]

1269 1077 1302 1109 id
1327 1083 1395 1116 cst,
1422 1077 1642 1122 benignitas,
1670 1078 1831 1113 remissio
1857 1078 1955 1112 iuris.
2006 1075 2061 1110 De
2082 1073 2149 1109 hac
2175 1075 2253 1119 pul-

1269 1125 1350 1160 chre
1378 1127 1538 1173 loquitur
1569 1129 1692 1163 Cicero
1729 1130 1767 1163 in
1795 1130 1958 1164 oratione
1993 1140 2056 1173 pro
2086 1126 2252 1161 Murena.

1268 1176 1457 1226 Aetde’ende']
1491 1180 1623 1214 scilicet
1647 1193 1717 1216 me.
1819 1174 2128 1225 Perna-batimaem]
2162 1176 2254 1211 scili-

1268 1236 1322 1262 cet
1339 1242 1409 1275 qua
1426 1228 1484 1263 hic
1501 1243 1607 1276 agens
1625 1231 1722 1266 varie
1739 1232 1885 1267 afficior.
1969 1233 2040 1266 Sed
2056 1224 2252 1275 antequam]

1269 1281 1449 1326 Repetitio
1473 1283 1622 1318 exordii.

1371 1332 1468 1366 Haec
1490 1335 1606 1368 oratio
1636 1346 1702 1379 pro
1734 1346 1816 1379 rege
1840 1332 2012 1377 Deiotaro
2045 1343 2120 1365 non
2147 1328 2256 1364 habet

1270 1390 1342 1416 tam
1376 1384 1475 1417 varia
1508 1386 1673 1426 consilia,
1714 1385 2016 1432 quemadmodum
2050 1382 2256 1427 Ligariana,

1270 1434 1350 1468 ideo
1375 1442 1427 1470 est
1444 1436 1556 1472 facilis
1579 1445 1613 1471 et
1634 1437 1753 1482 plana.
1803 1435 2007 1482 Propositio
2033 1433 2169 1468 exordii
2192 1430 2256 1466 ha-

1270 1486 1330 1519 bet
1357 1487 1538 1533 querelam
1572 1488 1792 1534 indignitatis
1823 1495 1858 1522 et
1888 1488 2039 1521 aliarum
2070 1484 2255 1519 difficulta-

1272 1544 1368 1579 tum,
1403 1540 1505 1584 quasi
1532 1541 1642 1574 dicat:
1677 1540 1799 1574 Multis
1833 1537 2097 1573 difficultatibus
2128 1536 2165 1570 in
2188 1533 2255 1569 hac

1271 1600 1376 1623 causa
1408 1592 1611 1635 perturbor.
1687 1592 1809 1626 Prima
1842 1590 2028 1625 difficultas
2056 1594 2125 1623 est:
2163 1587 2254 1621 Dico

1270 1652 1338 1684 pro
1363 1652 1446 1685 rege
1468 1642 1506 1676 in
1531 1642 1662 1677 iudicio
1687 1642 1847 1688 capitali,
1875 1642 1972 1687 quod
1995 1646 2047 1674 est
2069 1651 2202 1673 nomm
2220 1644 2255 1671 ct

1271 1691 1485 1728 inauditum.
1554 1695 1697 1729 Novum
1730 1694 1823 1727 enim
1857 1699 1908 1726 est
1935 1691 2091 1725 accusari
2122 1701 2255 1735 regem,

1272 1754 1351 1776 cum
1384 1743 1429 1777 sit
1457 1742 1699 1792 αὐτοκράτωρ
1715 1744 1774 1793 ¹⁶).
1824 1744 1937 1788 Regia
1973 1742 2069 1776 enim
2099 1747 2255 1787 potestas

1272 1799 1324 1827 est
1347 1792 1591 1841 ἇνυπευθύνη
1608 1796 1672 1843 ¹⁷),
1700 1795 1767 1829 lioc
1791 1802 1858 1835 est,
1886 1806 1977 1840 quae
1995 1793 2127 1828 nullius
2147 1791 2255 1827 subii·

1273 1845 1364 1878 citur
1380 1845 1524 1881 iudicio.
1578 1847 1739 1881 Secunda
1763 1854 1813 1881 est
1835 1846 2038 1880 difficultas:
2064 1845 2255 1888 Indignum

1273 1902 1342 1936 est,
1385 1898 1482 1943 quod
1511 1910 1572 1931 rex
1602 1905 1783 1933 accusetur
1815 1910 1834 1931 a
1862 1903 1992 1942 nepote
2026 1902 2060 1930 et
2092 1909 2111 1930 a
2139 1907 2254 1931 servo.

1273 1947 1415 1982 Tertia:
1461 1948 1573 1984 Causa
1608 1951 1737 1984 dicitur
1771 1950 1864 1995 apud
1903 1950 2021 1993 ipsum
2055 1948 2256 1985 Caesarem,

1273 2000 1335 2047 qui
1357 2000 1403 2034 sit
1425 1999 1542 2042 iudex,
1569 2008 1603 2034 et
1628 2002 1689 2047 qui
1710 2002 1753 2036 sit
1780 2008 1890 2041 actor,
1916 1998 1984 2033 hoc
2001 2005 2064 2041 est,
2087 2000 2131 2033 ad
2148 2009 2255 2045 quem

1272 2066 1328 2087 res
1346 2052 1500 2086 maxime
1519 2053 1714 2097 pertineat,
1748 2059 1781 2085 ct
1802 2052 1999 2086 timendum
2025 2058 2096 2093 est,
2121 2062 2166 2084 ne
2188 2048 2256 2083 sibi

1272 2106 1317 2140 sit
1349 2104 1487 2138 futurus
1518 2104 1684 2150 aequior,
1727 2116 1834 2150 quam
1866 2103 2083 2137 adversario.
2146 2099 2257 2135 Addit

1273 2163 1391 2190 autem
1415 2156 1689 2190 correctionem:
1723 2155 1799 2188 Hoc
1827 2161 1917 2190 esset
1945 2155 2088 2201 quidem
2118 2153 2155 2187 in
2179 2151 2257 2186 aliis

1273 2208 1433 2249 difficile,
1461 2208 1555 2253 apud
1583 2214 1615 2240 te
1642 2213 1758 2241 autem
1779 2205 1869 2240 nihil
1893 2214 1943 2240 est
1958 2204 2127 2251 periculi,
2170 2202 2254 2250 quia

1272 2258 1363 2293 nihil
1386 2260 1549 2306 iniquum
1573 2265 1724 2298 statues,
1750 2271 1824 2292 non
1849 2260 1900 2294 vis
1925 2257 2062 2292 traduci
2083 2263 2256 2302 tanquam

1272 2310 1382 2345 homo
1405 2311 1492 2346 levis
1518 2317 1551 2344 et
1574 2310 1743 2350 iniustus,
1777 2322 1850 2343 non
1883 2309 2085 2345 succumbes
2107 2308 2181 2341 istis
2206 2307 2256 2339 as-

1272 2363 1432 2397 foetibus.
1491 2359 1663 2408 ‘Quart32
1708 2360 1831 2395 Movet
1858 2374 1916 2395 me
1955 2359 2144 2394 insolentia
2175 2357 2255 2392 loci.

1272 2414 1340 2449 Ista
1367 2413 1504 2447 addidit
1528 2420 1686 2452 tanturn,
1717 2419 1757 2446 ut
1788 2413 1902 2447 oratio
1932 2412 1993 2446 fiat
2020 2410 2184 2452 uberior,
2218 2417 2258 2444 ut

1273 2466 1423 2511 speciem
1458 2477 1597 2510 pugnae
1633 2461 1813 2505 exhibeat,
1847 2464 1936 2498 sicut
1965 2461 2143 2497 Antonius
2172 2461 2257 2496 dicit

1274 2518 1369 2562 apud
1393 2517 1619 2557 Ciceronem,
1648 2516 1786 2550 tametsi
1802 2514 1889 2549 haec
1912 2514 2031 2560 aliquo
2047 2514 2156 2547 modo
2174 2525 2256 2547 con·

1273 2569 1392 2603 cilient
1401 2570 1572 2608 favor-rm,
1587 2580 1752 2611 magnam
1764 2580 1835 2601 esse
1846 2567 1936 2610 regis
1949 2565 2255 2600 existimationem.

1310 2679 1354 2707 16)
1376 2674 1566 2708 αὐτοκράτωρ]
1587 2676 1633 2700 Ed.
1657 2675 1728 2698 ¹568.
1748 2680 1845 2698 errore
1864 2677 1972 2705 typogr.
1993 2667 2178 2703 ιῖντοκριὲτων.

1310 2721 1355 2749 ¹7)
1376 2717 1570 2749 ‹irin-tevt‘itirq]
1590 2719 1638 2742 Ed.
1661 2718 1734 2742 1568.
1753 2720 1896 2748 corrupte:
1915 2711 2096 2746 ἀιίπιυθήιή.
