2347 3000
59 150 129 187 581
562 148 587 184 Ι.

56 249 115 271 005
134 247 323 270 commune
347 234 410 276 sit,
438 234 521 281 quia
546 246 650 280 saepe
676 246 785 279 opera
809 234 956 269 alicuius
979 247 1045 280 pro

54 288 207 334 pecunia
227 287 332 321 valet.

162 339 231 373 Sed
253 336 411 383 quaestio
438 342 507 376 est,
542 348 587 370 an
613 336 650 369 in
674 337 840 370 societate
864 337 966 370 liceat
990 350 1049 382 pa-

56 390 158 430 cisci,
198 396 237 424 ut
264 386 353 421 nihil
384 387 555 421 sustineat
588 388 729 428 damni,
767 388 827 434 qui
858 389 1046 433 pecuniam

57 440 228 480 contulit,
255 440 316 473 sed
334 436 465 472 habeat
481 439 618 473 salvum
641 440 809 484 capitale,
837 440 976 474 etiamsi
999 440 1047 472 al-

54 499 108 526 ter
126 489 214 525 nihil
230 491 401 524 lucratur.

154 541 220 575 Hic
239 547 441 575 contractus
458 540 607 575 usitatus
626 547 677 575 est
705 541 799 585 apud
822 547 1045 575 mercatores.

51 591 116 626 Est
131 599 248 626 autem
267 605 304 625 re
323 593 398 637 ipsa
416 593 591 626 mutuatio
603 592 668 639 ²⁰),
703 604 776 625 non
792 592 957 632 societas,
985 592 1045 625 ubi

51 641 138 676 haec
156 644 274 688 pactio
292 645 347 684 fit,
376 650 414 677 ut
431 644 475 677 sit
492 645 627 677 salvum
646 643 813 687 capitale,
842 643 979 677 etiamsi
997 644 1046 676 al-

50 694 119 728 teri
141 695 247 739 periit
271 695 421 739 pecunia
447 695 523 729 sine
549 708 610 728 sua
637 696 751 738 culpa.
812 694 904 727 Nam
924 696 968 728 ad
983 706 1045 726 na-

51 751 170 779 turam
187 746 397 780 societatum
415 746 569 790 pertinet
586 747 800 779 damnorum
818 746 1044 790 exaequatio:

51 803 86 830 et
101 795 191 829 hanc
210 798 433 837 societatem,
462 797 498 829 in
517 809 585 842 qua
604 797 692 830 alter
713 795 801 829 nihil
825 797 928 829 debet
953 796 1045 840 peri-

52 848 122 881 culi
146 849 340 888 sustinere,
376 849 468 881 clare
492 848 672 891 improbat
696 847 751 880 lex
773 848 809 880 in
826 846 978 892 Digestis
1002 848 1044 880 de

52 899 232 945 Soci02¹)‚
264 899 325 932 ubi
351 898 490 932 Cassius
514 899 650 944 inquit,
691 899 873 932 leoninam
898 899 1045 933 societa-

51 956 123 984 tem
147 962 237 990 esse,
278 949 340 984 ubi
365 950 453 983 alter
478 956 617 984 tantum
639 950 757 991 lucra,
792 950 882 983 alter
905 956 1044 983 tantum

51 1002 183 1034 damna
207 1001 326 1035 sentit.

153 1050 237 1085 Ideo
270 1058 388 1086 autem
419 1051 520 1085 danti
543 1058 668 1085 mutuo
691 1051 793 1085 reddi
817 1064 956 1086 necesse
983 1059 1045 1092 est,

49 1102 123 1137 sive
142 1103 264 1147 culpa,
291 1103 364 1137 sive
385 1102 460 1136 sine
486 1103 588 1148 culpa
611 1110 773 1137 mutuum
793 1109 934 1148 pereat,
962 1103 1044 1149 quia

50 1161 215 1188 mutuum
241 1154 280 1187 fit
299 1154 524 1198 accipientis,
553 1161 586 1187 et
602 1154 787 1198 accipienti
806 1155 918 1199 perit,
947 1156 1043 1200 quod

50 1205 122 1238 iam
142 1205 250 1250 ipsius
265 1205 381 1238 suerat
398 1205 608 1250 proprium,
635 1218 699 1238 nec
722 1206 860 1239 tollitur
883 1206 936 1239 ius
960 1207 1045 1239 alte-

51 1256 144 1297 rIus,
174 1256 400 1302 quidederat
417 1263 554 1291 mutuo,
616 1257 714 1290 Talis
735 1257 829 1290 enim
849 1263 900 1290 est
917 1263 1042 1290 natura

50 1313 265 1341 contractus.
317 1307 364 1341 At
386 1307 423 1340 in
450 1320 533 1341 vera
557 1308 724 1342 societate
753 1308 902 1353 quilibet
930 1309 1044 1342 socius

49 1365 172 1392 manet
196 1358 363 1393 dominus
389 1371 455 1403 pro
480 1359 734 1403 proportione:
763 1366 803 1393 ut
829 1359 1043 1403 cumplures

50 1410 203 1443 eundem
232 1410 382 1444 fundum
415 1411 653 1445 communiter
676 1416 815 1451 tenent,
848 1410 941 1454 perit
961 1422 1044 1455 pars

51 1461 196 1495 cuilibet
213 1473 279 1506 pro
296 1461 544 1507 proportione.

192 1535 253 1569 De
282 1535 556 1569 venditione
585 1541 625 1568 et
653 1535 895 1580 emptione.

153 1603 322 1637 Venditio
342 1610 376 1637 et
391 1604 525 1649 emptio
551 1610 633 1637 sunt
654 1610 876 1645 contractus,
911 1604 948 1638 in
972 1618 1043 1650 quo

52 1654 185 1698 obligat
209 1667 244 1689 se
268 1656 424 1689 vendens
450 1656 494 1688 ad
517 1656 726 1688 tradendam
751 1668 903 1688 mercem
930 1656 1044 1697 alteri,

50 1706 214 1739 videlicet
231 1706 381 1747 ementi,
408 1713 513 1752 atque
535 1706 583 1739 ita
603 1707 647 1739 ad
673 1707 957 1740 transferendum
982 1707 1045 1741 do-

51 1757 203 1790 minium
221 1763 256 1791 et
275 1757 535 1802 possessionem
556 1756 682 1790 mercis
706 1770 772 1801 pro
798 1764 892 1792 certo
916 1759 1045 1803 pretio,

53 1815 88 1842 et
104 1808 257 1842 vicissim
279 1815 420 1853 emptor
437 1808 572 1852 obligat
585 1820 621 1842 se
640 1809 685 1841 ad
704 1810 861 1843 dandum
878 1810 1045 1854 pretium,

53 1865 86 1892 et
101 1866 141 1893 ut
158 1871 258 1893 merx
274 1861 312 1893 fit
331 1858 498 1900 ementis,
530 1859 578 1893 ita
604 1859 759 1904 pretium
787 1861 826 1894 fit
849 1861 1046 1902 vendentis,

52 1922 118 1944 nec
134 1910 213 1944 licet
231 1911 384 1955 emptori
400 1917 560 1956 repetere
577 1911 744 1955 pretium.

156 1961 398 1996 Nominantur
420 1968 538 1996 autem
562 1961 808 1996 substantialia
830 1962 1046 1996 venditionis

55 2018 90 2046 et
107 2012 316 2057 emptionis,
341 2025 458 2053 merx,
483 2013 638 2057 pretium
656 2019 690 2046 et
705 2025 911 2048 consensus:
941 2015 1045 2048 credo

53 2069 147 2097 reete
164 2064 246 2097 addi
264 2076 365 2109 posse
384 2063 613 2098 traditionem
631 2065 673 2097 de
689 2076 726 2097 re
743 2065 933 2109 corporali.

157 2115 289 2149 Extant
306 2115 465 2160 exempla
485 2115 707 2159 emptionum
728 2122 762 2148 et
786 2116 1045 2156 venditionum,

53 2164 238 2207 Abrahae,
275 2166 379 2200 Iacob
394 2194 403 2208 ,
437 2166 606 2207 Βία-11115,
638 2167 857 2208 Hieremiae,
897 2180 987 2213 quae
1014 2174 1047 2200 et

54 2215 149 2252 hunc
181 2225 403 2252 contractum
438 2224 472 2251 et
503 2217 591 2251 alios
633 2217 810 2262 legitimos
846 2225 1046 2252 contractus

57 2270 248 2303 ostendunt
273 2281 455 2303 concessos
479 2281 552 2303 esse
568 2266 798 2310 Christianis,
824 2269 921 2303 iuxta
945 2282 1047 2314 regu-

57 2319 147 2352 lam:
172 2320 405 2365 Evangelium
425 2332 499 2354 non
519 2320 636 2353 abolet
653 2320 814 2364 politicas
838 2327 872 2354 et
896 2334 1047 2354 oecono-

58 2370 167 2404 micas
184 2372 441 2406 ordinationes:
470 2372 542 2404 imo
561 2371 658 2405 Deus
679 2372 753 2405 vult
770 2384 834 2406 nos
858 2384 1047 2417 agnoscere

58 2421 221 2466 politiam
241 2429 274 2457 et
289 2423 536 2457 oeconomiam
553 2435 625 2456 esse
643 2435 723 2457 suas
747 2423 990 2458 ordinationes
1015 2430 1049 2457 et

61 2484 190 2517 opera,
217 2481 250 2507 et
264 2476 340 2509 vult
356 2488 422 2509 1105
439 2475 507 2509 11115
522 2481 729 2507 reverenter
747 2475 809 2509 uti.
846 2474 935 2509 Cum
953 2475 1047 2509 enim

58 2523 156 2558 Deus
186 2525 269 2558 velit
296 2524 458 2560 homines
488 2526 671 2570 copulatos
702 2538 774 2560 esse
805 2533 929 2561 mutua
964 2527 1050 2559 dile-

59 2576 196 2616 ctione,
239 2576 335 2610 iuxta
367 2577 498 2612 dictum
533 2575 677 2624 (Matth,
696 2577 882 2624 22‚,39.);
932 2577 1049 2623 Dilige

99 2678 147 2706 20)
167 2676 311 2705 mutuatio]
330 2676 474 2709 Prolegg.:
497 2678 621 2702 mutatio.

95 2721 143 2749 τι)
163 2719 375 2751 Digest.XV11.
400 2720 480 2745 tit.2.
504 2720 646 2751 inseripti:
683 2720 737 2745 Pro
762 2719 856 2754 socio,
886 2721 906 2748 1.
918 2720 960 2747 29.
986 2719 1051 2754 §.2

132 2755 227 2785 (Coi-p.
248 2754 300 2779 iur.
317 2754 368 2779 civ.
389 2754 431 2780 ed.
450 2755 522 2780 Beck
539 2756 568 2780 Τ.
581 2755 601 2781 1.
619 2755 649 2781 P.
662 2756 684 2782 1.
704 2762 730 2787 χι.
747 2755 832 2784 6853.

637 147 1007 184 PROLEGOMENA
1040 147 1088 183 IN
1124 145 1310 181 OFFlClA
1346 146 1604 182 chffltoMS.

2017 157 2091 194 582

1100 233 1301 278 proximum
1318 239 1416 267 tuum
1435 234 1523 267 sicut
1541 239 1573 266 te
1593 233 1706 278 ipsum
1719 261 1728 275 ,
1761 243 1796 269 ut
1816 239 2007 282 cogitemus
2026 256 2089 277 1105

1100 285 1143 317 ab
1165 286 1240 329 ipso
1260 298 1401 330 quoque
1422 285 1539 329 diligi,
1568 285 1661 318 iuxta
1688 286 1838 321 dictum:
1872 290 2013 325 Bonum
2041 302 2091 327 (151¹

1100 336 1382 369 conservativum
1410 337 1481 375 sui,
1525 337 1863 372 0011111111111οῑ111111111
1889 349 1921 375 et
1943 355 2089 388 congro-

1099 387 1269 430 gativnm,
1296 387 1343 420 sic
1361 388 1518 420 condidit
1536 401 1643 431 genus
1661 386 1856 424 humanum
1869 419 1877 432 ,
1903 400 1941 426 ut
1961 395 2088 439 singuli

1099 438 1293 470 multorum
1314 439 1493 472 laboribus
1511 446 1542 471 et
1560 440 1663 473 rebus
1681 440 1900 485 indigeamus
1913 471 1920 484 ‚
1949 453 1977 477 et
2004 445 2090 479 haec

1099 489 1173 532 ipsa
1192 489 1385 532 indigentia
1409 491 1703 524 connnonesactio
1730 500 1818 527 esset
1842 496 1884 528 de
1908 497 2090 532 voluntate

1099 539 1177 574 Dei.
1231 540 1277 573 Ut
1291 547 1406 573 autem
1427 542 1536 584 possit
1555 554 1626 575 esse
1652 551 1821 587 perpetua
1848 549 2088 582 communica-

1100 591 1170 631 tio,
1206 592 1281 624 x'ult
1312 592 1448 624 servari
1478 598 1638 625 mutuam
1670 596 1932 639 aequalitatem.
1999 601 2090 635 Hinc

1099 648 1181 676 sunt
1216 642 1275 674 illa
1309 643 1400 675 dicta
1426 641 1650 686 Epicharmi:
1696 643 1760 685 δός
1783 660 1815 681 τι
1841 647 1904 683 καὶ
1929 650 2024 697 λαβέ
2044 666 2089 688 τι.

1098 692 1185 725 Item
1203 695 1248 738 τῇ
1262 690 1332 738 μὲν
1350 691 1487 738 δίδωμι
1499 692 1611 740 χειρὶ,
1640 697 1685 740 τῇ
1701 694 1740 730 δὲ
1758 697 1951 744 λαμβάνω.
2000 702 2086 737 Item

1095 742 1175 789 χεὶρ
1194 745 1302 790 χεῖρα
1325 742 1459 786 vlam,
1489 742 1671 784 δάκτυλος
1686 744 1725 780 δὲ
1747 745 1945 787 δάκτυλον.
2000 753 2086 788 Item

1099 794 1193 841 ἀνὴρ
1216 792 1255 829 δὲ
1279 792 1384 837 σώζω
1409 793 1550 841 ἄνδρα,
1587 795 1650 830 καὶ
1671 794 1773 837 Πόλις
1798 800 1971 848 710‘7-t1'22).
2045 806 2090 840 Et

1099 844 1189 879 lianc
1215 847 1438 892 aequalitatis
1470 847 1775 882 conserxationem
1809 853 1972 888 nominat
1995 856 2091 892 Deus

1100 897 1290 937 iustitiam,
1319 910 1467 943 eamque
1493 899 1569 931 vult
1594 897 1759 943 intelligi,
1794 908 1831 935 ut
1856 903 2030 941 discamus
2056 916 2090 943 et

1099 949 1213 993 ipsum
1234 949 1364 982 iustum
1382 956 1415 982 et
1432 950 1616 994 aequalem
1637 963 1721 984 esse.

1199 999 1243 1033 Et
1263 1012 1423 1043 expressa
1443 1001 1655 1045 approbatio
1676 1008 1726 1036 est
1750 1004 1941 1048 emptionis
1971 1011 2001 1043 1.
2022 1010 2088 1045 Co-

1097 1048 1207 1085 rinth.
1225 1051 1259 1091 7,
1279 1051 1354 1097 (30.
1373 1052 1468 1097 31.):
1499 1052 1570 1097 Qui
1589 1060 1712 1086 emunt
1728 1060 1897 1101 tanquam
1919 1071 1991 1093 non
2010 1075 2091 1106 pos-

1098 1102 1254 1143 sideant,
1281 1109 1419 1137 utentes
1434 1101 1502 1136 hoc
1526 1105 1680 1144 mundo,
1715 1105 1764 1138 sic
1787 1113 1825 1140 ut
1847 1120 1919 1142 non
1943 1113 2091 1147 abutan-

1099 1159 1173 1193 tur,
1217 1155 1386 1197 praeterit
1415 1155 1508 1188 enim
1536 1161 1650 1199 gestus
1674 1153 1778 1190 huius
1804 1161 1939 1195 mundi.
2001 1163 2087 1199 Item

1098 1204 1270 1239 Proverb.
1289 1206 1346 1245 16,
1363 1206 1476 1252 (11.);
1505 1206 1612 1239 Libra
1639 1214 1672 1240 et
1696 1210 1836 1252 pondus
1863 1211 1991 1247 iudicia
2016 1216 2089 1250 Do-

1098 1255 1186 1288 mini
1210 1263 1312 1296 sunt,
1340 1263 1374 1290 et
1396 1270 1518 1291 omnes
1540 1257 1674 1302 lapides
1696 1259 1817 1295 lancis.
1872 1263 1959 1297 Cum
1983 1267 2090 1310 igitur

1097 1319 1170 1340 non
1201 1308 1348 1341 dubium
1379 1308 1423 1341 sit
1453 1321 1554 1343 veras
1587 1310 1784 1354 emptiones
1811 1319 1845 1345 et
1867 1317 2088 1354 venditiones

1098 1370 1278 1392 concessas
1296 1370 1366 1392 esse
1380 1357 1601 1401 Christianis,
1620 1369 1811 1397 moventur
1827 1361 1884 1398 1110
1905 1372 1973 1403 tres
1988 1382 2089 1413 prae-

1098 1409 1198 1454 cipue
1215 1410 1451 1455 quaestiones.

1491 1494 1686 1530 Prima.

1200 1563 1257 1596 An
1280 1564 1326 1595 sit
1346 1574 1425 1596 vera
1446 1564 1584 1605 emple'o,
1614 1575 1686 1598 eum.
1701 1568 1858 1601 venditur
1871 1568 1998 1611 seneclus
2015 1587 2086 1610 cnm

1097 1615 1284 1646 conditione
1301 1615 1339 1646 de
1357 1611 1588 1647 recondendo?

1199 1664 1265 1697 Hic
1281 1666 1500 1708 respondeo,
1529 1677 1649 1698 veram
1669 1668 1885 1712 emptionem
1905 1684 1996 1714 esse,
2025 1689 2089 1710 nec

1098 1722 1265 1749 naturam
1285 1722 1486 1750 contractus
1503 1717 1635 1749 mutari
1660 1715 1726 1752 hoc
1748 1732 1873 1762 onere,
1902 1726 1998 1770 quod
2016 1740 2089 1761 ma-

1099 1767 1148 1811 gis
1167 1766 1338 1811 emptori,
1366 1780 1473 1812 quam
1490 1768 1667 1801 venditori
1685 1782 1791 1813 grave
1812 1779 1873 1808 est.
1927 1775 2087 1824 Cumque

1098 1830 1179 1851 vere
1210 1819 1255 1852 sit
1286 1819 1439 1862 emptio,
1476 1831 1550 1852 non
1582 1826 1633 1853 est
1661 1833 1788 1862 usura,
1829 1827 1927 1869 quod
1956 1828 2089 1864 interea

1099 1876 1239 1914 emptor
1255 1870 1407 1914 accepit,
1434 1870 1516 1916 quia
1535 1872 1578 1904 de
1595 1884 1658 1905 suo
1678 1873 1788 1906 fundo
1806 1877 1951 1921 accepit.

1200 1920 1284 1955 Esse
1316 1927 1433 1954 autem
1467 1920 1558 1955 hanc
1593 1924 1747 1957 sormam
1780 1929 1970 1971 emptionis
1999 1932 2090 1965 anti·

1100 1984 1206 2017 quam
1226 1979 1259 2005 et
1276 1973 1463 2016 probatam
1484 1974 1637 2017 legibus,
1667 1977 1820 2010 ostendit
1839 1985 1952 2014 textus
1970 1982 2006 2015 in
2024 1983 2089 2017 Co-

1100 2024 1175 2056 dice
1205 2025 1247 2056 de
1279 2024 1410 2068 pactis,
1446 2024 1538 2057 inter
1571 2033 1768 2070 emptorem
1795 2035 1827 2062 et
1854 2033 2089 2075 venditorem,

1099 2075 1173 2119 lege
1192 2075 1227 2108 Si
1244 2076 1393 2109 fundum
1415 2082 1477 2110 etc.
1488 2076 1553 2122 23),
1582 2077 1679 2112 0111115
1695 2080 1801 2113 verba
1822 2079 1906 2116 haec
1924 2092 2022 2119 sunt:
2054 2086 2089 2119 Si

1099 2128 1248 2160 fundum
1273 2133 1437 2171 parentes
1458 2128 1509 2160 tui
1528 2140 1566 2160 ea
1587 2129 1662 2173 lege
1681 2132 1935 2175 vendiderunt,
1961 2143 1999 2169 ut
2017 2137 2089 2171 sive

1100 2178 1188 2222 ipsi,
1216 2178 1288 2211 sive
1307 2176 1476 2212 haeredes
1493 2192 1615 2213 eorum
1635 2183 1787 2225 emptori
1806 2185 1959 2227 pretium
1980 2200 2090 2232 quan-

1100 2231 1308 2275 docunque,
1344 2231 1399 2263 vel
1430 2230 1521 2263 intra
1552 2239 1644 2265 certa
1676 2239 1837 2278 tempora
1871 2237 2090 2279 obtulissent,

1100 2281 1364 2321 restitueretur,
1393 2287 1496 2326 teque
1521 2290 1647 2326 parato
1672 2285 1870 2320 satisfacere
1893 2289 2090 2323 conditioni

1101 2333 1214 2366 dictae
1237 2330 1361 2366 haeres
1385 2334 1556 2377 emptoris
1581 2347 1655 2368 non
1679 2343 1798 2380 paret,
1825 2345 1864 2371 ut
1890 2346 2091 2376 contractus

1100 2385 1185 2417 fides
1199 2389 1370 2423 servetur,
1394 2385 1485 2417 actio
1503 2386 1728 2430 praescriptis
1747 2389 1861 2423 verbis
1879 2391 1933 2423 vel
1950 2404 1989 2424 ex
2008 2406 2091 2426 ven-

1102 2436 1175 2468 dito
1208 2435 1272 2468 tibi
1303 2435 1464 2476 dabitur,
1507 2434 1626 2470 habita
1652 2439 1791 2472 ratione
1815 2453 1958 2483 eornm,
2000 2457 2090 2489 quae

1102 2493 1181 2531 post
1215 2487 1369 2519 oblatam
1395 2499 1433 2519 ex
1457 2494 1561 2531 pacto
1586 2490 1819 2533 quantitatem
1850 2505 1889 2525 ex
1913 2506 1954 2527 eo
1979 2495 2090 2528 fundo

1103 2539 1145 2570 ad
1165 2537 1407 2570 adversarium
1428 2547 1679 2582 pervenerunt.

1137 2669 1183 2699 22)
1205 2669 1283 2693 Couf.
1303 2675 1386 2700 supra
1408 2677 1432 2702 p.
1451 2670 1507 2694 154.

1137 2722 1185 2750 23)
1205 2721 1330 2747 Cod.1v.
1348 2722 1389 2746 tit.
1405 2723 1446 2746 54.
1465 2723 1484 2748 l.
1498 2722 1523 2747 2.
1543 2722 1638 2755 (Corp.
1659 2725 1710 2750 iur.
1730 2727 1782 2751 civ.
1802 2728 1842 2752 ed.
1857 2729 1929 2754 Beck
1949 2730 1976 2755 T.
1992 2730 2009 2755 1.
2031 2731 2059 2755 P.
2073 2731 2089 2755 1.

1173 2756 1298 2787 [1401).

1390 2792 1438 2826 37
1457 2789 1477 2808 *⁶
