2347 3000
231 150 302 185 123

232 237 296 268 bus
314 233 493 273 concedit,
519 239 558 266 ut
573 232 820 272 dominentur,
847 231 1026 276 Apostolis
1041 242 1115 263 non
1133 241 1216 262 con-

233 287 338 323 cedit,
373 291 411 319 nt
435 285 683 323 dominentur,
718 281 785 315 hoc
812 289 879 322 est,
915 289 952 315 nt
977 283 1012 314 vi
1039 280 1217 325 corporali

232 344 378 371 utantur
404 342 585 381 praetextu
610 334 808 368 ministerii.
874 333 920 366 Et
946 332 1078 366 Paulus
1102 332 1218 378 inquit

235 392 287 435 (2.
304 390 385 422 Cor.
404 389 468 427 10,
486 386 556 433 4.):
583 386 693 418 Arma
710 385 856 417 militiae
881 390 1024 417 nostrae
1039 396 1112 417 non
1137 390 1217 417 sunt

236 440 403 473 carnalia.
457 438 525 471 Sed
542 438 669 470 addam
690 448 796 470 unam
816 433 1062 480 Chrysostoini
1080 442 1218 469 senten-

235 493 339 530 tiam,
368 489 480 536 quiin
497 489 646 523 secunda
666 487 826 520 oratione
843 487 886 519 de
912 487 1082 531 dignitate
1106 500 1219 521 sacer—

235 546 359 575 dotum
390 541 483 574 clare
516 539 683 573 discernit
712 538 938 582 magistratus
964 540 1152 583 profanos,
1187 545 1220 570 ct

236 595 436 639 episcopos,
472 597 506 623 et
528 589 791 633 magistratibus
824 591 983 634 profanis
1013 591 1139 624 tribuit
1167 590 1220 623 ins

237 644 448 678 cohercendi
470 642 504 673 vi
528 640 721 685 corporali:
763 641 945 687 episcopos
971 649 1089 675 aulem
1116 647 1221 685 negat

236 696 365 730 babere.
386 699 595 738 potestatem
613 690 823 725 cohercendi
838 693 873 725 vi
892 694 1082 738 corporali.
1136 693 1221 726 Cae-

237 755 369 784 terum,
391 751 430 777 ut
447 744 524 778 aliis
543 742 773 784 Christianis,
801 745 848 777 ita
876 751 910 777 et
935 745 1126 790 episcopis,
1161 757 1221 778 seu

238 797 436 843 pastoribus
451 795 690 829 Ecclesiaruin
706 795 788 828 licet
802 803 920 829 tenere
937 797 1142 841 proprium,
1171 796 1221 828 di-

238 850 341 882 vitias
359 854 392 880 et
410 847 495 881 alias
513 847 743 886 donationes,
772 848 855 892 quia
877 846 942 881 hae
962 855 1044 881 sunt
1060 861 1114 881 res
1133 847 1222 891 poli-

237 902 325 934 ticae
344 911 526 933 concessae
544 897 765 932 Christianis.
818 898 868 931 lta
885 899 967 932 licet
983 900 1156 944 episcopis
1175 906 1223 931 te-

238 965 321 986 nere
342 952 511 984 donatam
531 950 811 983 iurisdictionem
829 950 983 984 inbonis
1001 951 1115 989 certis,
1133 963 1222 995 qnae

238 1011 290 1038 est
305 1015 359 1036 res
376 1001 500 1042 clvilis,
516 999 605 1034 nihil
620 1002 801 1046 pertinens
817 1002 860 1034 ad
871 1003 1056 1047 proprium
1069 1001 1224 1046 episcopi

239 1055 392 1088 officium
404 1080 412 1093 ,
441 1053 530 1086 sicut
548 1065 604 1086 ars
621 1053 761 1086 texendi
779 1054 813 1086 in
829 1054 942 1087 Paulo
963 1052 1051 1087 nihil
1072 1053 1224 1098 pertine-

237 1109 298 1139 bat
314 1107 359 1138 ad
375 1117 504 1138 munus
522 1104 695 1149 Apostoli.
741 1104 787 1137 Et
805 1111 924 1138 tamen
939 1106 1070 1138 Paulus
1086 1111 1225 1149 poterat

239 1170 311 1192 esse
324 1156 568 1201 etApostolus,
588 1162 621 1188 et
637 1162 762 1189 textor.
798 1157 867 1189 Sed
885 1157 1039 1189 viderint
1058 1156 1225 1201 episcopi,

239 1223 282 1243 ne
305 1215 451 1254 propter
476 1220 560 1252 opes
582 1208 803 1240 abducantur
825 1209 868 1240 ab
901 1208 1015 1241 officio
1046 1208 1225 1240 docendae

240 1268 272 1293 et
287 1260 538 1305 gubernandae
554 1258 750 1298 Ecclesiae,
779 1265 811 1291 et
838 1259 1075 1303 inspiciendae
1096 1258 1226 1290 doctri-

240 1325 306 1345 nae
324 1312 467 1344 illorum
480 1337 488 1350 ,
517 1310 644 1354 quibus
660 1316 840 1354 praesunt.

339 1361 537 1406 imperator
552 1360 611 1405 l⁰⁰)
629 1361 862 1393 mandaverat
878 1360 1067 1394 Ambrosio
1079 1387 1087 1400 ,
1113 1366 1153 1393 ut
1176 1372 1227 1392 ce-

240 1416 339 1447 deret
363 1413 535 1457 templum
559 1412 721 1451 Arianis,
747 1413 806 1445 sed
832 1412 1043 1445 Ambrosius
1069 1424 1142 1444 non
1167 1412 1228 1443 ob-

241 1470 426 1510 temperat.
477 1463 561 1497 Non
585 1463 680 1496 enim
705 1463 805 1496 licuit
828 1464 975 1509 obsequi
1000 1463 1108 1507 impia
1129 1475 1229 1495 man-

241 1516 352 1556 danti,
368 1521 403 1549 et
418 1515 613 1559 imperator
627 1526 741 1559 neque
760 1514 953 1558 legitimam
965 1514 1227 1547 ordinationem

243 1581 283 1601 ex
301 1566 456 1600 Ecclesia
480 1566 603 1599 tollere
628 1566 769 1606 debuit,
797 1578 912 1611 neque
934 1566 1084 1610 impium
1109 1567 1229 1598 docto-

242 1631 316 1652 rem
343 1618 532 1662 praeficere
560 1617 749 1650 Ecclesiae.
802 1617 891 1650 Erat
913 1617 1006 1650 enim
1022 1617 1230 1651 Ambrosius

244 1670 398 1714 legitime
425 1668 629 1708 ordinatus,
665 1675 699 1701 et
722 1675 815 1701 recte
839 1669 999 1702 docebat.
1064 1669 1232 1702 Continet

244 1728 363 1755 autem
384 1720 540 1764 legitima
560 1719 739 1753 ordinatio
759 1720 983 1753 vocationem
1008 1732 1069 1753 seu
1093 1720 1231 1753 electio-

244 1785 346 1812 nem,
373 1784 464 1817 quae
484 1772 529 1805 sit
544 1784 563 1804 a
578 1771 733 1816 populo,
762 1772 817 1804 vel
840 1771 900 1811 iis,
929 1771 1056 1816 quibus
1079 1772 1232 1816 populus

245 1837 323 1858 eam
340 1835 415 1856 rem
437 1823 638 1863 committit,
657 1829 690 1856 et
709 1823 1009 1867 approbationem
1029 1823 1230 1868 aliquorum

245 1876 505 1920 episcoporum.

346 1926 535 1959 Praeterea
561 1926 606 1958 ad
631 1925 814 1970 episcopos
839 1927 994 1970 pertinet
1021 1926 1233 1960 constituere

249 1977 377 2011 iudicia
395 1978 438 2010 de
455 1977 639 2016 doctrina,
667 1983 701 2010 et
725 1989 920 2010 convocare
943 1979 1117 2022 synodos,
1146 1978 1235 2011 sicut

248 2036 347 2063 vetus
366 2028 570 2061 constitutio
587 2028 672 2068 fuit,
699 2034 739 2061 ut
762 2029 891 2072 singuli
918 2029 1072 2074 episcopi
1096 2029 1149 2062 bis
1172 2026 1234 2061 ha-

249 2082 372 2113 berent
401 2080 556 2124 synodos
589 2091 734 2112 suarum
762 2079 999 2114 Ecclesiarum
1032 2080 1233 2126 quotannis.

248 2132 293 2165 Et
308 2131 471 2176 Apostoli
487 2131 661 2176 synodum
679 2129 892 2165 habuerunt.
943 2131 989 2164 Et
1008 2145 1087 2165 cum
1104 2132 1235 2164 Paulus

249 2184 500 2217 samosatenus
515 2181 545 2227 ¹)
564 2189 694 2216 sereret
718 2182 868 2227 impium
887 2184 1015 2227 dogma
1027 2210 1036 2223 ,
1064 2195 1235 2216 convene-

250 2241 334 2267 runt
356 2231 583 2266 Antiochiam
613 2234 721 2266 vicini
755 2235 909 2278 episcopi
923 2234 974 2280 ²),
1010 2241 1044 2268 et
1079 2232 1235 2267 adhibita

249 2285 404 2318 Ecclesia
443 2282 686 2324 Antiochena,
730 2286 992 2319 damnaverunt
1021 2286 1237 2330 episcopum.

251 2337 337 2376 Sed,
365 2343 404 2370 ut
427 2348 534 2381 supra
559 2336 691 2369 dictum
717 2343 768 2370 est
791 2337 827 2369 in
850 2337 1100 2371 controversiis
1117 2338 1159 2370 de
1177 2338 1238 2369 do-

253 2387 379 2427 ctrin'a,
405 2400 479 2420 non
497 2388 625 2420 debent
641 2387 707 2421 soli
726 2388 882 2433 episcopi
898 2389 1053 2422 iudicare
1065 2415 1074 2428 ,
1100 2389 1160 2421 sed
1179 2388 1239 2420 eli-

253 2439 358 2483 gendi
375 2445 456 2471 sunt
473 2436 635 2473 homines
658 2439 779 2472 idonei
796 2452 837 2473 ex
863 2446 938 2473 toto
957 2452 1106 2484 corpore
1122 2439 1239 2472 Eccle-

253 2490 336 2528 siae,
361 2489 444 2534 quia
461 2502 638 2522 summum
656 2491 826 2524 iudicium
845 2492 948 2524 debet
963 2504 1034 2525 esse
1051 2491 1241 2530 Ecclesiae,

254 2539 320 2573 hoc
338 2547 407 2580 est,
435 2552 508 2573 non
533 2547 671 2574 tantum
698 2542 958 2587 episcoporum.
1009 2542 1132 2588 ltaque
1159 2554 1241 2586 pro-

291 2665 352 2694 100)
374 2666 586 2690 Valentinianus
608 2668 640 2689 ll.
668 2671 705 2696 (a.
725 2670 775 2693 375
795 2673 869 2701 sqq.)
896 2672 1008 2701 eiusque
1026 2673 1113 2694 mater
1133 2669 1243 2693 lustina.

292 2707 320 2737 1)
340 2707 441 2730 Paulus
458 2710 651 2732 samosatenus
667 2712 809 2742 episcopus
822 2714 1005 2737 Antioche-nus
1019 2719 1043 2736 a.
1058 2713 1116 2737 260.
1132 2713 1245 2735 electus.

290 2750 320 2779 2)
342 2749 416 2773 Duae
430 2752 529 2780 synodi
544 2753 727 2777 antiochenae
744 2755 774 2778 de
789 2762 819 2779 co
835 2757 940 2780 habitae
956 2759 1030 2784 sunt,
1046 2762 1067 2779 a.
1080 2756 1138 2780 264.
1151 2758 1177 2778 et
1186 2754 1244 2779 269,

497 144 698 181 SCRIPTA
722 144 797 180 PH.
824 143 936 180 MEL.
961 143 1026 178 AD
1054 142 1263 179 ETHICEN
1293 143 1358 178 ET
1384 141 1641 180 POLITICEN
1669 143 1979 179 SPECTANTLA.

2179 144 2251 181 124

1268 237 1346 276 pter
1362 228 1453 264 hanc
1469 230 1582 276 ipsam
1600 243 1754 270 causam,
1782 231 1865 276 quia
1882 230 1999 263 maior
2014 236 2064 263 est
2081 231 2254 266 autoritas

1268 282 1454 322 Ecclesiae,
1473 294 1551 315 cum
1569 282 1724 326 episcopi
1739 294 1812 315 non
1822 282 1955 315 faciunt
1969 294 2071 315 suum
2087 281 2254 322 officium,

1270 334 1400 367 debent
1420 335 1653 377 imperatores
1677 340 1711 366 et
1733 346 1830 375 reges
1861 345 2058 366 convocare
2088 334 2256 378 synodos,

1270 385 1359 418 sicut
1381 391 1415 417 et
1441 384 1694 418 Constantinus
1720 385 1845 417 indixit
1877 386 2013 430 aliquas
2047 383 2257 430 s)]iodos³),

1272 443 1305 469 et
1329 436 1473 481 quidem
1497 437 1660 475 mandat,
1695 442 1735 469 nt
1762 436 1820 476 iis,
1849 437 1909 481 qui
1932 436 2048 469 nolint
2076 435 2197 469 venire
2221 436 2257 468 in

1271 488 1446 533 synodum
1458 514 1467 526 ,
1495 487 1697 520 adimantur
1715 487 1947 531 episcopatus.

1373 539 1454 571 Dixi
1496 539 1539 571 de
1580 538 1783 571 discrimine
1836 539 2020 584 utriusque
2063 537 2258 583 potestatis.

1273 590 1423 623 Prodest
1445 590 1541 622 enim
1567 596 1599 622 et
1623 589 1826 623 doctoribus
1845 589 2081 623 Ecclesiarnm
2106 589 2258 622 retinere

1274 654 1345 681 eos,
1373 655 1417 674 ne
1434 648 1606 685 usurpent
1621 641 1733 674 officia
1754 641 1936 685 potestatis
1951 641 2068 685 gladii.
2120 640 2166 673 Et
2182 652 2260 673 rur-

1274 705 1330 726 sus
1348 693 1489 736 profani
1515 692 1740 736 magistratus
1763 693 1899 725 discant
1923 693 2037 725 vereri
2055 691 2260 725 ecclesiasti-

1275 757 1350 777 cam
1368 750 1598 789 potestatem,
1626 757 1688 777 nec
1707 745 1879 777 invadant
1894 744 1929 776 in
1948 743 2059 776 officia
2078 743 2261 786 potestatis

1276 795 1545 835 ecclesiasticae,
1569 796 1659 829 sicut
1684 796 1810 829 Petrus
1834 797 1885 841 (1.
1901 796 2001 840 epist.
2020 794 2060 835 4,
2081 792 2156 839 15.)
2180 806 2262 838 pro-

1277 845 1385 887 hibet,
1410 859 1453 880 ne
1471 847 1578 880 simus
1597 846 1976 893 ἀλλοτριοεῑιίσκοποι,
2006 847 2041 879 id
2058 852 2126 886 est,
2153 858 2196 879 ne
2216 845 2262 878 ir-

1277 911 1422 932 ruamus
1439 899 1474 930 in
1492 899 1605 931 aliena
1625 899 1749 932 officia.
1786 899 1906 943 Quare
1921 899 2117 943 imperator
2133 896 2263 929 Valen-

1278 950 1432 983 tinianus
1457 963 1534 983 cnm
1558 963 1686 991 magna
1712 951 1841 995 pietate
1868 950 2001 995 inquit:
2043 949 2168 982 Talem
2191 960 2263 982 esse

1277 1001 1480 1046 episcopum
1499 1001 1718 1045 eligendum,
1746 1002 1801 1034 cui
1819 1001 1891 1045 ipse
1909 1002 2104 1045 imperator
2118 999 2264 1033 submit—

1278 1060 1350 1086 tere
1367 1059 1472 1097 caput
1487 1065 1560 1085 non
1578 1060 1793 1087 revereatur.
1820 1053 1865 1085 Et
1881 1053 2023 1098 quidem
2040 1052 2076 1084 in
2095 1051 2264 1084 electione

1278 1117 1352 1137 non
1369 1104 1475 1148 eripit
1491 1105 1543 1137 ius
1558 1104 1745 1144 Ecclesiae,
1772 1105 1831 1137 sed
1850 1104 1965 1144 iubet,
1993 1110 2031 1137 ut
2050 1103 2116 1148 ipsi
2135 1102 2266 1146 eligant

1279 1162 1342 1188 etc.
1395 1155 1441 1188 Et
1456 1167 1660 1200 quanquam
1679 1155 1901 1189 distinximus
1919 1161 2120 1199 potestates,
2146 1160 2267 1186 tamen

1280 1206 1517 1238 animadverti
1536 1213 1670 1250 potest,
1696 1208 1791 1252 quod
1818 1213 1971 1251 potestas
1999 1206 2110 1239 civilis
2134 1204 2265 1238 servire

1281 1258 1406 1289 debeat
1422 1257 1598 1289 Ecclesiae
1617 1264 1762 1302 propter
1784 1258 2027 1302 disciplinam,
2049 1258 2139 1291 sicut
2164 1255 2267 1301 quili-

1280 1309 1339 1340 bet
1353 1307 1608 1352 paterfamilias
1624 1309 1785 1342 minister
1803 1316 1835 1341 et
1851 1316 2016 1342 executor
2032 1307 2266 1343 estEcclesiae

1281 1359 1318 1392 in
1339 1371 1400 1393 sua
1426 1359 1571 1392 familia.
1652 1359 1787 1394 Omnes
1812 1360 1905 1393 eniin
1931 1360 2099 1393 debemus
2124 1359 2268 1392 obedire

1281 1409 1480 1444 ministerio
1498 1410 1617 1450 verbi,
1644 1411 1692 1445 sic
1707 1411 1934 1455 magistratus
1952 1411 1989 1444 in
2007 1411 2187 1455 republica
2203 1410 2269 1442 mi-

1281 1462 1391 1496 nister
1415 1468 1448 1495 et
1470 1468 1636 1495 executor
1658 1469 1709 1496 est
1732 1462 1921 1496 Ecclesiae.
1982 1462 2097 1495 Debet
2115 1461 2210 1495 enim
2235 1467 2270 1494 et

1283 1514 1355 1558 ipse
1378 1513 1522 1546 obedire
1539 1513 1736 1546 ministerio
1756 1515 1875 1553 verbi,
1910 1520 1943 1547 et
1960 1514 1995 1546 id
2011 1512 2174 1546 venerari
2193 1519 2269 1545 tan-

1284 1577 1391 1611 quam
1409 1565 1589 1604 divinum,
1617 1565 1712 1598 iuxta
1729 1565 1833 1599 illud:
1861 1565 2006 1610 Aperite
2028 1571 2150 1609 portas
2173 1563 2269 1608 prin-

1284 1616 1378 1661 cipes
1396 1622 1530 1650 vestras
1543 1615 1586 1661 ⁴).

1284 1705 1443 1737 Rectene
1463 1698 1562 1746 fecit
1577 1699 1747 1744 Nabum,
1777 1700 1873 1747 quod
1896 1713 1970 1736 non
1988 1704 2103 1736 cessit
2123 1703 2271 1736 vineam

1284 1765 1365 1810 regi
1379 1763 1549 1807 petenti,
1577 1771 1663 1795 cum
1680 1772 1788 1808 reyes
1804 1760 1984 1795 dicantur
1999 1763 2114 1796 etiam
2130 1759 2272 1796 domini

1517 1822 1751 1865 privatarum
1771 1818 2037 1866 facultatum?

1387 1888 1612 1932 Respondeo.
1636 1885 1780 1921 Naboth
1797 1888 1872 1921 iure
1882 1888 2000 1932 potuit
2009 1887 2161 1921 retinere
2171 1898 2271 1920 suam

1287 1940 1441 1979 vineam,
1470 1952 1532 1972 nec
1549 1938 1647 1972 licuit
1663 1939 1737 1983 regi
1753 1951 1876 1983 cogere
1893 1940 2018 1980 civem,
2037 1945 2076 1972 nt
2093 1951 2169 1971 eam
2189 1950 2273 1971 ven-

1288 1992 1396 2025 deret.
1450 1990 1556 2023 Ratio
1574 1996 1646 2030 est,
1674 1991 1751 2024 iura
1767 1997 1915 2024 naturae
1932 2003 1994 2025 seu
2019 1990 2175 2035 gentium
2200 2001 2275 2022 non

1288 2049 1368 2076 sunt
1391 2042 1569 2076 violanda.

1323 2126 1351 2157 3)
1373 2126 1554 2150 Constantino
1573 2126 1670 2153 Mazno
1697 2126 1848 2155 imperante
1867 2127 1931 2149 haee
1956 2124 2070 2149 concilia
2089 2125 2180 2148 habita
2197 2128 2274 2147 sunt:

1359 2163 1507 2184 ltoinanuin
1526 2167 1550 2183 a.
1570 2161 1628 2182 313,
1654 2163 1694 2189 (v.
1715 2161 1802 2183 Mansi
1827 2161 1951 2183 collectio
1971 2161 1999 2183 T.
2020 2160 2051 2182 ll.
2075 2167 2101 2189 p.
2119 2159 2170 2182 43³
2192 2159 2275 2188 sqq).

1360 2196 1535 2218 Seleiiciense
1549 2201 1573 2217 a.
1589 2195 1647 2217 3¹4.
1668 2195 1743 2223 (ibid.
1761 2202 1783 2224 p.
1798 2197 1845 2218 441
1863 2197 1954 2225 sqq.),
1970 2194 2133 2217 Arelatensi:
2147 2194 2165 2216 1.
2183 2193 2275 2215 eodem

1358 2236 1381 2252 a.
1396 2230 1471 2258 [ibid.
1482 2237 1506 2259 p.
1517 2229 1567 2252 463
1578 2235 1626 2258 sqq
1637 2230 1647 2255 ]
1658 2246 1665 2252 .
1693 2231 1868 2258 Ant-ymnum
1887 2230 1946 2252 eod.
1963 2234 1989 2252 a.
2006 2228 2080 2255 (ibid.
2093 2235 2117 2257 p.
2131 2227 2182 2250 5¹3
2193 2228 2276 2256 sqq.).

1360 2265 1603 2287 Neocaesareense
1631 2263 1724 2287 eodem
1749 2269 1774 2288 a.
1801 2264 1877 2292 (ibid.
1898 2271 1921 2293 p.
1941 2263 1992 2287 539
2009 2264 2099 2292 sqq.)‚
2127 2262 2275 2285 Romanum

1359 2299 1379 2321 l.
1406 2300 1455 2321 sub
1479 2299 1614 2322 Silvestro
1639 2304 1663 2321 a.
1682 2298 1741 2321 315.
1769 2298 1844 2326 (ibid.
1865 2305 1888 2328 p.
1908 2298 1955 2321 551
1978 2297 2068 2326 sqq).
2095 2296 2276 2320 Laodicenum

1360 2339 1385 2356 a.
1405 2333 1463 2356 320,
1481 2333 1555 2361 (ibid.
1578 2339 1602 2361 p.
1621 2333 1671 2355 563
1691 2334 1782 2362 sqq),
1807 2332 2019 2356 Alexandrinum
2038 2331 2059 2354 l.
2079 2336 2102 2354 a.
2121 2330 2180 2354 32¹.
2201 2329 2275 2358 (ibid.

1361 2374 1386 2397 p.
1411 2368 1463 2390 553
1487 2370 1576 2397 sqq.)‚
1612 2367 1796 2390 Palaestinum
1821 2374 1844 2390 a.
1872 2367 1930 2390 322.
1966 2365 2041 2393 (ibid.
2069 2372 2094 2395 p.
2118 2365 2170 2388 557
2195 2371 2243 2393 sqq
2259 2368 2277 2390 l.

1362 2402 1575 2424 Alexandrinum
1594 2401 1624 2424 ll.
1645 2407 1668 2424 a.
1687 2401 1745 2425 324.
1767 2401 1840 2428 (ibid.
1860 2408 1883 2431 p.
1903 2401 1954 2424 559
1973 2401 2064 2430 sqq),
2083 2400 2232 2423 Romanum
2247 2398 2278 2422 ll.

1363 2437 1412 2458 sul)
1449 2436 1584 2459 silvestro
1619 2442 1642 2458 a..
1671 2436 1730 2459 324.
1770 2435 1847 2465 (ibid.
1876 2443 1898 2464 p.
1927 2435 1977 2458 615
2004 2435 2094 2464 sqq),
2131 2433 2278 2456 Nicaenum

1362 2477 1386 2495 a.
1404 2470 1464 2493 325.
1492 2471 1539 2497 (dc
1559 2477 1610 2500 quo
1630 2477 1653 2499 p.
1676 2470 1732 2494 120.
1758 2473 1821 2493 nota
1840 2470 1881 2492 94.
1908 2469 2006 2492 dictum
2032 2471 2104 2496 est).
2130 2468 2278 2491 Romanum

1363 2505 1407 2527 lll.
1432 2506 1480 2527 sub
1504 2505 1641 2528 Silvestre
1667 2510 1689 2528 a.
1715 2505 1772 2528 325.
1806 2504 1873 2531 (ibid
1907 2511 1931 2534 p.
1954 2504 2015 2526 1081
2037 2504 2129 2532 sqq),
2155 2502 2280 2525 Nicome-

1364 2539 1459 2562 dieuse
1477 2545 1500 2562 a.
1521 2539 1579 2562 323.
1600 2539 1676 2567 (ibid.
1696 2546 1720 2568 p.
1742 2539 1802 2562 1081
1823 2539 1912 2568 sqq),
1940 2538 2102 2565 cangi-ense
2121 2537 2193 2560 circa
2212 2536 2279 2558 idem

1365 2576 1468 2603 tempus
1489 2573 1565 2601 (ibid.
1586 2581 1610 2602 p.
1639 2575 1700 2596 1095
1720 2574 1809 2602 δρψ),
1835 2572 2054 2599 Carulaginense
2079 2577 2103 2595 a.
2121 2570 2182 2594 33³.
2207 2569 2281 2601 (ibid.

1365 2615 1387 2637 p.
1399 2608 1460 2631 1121
1476 2606 1487 2636 “)
1497 2625 1503 2632 .
1516 2608 1696 2631 Caesaricnse
1705 2608 1729 2629 in
1740 2607 1895 2630 Palaestina
1903 2612 1926 2629 a.
1935 2605 2078 2633 3:34.(ibid.
2087 2612 2112 2635 p.
2122 2604 2185 2628 1121
2195 2603 2281 2633 sqq.)-

1365 2644 1390 2664 et
1403 2643 1454 2664 tria
1465 2643 1656 2665 conciliabula:
1677 2641 1790 2671 Tyrium
1801 2647 1826 2664 a.
1838 2641 1896 2664 335.
1909 2641 1986 2668 (ibid.
1994 2648 2017 2670 p.
2032 2640 2096 2664 1123
2109 2641 2195 2670 sqq-l,
2215 2639 2281 2661 ule-

1365 2677 1595 2706 rosolymitanum
1613 2676 1825 2699 [tusculanorum
1845 2676 1903 2700 eod.
1923 2681 1946 2698 a.
1973 2675 2048 2705 (ibid.
2069 2681 2092 2704 p.
2114 2673 2180 2697 1155
2199 2672 2282 2702 sqq.)-

1367 2711 1699 2739 t'onstunvinopnlitaunm
1712 2710 1875 2734 Anatim-um
1889 2716 1906 2733 a
1926 2709 1983 2734 3³6.
1996 2709 2071 2737 (ibid.
2084 2715 2109 2738 p.
2124 2707 2187 2731 1167
2199 2708 2281 2737 sqq).

1333 2754 1362 2781 4)
1384 2754 1460 2777 cour.
1482 2753 1581 2777 rsaim.
1601 2752 1649 2783 24.
1669 2752 1692 2776 7.
1711 2753 1734 2776 9.
