2347 3000
219 171 291 208 291

220 265 343 303 postea
371 258 515 301 intelligi
539 258 681 302 poterit.
740 257 919 290 Admonet
944 254 1018 288 sine
1045 252 1206 286 doctrina

220 323 293 343 non
312 310 501 354 perfectam
521 322 592 342 esse
612 310 790 341 virtutem.
827 307 888 339 Est
908 305 1012 347 igitur
1030 304 1106 337 idea
1122 303 1208 336 boni

222 368 255 394 et
272 359 338 394 hoc
355 362 430 393 loro
448 361 592 393 illustris
615 359 788 401 cognitio,
818 358 851 389 in
871 369 938 402 qna
959 356 1115 389 cernitur
1133 355 1209 399 pul-

222 411 385 445 chritudo
418 413 608 449 xirtntmn,
651 417 683 442 et.
718 411 816 441 sirma
845 414 895 441 est
917 407 1071 441 assensio
1098 406 1208 439 animi

223 464 466 507 amplertentis
499 463 702 499 xeritatem,
745 466 778 491 et
811 459 924 492 sontes
954 457 1209 503 perspicientis,

223 515 318 547 ciens
338 528 433 547 aeres
458 524 597 545 anmi-es
625 511 782 549 virtutis,
812 523 850 543 ae
871 516 1008 549 tantos,
1037 516 1075 543 ut
1099 510 1210 541 virtus

225 566 442 598 anteferatur
473 562 712 607 x‘oluptatibus
740 561 918 605 corporis,
963 561 1033 593 imo
1067 567 1105 594 ut
1135 560 1207 604 ipsa

224 617 371 654 xirtute,
406 613 491 647 nillil
512 614 631 646 animo
650 613 785 646 dulcius
803 613 859 646 sit.
920 612 1014 645 llaec
1036 612 1081 644 ita
1104 623 1211 655 copu-

223 669 314 707 lata,
344 672 446 699 vorat
470 666 572 698 Plato
596 665 729 697 bonum
754 664 972 702 universale,
1007 669 1063 701 ut,
1092 662 1209 706 Scipio

224 719 318 750 videt
344 723 515 763 quantum
540 717 664 755 derns,
693 722 824 760 quanta
845 713 1070 759 pulchritudo
1090 714 1133 747 sit
1153 714 1211 745 de-

223 769 335 802 fensio
360 768 514 812 patriae,
549 768 663 809 legum
693 773 726 799 et
752 766 976 810 disciplinae,
1008 772 1129 797 contra
1149 762 1211 796 lio-

225 827 311 854 stem
331 820 544 858 barbarum,
572 818 768 855 crudelem,
799 817 1036 861 impudienm,
1062 823 1095 849 et
1112 817 1210 847 tirma

226 871 427 905 assensione
452 870 634 907 incitatus,
671 869 873 901 accenditur
897 868 1069 900 acerrimo
1095 866 1211 900 studio
1237 858 1241 918 Ι

226 923 277 955 rei
294 929 411 955 tantae
428 921 680 965 suscipiendae.
730 920 862 965 Estque
879 920 907 951 ei
926 919 1117 951 ineundum
1141 931 1214 951 sus-

227 975 343 1018 cipere
369 980 402 1006 et
427 973 581 1017 perferre.
606 970 670 1005 lios
696 972 854 1010 labores,
882 971 967 1002 sient
984 968 1138 1002 Aeliilles
1162 969 1213 1000 in-

228 1031 426 1067 terrogatus
449 1023 631 1063 abAiaee,
660 1036 748 1068 quos
773 1023 912 1054 labores
939 1021 1099 1054 omnium
1125 1020 1214 1052 disti-

227 1077 376 1112 eillinms
417 1075 634 1120 pertulisset,

227 1128 276 1160 Ac
298 1139 418 1160 rursus
446 1127 700 1169 interrogatus,
733 1125 792 1170 qui
822 1125 959 1157 labores
981 1124 1011 1155 ei
1037 1122 1214 1155 ineundis-

227 1178 306 1212 simi
329 1178 494 1215 fuissent,
527 1178 680 1215 dixerat,
709 1177 849 1208 eosdem
876 1176 980 1207 fnisse
1005 1173 1214 1206 iucundissi-

681 1075 929 1118 responderat:
980 1085 1045 1116 pro
1081 1071 1213 1103 amieis.

228 1242 316 1263 mos.
371 1229 409 1261 ln
434 1229 494 1260 tali
519 1228 638 1260 animo
664 1227 751 1259 lueet
777 1226 902 1258 notitia
929 1225 1068 1257 vii-nnis
1091 1223 1214 1265 magis,

229 1294 334 1325 quam
363 1281 395 1312 in
421 1279 585 1317 caeteris,
621 1284 654 1309 et
670 1278 808 1310 aeribus
826 1276 976 1309 stimulis
993 1282 1112 1319 pertus
1133 1286 1213 1307 exu-

227 1332 339 1364 seitat.
413 1330 513 1362 lianc
552 1330 733 1361 ardentem
777 1328 941 1360 notitiam
972 1327 1075 1359 Plato
1111 1331 1215 1357 vorat

228 1383 342 1415 ideam
368 1381 471 1421 boni,
498 1380 644 1413 nt‘satis
670 1380 852 1424 perspicue
877 1387 975 1411 suam
1002 1377 1213 1411 sententiam

228 1433 264 1465 in
293 1439 389 1466 sexto
421 1433 463 1465 de.
496 1432 675 1475 republica
706 1437 739 1463 et
771 1431 805 1462 in
839 1428 1012 1462 Pliiloebo
1049 1428 1214 1460 declarat.

227 1485 298 1518 Nec
317 1483 463 1517 dubium
488 1489 538 1515 est
558 1482 783 1515 Aristotelem
812 1481 1005 1513 intuentem
1031 1480 1151 1511 animo
1180 1479 1215 1510 in

229 1548 288 1568 eos
318 1536 430 1574 locos,
474 1546 552 1566 cum
579 1531 663 1566 haee
690 1533 875 1571 scriberet,

230 1587 397 1619 iudicium
422 1598 523 1619 suum
548 1585 754 1627 significare.
822 1584 980 1627 Quaerat
1010 1588 1126 1615 antem
1154 1581 1215 1613 ali-

231 1638 327 1683 quis:
363 1637 458 1681 Quid
480 1637 523 1669 sit
549 1636 692 1668 absurdi
719 1635 755 1667 in
771 1634 931 1667 Platonis
960 1633 1153 1671 sententia,
1188 1632 1214 1664 si

800 1685 1031 1729 Respondeo:
1063 1684 1114 1716 Re
1141 1683 1215 1727 ipsa

917 1531 1066 1564 voluisse
1092 1530 1215 1562 lectori

231 1690 336 1721 x'erba
364 1690 482 1720 dextre
509 1687 738 1730 arripiantur.

230 1739 320 1773 nihil
345 1751 416 1772 esse
441 1738 603 1778 absurdi,
638 1750 701 1770 nec
729 1737 879 1769 multum
903 1749 920 1768 a
947 1735 1119 1769 sententia
1137 1734 1216 1766 Ari-

231 1789 364 1825 stotelis
388 1791 598 1834 discrepare.
659 1788 773 1821 Sentit
796 1788 898 1820 Plato
924 1787 1071 1819 xirtutes
1095 1798 1216 1829 regen-

231 1844 293 1875 das
321 1854 392 1875 esse
415 1853 495 1873 vera
523 1847 556 1873 et
577 1840 688 1874 solida
715 1839 930 1878 eruditione,
975 1845 1009 1870 et
1040 1837 1217 1881 vituperat

232 1907 311 1933 eos,
336 1893 394 1938 qni
418 1893 592 1936 putabant
616 1892 776 1934 vulgares
803 1896 835 1922 et
859 1889 1054 1922 ineruditas
1078 1887 1217 1932 opinio-

232 1958 293 1978 nes
317 1945 484 1978 sufficere.
552 1943 602 1975 Ac
625 1942 775 1988 requirit
799 1942 938 1973 firmam
967 1939 1217 1978 assensionem,

233 2008 323 2042 quae
342 1995 510 2028 exuscitat
526 1995 569 2026 ad
588 2001 678 2026 recte
696 1993 884 2035 agendum,
910 1998 942 2024 et
959 1991 1054 2035 parit
1071 1990 1107 2022 in
1125 1996 1217 2023 recte

232 2047 330 2080 sactis
349 2046 578 2090 voluptatem,
605 2043 691 2078 haec
710 2044 896 2077 coniuncta
913 2042 1022 2076 sensit
1039 2054 1217 2076 summum

233 2100 366 2132 bonum
384 2095 539 2130 hominis
559 2109 642 2129 esse.
698 2095 858 2140 Cumque
881 2106 954 2126 non
981 2094 1149 2138 loquatur
1176 2093 1216 2125 de

235 2151 346 2183 otiosa
373 2148 498 2181 notitia
525 2148 648 2187 Plato,
687 2159 750 2179 nee
774 2145 981 2179 Aristoteles
1007 2146 1048 2177 de
1076 2144 1218 2182 virtute,

236 2214 325 2246 qnae
350 2197 470 2245 nonss)
495 2199 629 2241 regitur
653 2211 733 2231 vera
762 2197 941 2235 doctrina,
972 2195 1056 2229 satis
1072 2202 1219 2239 apparet

237 2252 496 2296 propemodum
515 2250 704 2283 sententias
722 2260 927 2293 congruere.

388 2328 460 2362 Um·
487 2328 602 2373 iyitm·
627 2324 914 2371 reprehenditur
934 2321 1069 2358 Plato?

335 2387 518 2431 Quaedam
551 2385 744 2430 improprie
768 2391 802 2417 et
825 2384 967 2417 confuse
993 2383 1158 2416 dicuntur
1182 2381 1219 2414 in

237 2437 292 2469 illa
313 2437 387 2469 idea
408 2438 504 2471 boni.
558 2437 620 2471 Est
637 2444 752 2470 antem
772 2435 978 2469 Aristoteles
998 2446 1121 2466 amans
1136 2445 1219 2477 pro-

237 2487 306 2533 prii
322 2488 513 2528 sermonis,
542 2501 612 2534 quo
632 2489 666 2520 in
684 2489 845 2521 docendo
865 2487 917 2519 uti
942 2486 1131 2530 praecipue
1157 2496 1218 2517 ne-

237 2551 329 2572 cesse
364 2545 425 2572 est.
486 2539 623 2572 Deinde
656 2538 812 2572 fortassis
843 2538 901 2570 illa
936 2537 1039 2571 toties
1067 2535 1218 2580 repetita

238 2590 380 2636 querela
396 2589 555 2623 Platonis
571 2590 730 2634 displicet
746 2588 946 2628 Aristoteli,
974 2588 1011 2620 in
1028 2599 1097 2633 qua
1114 2587 1216 2620 Plato

237 2641 426 2685 significat,
466 2641 571 2673 finem
600 2639 755 2675 hominis
779 2653 852 2673 non
875 2640 958 2673 satis
983 2645 1108 2672 notum
1134 2650 1216 2672 esse.

237 2693 326 2727 Cum
345 2691 487 2725 dixisset
509 2692 546 2724 in
569 2699 665 2726 sexto
689 2693 731 2725 de
756 2691 937 2736 republica
961 2690 1154 2724 maximam
1177 2701 1217 2723 ac

270 2776 302 2807 ss)
324 2777 393 2806 non]
412 2775 452 2800 sic
468 2775 517 2801 Ed.
538 2775 628 2805 ¹5⁴5&
654 2774 680 2798 in
698 2774 746 2798 Ed.
770 2774 845 2800 15⁴6.
864 2774 951 2799 deest.

491 169 690 206 SCRIPTA
717 170 792 206 PH.
819 168 932 204 MEL.
959 167 1024 202 AD
1052 164 1260 201 ETHICEN
1288 164 1352 199 ET
1378 164 1635 201 POLITICEN
1663 165 1973 201 SPECTANTIA.

2131 142 2137 147 ’
2172 167 2246 203 292

1262 252 1491 297 praecipuam
1524 253 1724 286 doctrinam
1758 265 1830 287 esse
1863 252 2094 297 gubernatori
2136 252 2250 285 ideam

1263 303 1367 343 boni,
1412 316 1475 337 nec
1505 304 1579 337 sine
1614 317 1653 337 ea
1688 317 1790 348 posse
1820 304 1894 348 regi
1924 304 2103 344 civitates,
2153 303 2249 336 addit

1265 360 1405 399 postea,
1435 367 1508 387 non
1524 367 1625 400 posse
1644 368 1720 389 eam
1741 355 1823 389 satis
1841 355 2004 399 perspici.
2057 354 2106 387 Ae
2130 366 2251 388 rursus

1262 405 1520 449 sapientissime
1552 407 1652 439 dicit:
1697 407 1813 439 omnis
1837 406 1955 439 anima
1980 406 2115 450 appetit
2141 406 2252 450 quod-

1262 458 1345 489 dam
1374 457 1539 490 ultimum
1564 458 1719 497 bomnn,
1756 457 1856 502 qnasi
1882 458 2080 490 xatirinans
2106 456 2252 501 aliquod

1264 520 1346 541 esse.
1400 509 1467 541 Sed
1487 514 1606 540 tamen
1629 520 1703 540 non
1728 508 1811 541 satis
1835 506 2101 553 apprehendere
2125 513 2253 552 potest,

1264 572 1327 591 nee
1346 560 1483 591 sirmam
1505 560 1547 591 de
1565 572 1604 591 eo
1629 557 1758 591 habere
1783 560 2018 592 assensionem
2033 587 2041 599 ,
2069 566 2101 591 et
2125 558 2252 591 deinde

1265 610 1380 654 inquit
1398 611 1443 642 ita
1461 610 1577 650 cerni,
1608 616 1647 643 ut
1672 610 1726 642 vel
1750 610 2011 653 magnitudines
2023 610 2068 656 13)
2097 610 2152 642 vel
2176 622 2252 642 um-

1264 662 1348 693 brae
1370 662 1563 703 ligurarmn
1582 661 1618 693 in
1638 673 1729 706 aqna
1750 667 1954 695 cernuntur.

1367 712 1461 745 llaec
1492 713 1603 757 caligo
1636 710 1789 744 hnmana
1817 718 1849 744 et
1875 712 2110 745 inconstantia
2138 723 2254 746 assen-

1265 763 1373 797 sionis
1405 776 1507 807 saepe
1541 776 1558 796 a
1585 763 1736 796 Platone
1768 763 1895 796 merito
1922 764 2148 807 deploratur,
2191 762 2253 795 etsi

1266 827 1405 847 eausam
1433 813 1560 848 harum
1586 815 1811 847 tenebrarum
1840 815 2037 858 ignorabat.
2091 814 2157 847 Sed
2175 813 2253 846 Ari-

1266 866 1406 899 stoteles
1440 864 1502 899 lias
1532 866 1692 911 querelas
1726 878 1800 898 non
1832 866 2055 909 magnifacit,
2091 878 2154 898 nec
2180 864 2255 897 vult

1266 915 1429 950 homines
1454 918 1496 949 de
1522 918 1589 949 sine
1615 917 1812 959 ambigere,
1856 924 1886 949 et
1915 917 2037 949 lortius
2065 921 2253 955 assexerat,

1266 968 1371 1001 sentit
1389 980 1461 1000 non
1483 968 1640 1011 ignotum
1665 981 1737 1001 esse
1755 970 1859 1000 {inem
1881 966 2053 1008 bominis,
2081 980 2143 1000 nec
2162 967 2252 999 noti-

1267 1019 1350 1051 tiam
1370 1031 1441 1052 esse
1460 1020 1564 1051 finem
1578 1046 1587 1059 ,
1614 1020 1673 1052 sed
1691 1019 1866 1052 actionem
1888 1019 2040 1052 xirtntis.
2088 1018 2253 1063 Denique

1268 1076 1415 1114 apparet
1443 1071 1631 1114 praecipue
1668 1071 1697 1102 ei
1734 1071 1950 1114 displicuisse
1981 1071 2074 1102 illam
2114 1081 2253 1102 xorem:

1267 1134 1339 1153 non
1358 1133 1459 1164 posse
1481 1121 1600 1153 ornari
1621 1121 1779 1154 civitates
1798 1121 1871 1155 sine
1891 1121 1947 1153 illa
1969 1121 2058 1160 idea,
2082 1133 2160 1153 enni
2178 1120 2254 1165 qui-

1268 1173 1345 1204 dem
1374 1171 1447 1215 ipse
1470 1172 1640 1204 iudicaret
1666 1170 1790 1216 illos⁵²⁵)
1818 1174 1858 1205 de
1883 1173 1957 1205 idea
1985 1184 2165 1206 sermones
2190 1171 2254 1203 im-

1268 1222 1433 1267 proprios
1451 1229 1483 1254 et
1505 1224 1734 1256 confusaneos
1755 1237 1837 1257 esse.

1368 1272 1526 1317 Exposui
1556 1286 1730 1306 smnmam
1770 1274 2019 1319 disputationis
2050 1272 2255 1306 Platonicae

1268 1325 1309 1356 de
1335 1323 1412 1357 idea
1437 1325 1535 1358 boni.
1604 1325 1706 1358 [Nune
1732 1325 1856 1358 ordine
1878 1325 2033 1357 recitabo
2057 1324 2255 1358 Aristotelis

1268 1382 1497 1419 argun'ienta,
1532 1376 1659 1421 quibus
1684 1378 1812 1409 refutat
1835 1376 2033 1409 Platonem.
2094 1375 2169 1408 Etsi
2195 1386 2255 1407 au-

1269 1433 1337 1459 tem
1358 1439 1432 1459 non
1450 1427 1646 1459 attendenti
1671 1440 1741 1471 quo
1768 1428 1951 1459 reserenda
1977 1427 2064 1466 sint,
2100 1433 2133 1459 et
2155 1426 2254 1469 igno-

1268 1477 1362 1509 ranti
1380 1478 1565 1510 eonsilium
1582 1477 1799 1517 Aristotelis,
1828 1478 1994 1510 videntur
2010 1479 2155 1510 obseura
2167 1504 2176 1517 ,
2204 1483 2255 1509 ta-

1269 1540 1349 1561 men
1374 1529 1474 1561 facile
1502 1529 1760 1571 intelligentur,
1797 1529 1824 1562 si
1855 1529 1933 1574 quis
1959 1529 2085 1561 viderit
2112 1527 2178 1561 hoc
2200 1527 2255 1571 agi

1269 1580 1312 1611 ab
1333 1579 1540 1620 Aristotele,
1575 1587 1615 1613 nt
1636 1580 1832 1624 improprie
1857 1586 1890 1613 et
1916 1582 2059 1613 confuse.
2085 1579 2177 1612 dicta
2200 1590 2254 1611 re—

1270 1629 1477 1674 prehendat.
1531 1631 1633 1663 Plato
1652 1632 1753 1664 toties
1772 1632 1874 1670 dicit,
1910 1644 1973 1663 nec
1999 1631 2165 1663 virtutem
2191 1641 2256 1662 nec

1270 1682 1487 1725 voluptatem
1515 1683 1618 1715 linem
1649 1694 1740 1722 esse,
1773 1683 1830 1715 sed
1858 1682 1971 1714 ideam
1997 1681 2103 1722 boni,
2147 1692 2253 1727 quam

1270 1733 1486 1776 imaginatur
1523 1734 1709 1777 complecti
1748 1733 1914 1766 x'irtntem
1954 1740 1987 1765 et
2025 1733 2255 1777 xolnptatem.

1270 1784 1406 1817 Deinde
1447 1795 1508 1816 sna
1545 1786 1697 1829 quadam
1730 1783 2039 1829 gramliloqnentia
2074 1783 2257 1828 praedicat

1270 1836 1384 1875 ideas,
1434 1835 1517 1866 dieit
1551 1848 1622 1868 esse
1651 1842 1859 1879 perpetuas,
1902 1848 1966 1868 nee
1997 1847 2069 1868 esse
2101 1835 2256 1877 singula-

1269 1887 1381 1925 rium,
1408 1887 1465 1919 sed
1488 1892 1622 1918 tantum
1643 1887 1836 1919 abstractas
1856 1886 2046 1930 imagines,
2073 1892 2131 1927 ut,
2155 1885 2255 1919 sorti-

1270 1937 1402 1970 tudinis
1421 1937 1558 1977 ideam,
1594 1937 1677 1970 dicit
1704 1950 1776 1970 esse.
1799 1938 2010 1982 perfectam,
2045 1949 2119 1970 non
2143 1936 2256 1983 qualis

1271 1995 1321 2021 est
1340 1988 1374 2020 in
1394 1988 1527 2021 Catone
1545 1989 1599 2021 vel
1615 1988 1776 2022 Caesare..
1836 1988 1982 2033 Semper
2006 1988 2042 2020 in
2069 1987 2256 2033 singulari—

1269 2040 1334 2072 bus
1360 2039 1494 2085 aliquid
1521 2046 1571 2073 est
1592 2039 1879 2084 imperfectionis.
1938 2039 1978 2072 In
2002 2039 2135 2073 Catone
2157 2038 2257 2072 forti-

1271 2091 1356 2123 tudo
1376 2091 1523 2134 propins
1543 2092 1585 2123 ad
1606 2091 1764 2123 inutilem
1783 2091 2015 2134 pertinaciam
2033 2090 2175 2124 accedit.
2215 2089 2256 2123 In

1272 2142 1419 2175 Caesare
1438 2141 1584 2186 propius
1602 2143 1646 2174 ad
1663 2142 1918 2182 temeritatem,
1951 2155 2012 2176 seu
2036 2142 2254 2175 violentiam.

1270 2193 1355 2226 Vult
1370 2193 1476 2237 igitur
1491 2193 1593 2226 Plato
1611 2206 1691 2226 suas
1709 2193 1805 2226 ideas
1828 2206 1899 2226 esse
1926 2193 2096 2237 imagines
2122 2193 2256 2226 abstra-

1273 2251 1364 2283 ctas,
1394 2256 1484 2289 quae
1504 2244 1551 2277 sic
1570 2251 1651 2278 sunt
1670 2250 1883 2289 perpetuae,
1911 2245 2012 2277 sicuti
2032 2243 2255 2277 definitiones

1273 2308 1290 2329 a
1309 2296 1497 2329 dialecticis
1515 2295 1680 2329 dicuntur
1699 2308 1770 2329 esse
1787 2301 1990 2340 perpetuae.

1373 2346 1446 2379 Iam
1469 2347 1651 2381 videamus
1673 2346 1872 2380 Aristotelis
1894 2352 2113 2389 argumenta.
2178 2345 2256 2378 Pri-

1271 2411 1369 2431 mum
1399 2404 1467 2431 est:
1510 2398 1741 2432 Diversarum
1772 2397 1966 2442 specierum
1996 2409 2070 2430 non
2102 2403 2153 2431 est
2182 2408 2253 2430 una

1272 2449 1470 2482 communis
1488 2449 1586 2489 idea,
1613 2456 1652 2483 ut
1668 2449 1779 2482 leonis
1796 2455 1829 2481 et
1846 2448 1947 2482 asini.

1372 2500 1641 2535 Diversissimae
1663 2506 1745 2534 sunt
1769 2499 1901 2544 species
1918 2500 2116 2539 bonorum,
2144 2497 2254 2532 hone-

1270 2557 1384 2591 stum,
1411 2552 1516 2593 utile,
1542 2564 1660 2586 suave.

1371 2603 1453 2637 Non
1471 2610 1520 2637 est
1538 2603 1643 2647 igitur
1659 2614 1728 2636 una
1746 2601 1822 2634 idea
1838 2601 1943 2641 boni,
1979 2601 2162 2635 continens
2183 2600 2254 2635 vir-

1270 2660 1379 2687 tutem
1397 2661 1431 2687 et
1447 2655 1664 2699 voluptatem
1677 2680 1686 2694 ,
1713 2659 1752 2686 ut
1768 2652 1983 2697 imaginatur
2000 2652 2103 2686 Plato
2117 2652 2154 2686 in
2169 2650 2253 2686 Phi-

1305 2738 1351 2765 13)
1370 2737 1585 2768 magnitudines]
1605 2736 1646 2761 sic
1663 2736 1712 2761 Ed.
1733 2736 1825 2767 1546.;
1851 2735 1899 2761 Ed.
1921 2736 1996 2760 1545.
2014 2735 2218 2768 magnitudinis-

1303 2772 1335 2804 *J
1356 2772 1435 2802 illos]
1454 2772 1494 2796 aio
1511 2772 1560 2797 Ed.
1580 2772 1671 2803 1545.;
1695 2771 1723 2795 in
1741 2771 1790 2796 Etr
1811 2771 1887 2796 1546.
1906 2770 1991 2795 deest.
