2347 3000
241 133 315 170 4i5

345 218 398 252 De
415 216 483 252 hoc
498 212 639 247 vinculo
650 208 755 244 Pauli
769 207 901 240 dictum
922 209 1106 244 teneatur,
1134 203 1231 249 quod

240 284 315 306 non
340 268 497 304 humano
523 263 670 298 consilio
694 260 863 302 scriptum
889 262 961 296 est,
1002 255 1064 289 sed
1089 260 1140 288 est
1164 266 1233 287 vox

240 323 361 357 divina
390 321 512 367 (Rom.
532 317 591 356 13,
610 312 679 358 5.):
723 311 871 344 neeesse
902 313 954 340 est
983 306 1127 339 obedire
1151 305 1233 339 'non

241 376 354 410 solum
375 377 521 417 propter
543 368 652 403 iram,
681 362 714 394 id
734 366 802 399 est,
828 364 975 416 propt-er
998 369 1132 415 poenas
1156 369 1233 390 cor-

242 425 401 471 porales,
437 422 495 456 sed
523 418 627 451 etiam
650 418 798 457 >propter
825 415 1090 443 conscientiam.
1150 408 1232 462 Quo

242 479 335 511 dieto
353 476 505 508 affirmat
521 463 773 501 conscientiam
791 474 889 494 ream
914 461 991 494 sieri
1017 473 1137 493 coram
1156 460 1232 492 Deo

243 528 435 562 violatione
461 520 617 555 civilium
644 516 853 548 edictorum.
913 512 1018 548 Bulla
1044 511 1233 557 praesidia,

244 580 341 614 nulla
366 573 558 611 autoritas,
599 568 697 601 nulla
721 564 893 610 supplicia
923 563 1035 607 magis
1066 563 1234 597 inuniunt

245 631 406 665 ordinem
425 623 630 671 politicum,
659 630 766 665 quam
787 615 874 649 baec
888 615 1075 649 sententia.

343 680 393 713 Ae
417 677 569 711 sciamus
594 684 671 705 eam
696 668 868 712 singulari
890 666 1037 700 consilio
1059 664 1127 698 Dei
1150 664 1234 698 scri-

242 740 339 779 ptam
368 742 460 767 esse,
494 733 527 759 et
552 734 656 767 saepe
682 734 760 754 eam
785 719 978 763 cogitemus
1003 724 1037 750 et
1060 717 1234 761 expenda-

242 797 331 818 mus.
385 779 563 825 Loquitur
580 780 698 807 autem
707 771 838 805 Paulus
856 772 898 803 de
915 768 1071 803 honestis
1087 768 1233 812 legibus,

245 843 318 869 tum
346 832 494 871 divinis,
534 835 609 862 tum
635 838 654 858 a
678 823 888 867 magistratu
911 821 1062 854 conditis
1085 826 1232 864 propter

244 886 465 932 disciplinam
481 887 513 913 et
529 890 662 925 pacem.
726 876 818 909 ¹*Nam
844 873 881 906 in
905 879 978 905 toto
1006 872 1117 916 capite
1140 871 1235 903 ordi-

245 952 324 972 nem
350 935 533 981 politicum
561 929 767 966 coufirmat,
802 937 875 957 non
899 924 973 957 xult
997 923 1153 957 stabilire
1181 929 1234 967 ty-

245 990 432 1026 munides,
466 980 670 1019 latrocinia,
708 984 742 1011 et
764 975 988 1010 confusiones
1012 974 1149 1020 politici
1178 986 1234 1007 or—

244 1042 348 1075 dinis.

348 1091 436 1123 (jum
464 1080 825 1131 praecepitAstyagcs
843 1078 1032 1122 Ilarpago,
1058 1082 1098 1110 ut
1119 1075 1234 1108 insan-

245 1153 313 1177 tem
333 1143 375 1176 <jx
386 1152 465 1173 rum
482 1132 722 1178 interliciat⁸⁰)
736 1159 744 1171 ‚
772 1136 891 1175 peccat
908 1130 1094 1172 Harpagus
1110 1127 1233 1159 iubens

362 1182 369 1187 ⁶
553 1186 592 1219 ln
618 1184 746 1217 talibus
771 1182 927 1220 casibus,
954 1179 1068 1222 ubiffl)
1086 1178 1234 1211 subditis

246 1244 481 1292 praecinitur,
516 1244 555 1272 ut
578 1236 710 1270 saciant
733 1239 856 1266 contra
880 1231 1048 1263 mandata
1065 1230 1151 1269 Dei,
1179 1241 1234 1261 re-

246 1298 324 1330 unla
342 1279 525 1328 nianil'esta
543 1294 607 1322 est:
631 1287 778 1320 Necesse
797 1289 846 1316 est
861 1282 972 1325 magis
990 1281 1133 1313 obedire
1144 1281 1233 1320 Deo,

244 1328 351 1396 (cluam
378 1342 592 1379 hominibus.
654 1337 710 1370 Sic
736 1334 939 1368 obstetrices
964 1333 1118 1366 edictum
1137 1331 1233 1365 'Plia-

246 1400 364 1434 raonis
382 1398 470 1430 iuste
488 1392 623 1426 violant
641 1388 753 1422 Exod.
775 1387 807 1425 1,
825 1385 931 1431 (17.).

347 1449 425 1482 Alia
451 1451 534 1479 sunt
556 1442 689 1481 edicta,
717 1450 807 1484 quae
832 1434 1075 1481 praecipiunt,
1102 1445 1177 1466 non
1194 1439 1234 1466 ut

245 1502 376 1538 subditi
391 1499 522 1533 saciant
537 1500 660 1527 contra
680 1491 847 1524 mandata
864 1488 950 1526 Dei,
979 1487 1039 1519 sed
1057 1491 1095 1518 ut
1118 1485 1233 1538 mani-

244 1557 329 1588 feste
350 1552 498 1588 iniusta,
525 1552 558 1579 et
574 1544 717 1590 quidem
734 1540 866 1574 atrocia
886 1538 1088 1584 patiantur,
1116 1537 1233 1570 utha-

244 1603 331 1640 botli
365 1598 580 1648 praecipitur
604 1595 804 1639 relinquere
826 1598 1011 1635 paternam
1034 1586 1233 1644 haeredita-

245 1656 383 1701 temffl).
434 1651 500 1684 Hic
517 1658 680 1682 recusans
698 1656 770 1677 non
785 1649 923 1686 peccat,
951 1640 1033 1685 quia
1051 1651 1142 1694 cives
1159 1651 1231 1694 non

246 1714 328 1743 sunt
352 1700 551 1738 excutiendi
575 1711 615 1731 ex
639 1694 864 1730 facultatibus
884 1691 955 1726 suis
979 1690 1054 1723 sine
1074 1690 1230 1733 legitima

246 1771 370 1797 causa,
405 1756 501 1788 iuxta
526 1750 631 1783 illud:
669 1748 751 1782 Non
775 1746 909 1777 furtum
940 1742 1059 1775 sarias.
1129 1741 1229 1773 Talia

247 1815 328 1845 sunt
343 1805 501 1850 exempla
518 1801 641 1835 multa.
1054 1843 1061 1850 ·
1208 1842 1214 1848 ·

345 1856 539 1902 Dionysius
562 1859 734 1898 tyrannus
755 1846 916 1890 indigens
935 1854 1083 1889 pecuina
1097 1869 1105 1882 ‚
1133 1842 1233 1874 finxit

245 1926 280 1948 se
307 1923 327 1944 a
351 1911 477 1944 Cerere
501 1904 679 1939 monitum
702 1912 794 1938 esse,
828 1904 867 1931 ut
891 1898 1132 1942 Syracusanae
1156 1907 1232 1926 mu-

245 1966 346 1999 lieres
365 1973 444 1994 cum
460 1964 535 1991 toto
554 1960 684 1988 ornatu
698 1949 865 1985 muliebri
882 1949 918 1981 in
940 1947 1111 1991 templum
1129 1944 1232 2002 Cere-

245 2017 292 2050 ris
308 2013 490 2049 venirent,
516 2008 622 2052 idque
641 2004 715 2037 sieri
732 2000 920 2047 praecepit.
972 1998 1025 2032 lbi
1039 1998 1231 2042 Dionysius

245 2074 360 2101 totum
379 2068 545 2097 ornatum
563 2055 770 2090 mulieribus
789 2051 931 2085 ademit.

345 2115 387 2150 In
401 2114 546 2148 Euboea
563 2104 848 2149 Charidemus‘ss)
871 2102 953 2135 fecit
975 2100 1141 2140 astutius,
1170 2099 1231 2144 qui

246 2168 406 2212 indigens
432 2162 601 2210 pecunia,
643 2157 742 2191 smxit
764 2155 897 2199 oppido
922 2153 1116 2197 periculum
1147 2164 1230 2190 esse,

418 2217 510 2250 cives
534 2214 570 2245 in
590 2210 743 2243 &iciuam
766 2218 882 2239 arcem
905 2204 1064 2237 celeriter
1089 2217 1150 2236 sua
1175 2215 1231 2235 or-

244 1209 324 1229 emn
342 1189 500 1226 interfici.

245 2229 278 2255 et
296 2220 395 2253 iussit

245 2277 412 2306 namenta
448 2266 659 2301 transferre,
707 2266 877 2303 tanquam
908 2256 957 2288 ibi
989 2255 1229 2288 custodienda.

244 2326 350 2357 Suam
370 2320 474 2354 etiam
493 2311 767 2359 suppellectilem
793 2322 834 2341 eo
858 2307 1048 2340 transtulit.
1102 2307 1228 2339 Postea

243 2374 386 2408 abstulit
402 2368 571 2417 quicquid
588 2378 628 2398 eo
645 2363 711 2396 suit
732 2361 976 2405 importatum.
1039 2357 1078 2390 ln
1103 2356 1155 2391 liis
1175 2370 1230 2390 ca-

276 2492 323 2523 030)
347 2490 475 2515 ucrodot.
490 2487 511 2517 1,
532 2486 581 2510 108
596 2491 652 2515 sqq.

278 2544 324 2574 61)
345 2542 402 2569 nbi]
424 2536 646 2563 sicEditt.1557.
668 2537 694 2558 et
715 2533 805 2561 1560.;
832 2532 913 2556 Editt.
931 2531 1003 2555 1552.
1023 2533 1050 2554 et
1072 2531 1143 2555 1554.
1163 2534 1200 2556 ut.

275 2596 321 2626 (52)
345 2595 365 2616 ι.
382 2593 449 2621 neg.
465 2589 507 2616 2¹.
527 2589 551 2612 2.

276 2647 323 2674 63)
344 2644 409 2667 vita
428 2642 455 2664 et
475 2646 518 2661 res
538 2642 632 2665 gestae
653 2638 729 2660 liuius
749 2634 920 2664 sharidcmi,
940 2635 972 2657 nb
993 2634 1081 2664 Oreot
1102 2635 1226 2659 Euhonac
1252 2645 1255 2671 Ξ

312 2678 428 2708 oppidu,
459 2674 583 2701 oriundi,
614 2672 844 2695 mercenariorum
870 2669 945 2692 duris
973 2674 1007 2692 (υ.
1032 2669 1125 2692 35-221.
1150 2671 1227 2698 Uin)

312 2712 431 2737 brevitor
456 2708 606 2730 narrantur
632 2707 658 2728 in
685 2705 773 2734 Pauly
799 2704 1046 2733 lieal-Eucyctop.
1073 2704 1121 2726 det
1145 2706 1225 2728 cluss.

312 2746 518 2771 Anci-mumma
541 2741 569 2764 T.
584 2741 614 2763 u.
635 2747 658 2770 p.
675 2738 832 2762 305—311.

505 125 706 163 semim
731 123 806 157 Pu.
834 119 947 155 infit..
973 119 1037 151 AD
1064 116 1277 156 minem
1307 120 1372 155 ET
1401 120 1662 158 POLfflOEN
1692 121 2002 158 SPECTANJIA·

2202 124 2277 160 476

1285 207 1380 242 sibus
1405 221 1480 242 non
1500 209 1566 243 suit
1590 215 1774 254 peccatum
1792 221 1867 242 non
1885 209 2143 253 obtemperare.
2195 210 2278 252 Sed,

1284 265 1324 293 ut
1356 259 1488 293 dictum
1520 267 1590 301 est,
1626 261 1758 295 Paulus
1792 261 1957 307 inquiens
1989 260 2112 306 (Rom.
2130 261 2189 301 13,
2206 260 2276 309 5.):

1284 311 1433 345 Necesse
1453 317 1504 344 est
1523 312 1665 346 obedire
1686 319 1832 357 propter
1856 312 2128 352 conscientiam,
2163 312 2277 358 loqui-

1286 369 1345 396 tur
1372 364 1414 395 de
1449 362 1614 405 legitimis
1647 364 1780 398 edictis.
1852 363 1905 397 Ex
1938 362 2003 397 liae
2032 363 2278 398 admonitione

1286 414 1396 448 multa
1416 414 1566 447 iudicari
1586 421 1745 459 possunt.

1387 473 1454 506 Hic
1485 474 1584 507 addit
1613 473 1858 520 quaestionem
1886 473 2145 521 Sadoletusffl):
2189 474 2279 508 Cum

1287 525 1440 569 politicis
1472 525 1593 559 edictis
1620 525 1765 558 odedire
1789 538 1927 559 necesse
1953 527 1997 559 sit
2020 533 2168 572 propter
2196 537 2279 560 con·

1286 577 1468 610 scientiam
1480 604 1489 617 ,
1517 590 1578 610 cur
1595 590 1668 610 non
1687 583 1721 610 et
1738 577 2004 611 ecclesiasticis?

1388 637 1587 681 Responsio
1614 638 1658 671 sit
1680 636 1865 681 perspicua
1892 642 1925 668 et
1948 637 2069 676 firma,
2103 637 2186 682 quia
2210 649 2278 670 vox

1286 688 1405 721 divina
1424 689 1593 721 discernit
1607 689 1655 722 sic
1674 695 1863 734 utriunque
1881 688 2028 731 gradum
2044 687 2277 722 obedientiae.

1287 740 1339 773 De
1362 740 1517 784 politicis
1545 740 1679 787 inquit:
1715 739 1862 774 Necesse
1889 745 1940 771 est
1964 738 2107 771 obedire
2131 745 2279 784 propter

1287 791 1552 826 conscientiam.
1629 792 1681 824 De
1718 789 1961 824 ecclesiasticis
1996 790 2123 824 ritibus
2161 789 2279 835 inquit

1288 843 1380 889 (Col.
1397 845 1432 881 2,
1457 843 1549 889 16.);
1577 843 1692 877 Nemo
1719 855 1781 876 x‘os
1804 847 1928 885 arguat
1955 841 1991 874 in
2017 841 2094 874 cibo
2121 847 2156 874 et
2179 847 2279 886 potu,

1288 901 1321 927 et
1345 894 1381 927 in
1407 894 1588 940 ritibus‘37’)
1615 895 1753 928 dierum
1775 894 1958 927 festorum.
2012 891 2100 926 Item
2129 892 2224 939 (Gal.
2243 890 2279 933 5,

1289 946 1355 991 1.):
1385 946 1480 979 State
1497 946 1533 979 in
1551 947 1725 986 libertate,
1742 945 1779 977 in
1798 957 1905 991 quam
1923 944 2039 977 vocati
2058 944 2150 979 estis.
2189 942 2279 976 Item

1288 997 1380 1043 (Act.
1399 995 1457 1038 15,
1485 998 1578 1045 10.):
1623 998 1720 1043 Quid
1747 995 1890 1030 tentatis
1912 995 2030 1029 Deum
2054 995 2278 1040 imponentes

1287 1049 1428 1092 iugum,
1454 1055 1518 1082 etc.

1388 1107 1484 1140 Haec
1516 1106 1720 1139 testimonia
1753 1106 1828 1140 sine
1850 1105 1965 1149 longis
1990 1105 2197 1150 ambagibus
2217 1105 2280 1139 do-

1287 1164 1367 1191 cent
1398 1158 1582 1203 utriusque
1615 1157 1837 1190 obedientiae
1860 1157 2069 1198 discrimen,
2102 1163 2137 1190 et
2157 1163 2278 1190 tamen

1287 1209 1516 1253 gravissimae
1536 1222 1660 1242 causae
1677 1215 1759 1242 sunt
1774 1207 1879 1242 liuius
1903 1208 2129 1242 discriminis.
2180 1207 2277 1242 Deus

1287 1263 1440 1293 armavit
1457 1267 1667 1305 potestatem
1685 1261 1865 1305 politicam
1885 1260 2075 1293 autoritate
2099 1259 2277 1293 condendi

1286 1324 1365 1345 suas
1384 1314 1556 1357 quasdam
1570 1312 1662 1356 leges
1680 1311 1857 1356 probabili
1876 1311 2027 1345 ratione.
2064 1310 2111 1344 Et
2126 1323 2181 1344 res
2199 1311 2274 1355 ipsa

1287 1363 1460 1403 ostendit,
1494 1362 1621 1397 harum
1647 1363 1954 1397 conservationem
1978 1363 2023 1395 ad
2046 1374 2273 1395 communem

1286 1427 1409 1458 pacem
1425 1415 1660 1448 necessariam
1685 1427 1769 1449 esse.
1828 1414 1882 1447 Sit
1903 1413 2012 1458 igitur
2033 1413 2203 1458 obligatio
2224 1426 2275 1448 se—

1286 1466 1415 1500 verior.
1484 1467 1553 1500 Sed
1578 1466 1740 1500 minister
1765 1465 1986 1509 evangelicus
2008 1477 2123 1510 neque
2150 1477 2274 1510 regum

1285 1517 1409 1551 similis
1427 1523 1495 1557 est,
1524 1530 1638 1563 neque
1656 1524 1812 1550 armatus
1831 1523 1882 1550 est
1898 1516 1960 1549 tali
1976 1523 2162 1561 potestate.

1386 1577 1578 1611 Praeterea
1602 1575 1768 1622 prohihet
1787 1577 1884 1610 Deus
1912 1575 2050 1609 institui
2079 1576 2168 1610 ritus
2199 1582 2276 1609 tan-

1285 1640 1393 1672 quam
1409 1629 1520 1662 cultus
1538 1635 1599 1662 aut
1615 1629 1753 1662 merita.
1787 1628 1872 1662 Vult
1888 1627 1995 1669 igitur
2012 1634 2046 1660 et
2058 1628 2274 1660 intellectum

1284 1678 1457 1711 libertatis
1476 1680 1644 1720 retineri,
1672 1692 1714 1712 ne
1730 1685 1901 1724 putentur
1916 1678 2004 1712 ritus
2021 1691 2093 1713 esse
2116 1690 2274 1712 necessa-

1284 1729 1329 1761 rii
1348 1730 1473 1763 cultus.

1388 1789 1575 1822 Caeterum
1594 1788 1630 1821 in
1648 1800 1729 1822 casu
1745 1788 1903 1821 scandali
1918 1794 2065 1832 peccant
2089 1795 2273 1822 contuma-

1286 1851 1357 1880 ces,
1383 1847 1423 1874 ut
1440 1841 1497 1880 fit,
1523 1840 1552 1873 si
1569 1840 1646 1885 quis
1664 1840 1824 1884 privatus
1852 1839 1887 1871 in
1909 1852 1950 1871 eo
1976 1839 2074 1880 loco,
2100 1840 2163 1873 ubi
2178 1846 2273 1874 recte

1285 1891 1474 1925 constituta
1494 1891 1722 1931 estEcclesia,
1748 1890 1948 1924 institueret
1965 1902 2113 1924 coenam
2123 1890 2273 1925 Domini

1285 1942 1320 1974 in
1339 1943 1477 1987 privata
1498 1943 1626 1983 domo,
1661 1949 1694 1975 et
1719 1943 1879 1975 turbaret
1903 1954 2129 1986 congressum
2155 1943 2271 1988 publi-

1285 2006 1377 2028 cum.
1429 1994 1524 2026 Haec
1542 1994 1696 2027 iudicare
1712 2006 1785 2026 non
1803 1993 1943 2026 difficile
1962 1999 2031 2033 est,
2069 1993 2166 2028 iuxta
2182 1994 2268 2029 illud

1285 2046 1336 2090 (1.
1356 2045 1438 2079 Cor.
1458 2047 1490 2086 1,
1509 2046 1601 2092 10.):
1630 2046 1713 2080 Non
1729 2045 1799 2079 sint
1816 2045 1908 2078 inter
1923 2057 1986 2078 vos
2004 2043 2205 2080 schismata.

1384 2105 1529 2140 Dictum
1552 2112 1602 2139 est
1623 2118 1750 2150 supra,
1784 2111 1949 2149 oportere
1974 2111 2099 2139 notum
2113 2118 2185 2139 esse
2201 2105 2268 2140 dis-

1284 2157 1417 2190 crimen
1442 2158 1626 2202 potestatis
1648 2157 1832 2202 politicae,
1861 2163 1894 2189 et
1916 2157 2103 2190 ministerii
2119 2168 2267 2200 evange-

1283 2209 1352 2242 lici.
1422 2209 1542 2254 Quare
1574 2209 1827 2253 descriptiones
1858 2209 2043 2242 distinctae
2071 2214 2104 2241 et
2132 2209 2266 2252 perspi-

1284 2273 1367 2294 cuae
1388 2267 1588 2295 teneantur.

1317 2380 1363 2405 64)
1383 2379 1496 2402 lacobus
1528 2377 1689 2401 Szidnletns.
1729 2379 1807 2399 nitas
1838 2375 1968 2397 Hormiae
2001 2373 2082 2400 1177,
2125 2377 2267 2405 postquam

1351 2414 1436 2436 Leoni
1455 2414 1489 2436 Χ.
1510 2414 1598 2441 Papae
1625 2413 1714 2434 suerat
1733 2413 1764 2433 ab
1785 2409 1921 2438 epistolis.
1952 2408 2092 2437 epis-zupus
2113 2408 2266 2438 carpento-

1350 2448 1488 2470 rat-tensis
1507 2448 1596 2470 sactus
1616 2449 1672 2473 cst,
1704 2444 1818 2473 demque
1844 2442 2007 2466 cardinatis.
2047 2443 2118 2467 1517.
2144 2449 2265 2468 mortuus

1351 2484 1400 2505 cst.
1438 2484 1528 2511 Opera
1548 2481 1626 2503 huius
1645 2479 1778 2508 theologi,
1807 2477 1850 2507 qni
1871 2477 1939 2500 inter
1960 2477 2157 2500 reformatores
2175 2479 2266 2503 curiae

1350 2516 1427 2540 Itoni.
1450 2518 1510 2539 erat
1531 2515 1729 2544 (epistolasque
1753 2513 1786 2535 ad
1806 2511 2039 2534 Melanrhthmvmi
2064 2515 2091 2534 et
2110 2512 2162 2534 Ιοὴ,
2184 2514 2264 2536 stur-

1350 2552 1430 2574 mium
1445 2550 1568 2580 scripsit)
1584 2549 1679 2578 pai-tini
1699 2546 1851 2572 theologica
1872 2547 2026 2575 (comment.
2047 2546 2071 2568 in
2093 2546 2171 2575 epist,
2188 2547 2264 2571 Pauli

1349 2586 1384 2608 ad
1398 2586 1526 2614 nomam,
1547 2585 1589 2614 qui
1603 2582 1718 2606 seorsim
1735 2581 1833 2610 prodiit
1852 2581 1936 2602 venet
1964 2580 2035 2603 15³6.
2056 2582 2080 2603 8.
2100 2585 2127 2603 et
2149 2581 2220 2604 1771.
2241 2584 2263 2605 4.

1343 2622 1422 2643 Lvnn
1446 2621 1517 2643 15:36.
1537 2619 1582 2641 sot.
1609 2617 1734 2641 Francos.
1754 2615 1788 2638 ad
1807 2616 1841 2637 M.
1864 2614 1936 2637 1771.
1956 2613 1980 2637 4.
2000 2625 2036 2630 —-
2057 2616 2083 2637 et
2103 2615 2170 2645 ah),
2198 2622 2263 2645 par-

1349 2647 1394 2677 um
1414 2653 1598 2684 paedagogia
1617 2650 1776 2681 prodierunt
1795 2649 1925 2672 Veronae
1944 2648 2017 2672 1737.
2044 2650 2060 2672 4
2075 2649 2147 2672 Voti.

1312 2706 1358 2736 (35)
1384 2706 1494 2734 ritibus]
1514 2705 1552 2728 sic
1573 2703 1653 2728 ffiditt.
1676 2701 1748 2725 1557.
1770 2703 1796 2724 ct
1818 2701 1907 2730 1560.;
1946 2700 2028 2724 Editt.
2051 2701 2115 2724 ¹552
2142 2703 2168 2724 et
2190 2701 2262 2724 ¹33⁴.

1347 2741 1456 2764 vicibus.
