2347 3000
56 158 131 196 325
402 156 459 192 ΙΙΙ.

56 245 174 289 Scipio
186 243 243 290 711),
259 256 462 289 quanquam
472 243 537 276 suit
555 244 590 276 in
609 243 679 277 suis
690 242 839 287 negotiis
850 244 1039 283 modestus,

55 296 156 330 sortis
175 302 209 328 et
224 295 322 335 felix,
350 301 469 328 tamen
494 294 691 335 interdum,
719 300 755 327 ut
774 300 855 327 sunt
870 292 1038 333 luuuana,

55 348 137 380 fecit
159 346 291 391 aliquid
315 346 558 390 negligentius.
636 346 729 378 Haec
751 353 865 378 errata
890 346 976 377 Cato
992 345 1036 391 75)

56 399 179 432 acerbe
201 397 416 441 exagitabat,
451 404 484 430 ct
506 398 635 441 gradus
661 398 874 430 cumulabat.
927 397 1037 429 Accu-

56 451 155 484 sabat
169 460 241 481 non
262 455 400 482 tantum
419 450 578 493 eulpam,
604 450 663 482 sed
683 450 787 481 etiam
805 449 946 487 dolum,
976 447 1036 487 ait,

56 500 248 534 ambitione
264 506 297 532 ct
315 501 497 545 tyrannica
516 501 697 533 x'oluntate
709 500 910 544 Scipionem
927 498 1033 531 multa

55 552 182 585 iniuste
206 552 339 591 facere,
380 552 557 585 alienabat
590 564 608 584 a
641 552 804 595 Scipione
838 550 1035 582 voluntates

54 601 252 641 hominum,
272 602 485 646 impediebat
502 603 641 645 negotia
661 603 690 635 ei
714 603 892 634 mandata.
920 600 1034 632 Eron-

55 660 108 686 tra
126 653 267 687 Laelius
282 653 327 699 ⁷⁶)
348 652 432 687 llaec
459 660 572 686 errata
597 653 827 691 extenuabat,
857 651 1032 683 interdum

54 705 194 749 culpam
212 706 444 747 agnoscebat,
467 706 525 737 sed
551 704 701 746 negabat
723 704 942 735 voluntatem
962 714 1034 735 esse

54 756 339 800 improbaudam.
404 754 620 788 Ostendebat
653 754 736 786 item
773 753 911 798 pensari
948 751 1033 785 liaec

55 807 278 840 incommoda
294 805 429 849 magnis
447 805 648 845 virtutibus,
669 806 757 838 sicut
774 812 807 838 et
825 806 866 837 ‹le
884 803 1034 837 Hercule

54 859 142 891 dixit
158 857 361 900 Euripides,
390 863 422 889 et
440 869 542 900 saepe
559 857 704 889 citatur:

118 916 236 956 φαῦλος
256 912 420 954 ἄκομψος,
443 912 521 944 ἀλλὰ
545 913 581 945 τὰ
604 915 737 954 μέγιστα
761 912 886 954 ἀγαθός
897 913 953 953 ⁷7).

53 968 109 1001 Sic
132 972 212 999 sunt
243 966 278 998 in
309 967 540 1011 scriptoribus
567 968 677 1001 multa
708 967 903 1012 improprie
930 967 1034 1000 dieta.

50 1018 115 1049 Hic
132 1018 265 1050 candor
283 1024 332 1050 est
348 1018 567 1052 voluntatem
584 1032 624 1052 ex
642 1025 715 1052 toto
737 1031 885 1063 corpore
904 1018 1034 1051 oratio-

49 1068 123 1108 nis,
152 1075 212 1101 aut
227 1081 267 1101 ex
287 1068 578 1109 circumstantiis,
607 1077 667 1103 aut
689 1084 728 1103 ex
746 1068 866 1114 phrasi
883 1082 1033 1103 sumere.

49 1118 113 1153 Est
129 1119 236 1163 igitur
252 1120 363 1156 virtus
382 1122 515 1154 candor
532 1134 605 1154 non
623 1122 852 1161 calumniose,
880 1134 953 1154 non
972 1123 1033 1153 du-

48 1170 122 1203 rius
144 1170 370 1215 interpretari
393 1172 503 1211 (licta,
530 1179 591 1205 aut
616 1174 703 1205 sacta
718 1201 726 1213 ,
755 1186 861 1217 quani
878 1179 1034 1205 meretur

50 1222 233 1262 voluntas,
266 1235 284 1255 a
315 1236 384 1268 qua
410 1224 692 1267 proficiscuntur.
745 1224 911 1256 Extrema
940 1230 1033 1263 sunt,

49 1273 223 1307 stoliditas
240 1280 273 1306 et
289 1274 445 1307 studium
461 1275 714 1308 calumniandi.
767 1275 881 1307 Porro
901 1288 978 1307 cum
997 1275 1033 1306 111

50 1325 149 1356 0111111
166 1324 250 1365 vita,
282 1325 386 1357 etiam
405 1326 441 1358 in
458 1333 549 1359 recte
566 1327 666 1359 dictis
687 1333 720 1359 et
735 1326 846 1365 saetis,
875 1326 1032 1358 incidant

49 1375 227 1408 interdum
254 1376 465 1410 oss'ensiones
490 1378 537 1409 lex
549 1391 582 1411 es
601 1385 633 1410 et
652 1377 844 1415 sanabiles,
872 1377 1032 1408 domine-

49 1433 107 1459 tur
123 1427 159 1459 in
175 1426 365 1460 iudicando
382 1430 533 1468 candor,
562 1430 669 1461 modo
694 1428 857 1461 voluntas
881 1427 1030 1459 retineat

48 1478 262 1511 necessarias
284 1479 449 1518 virtutes,
479 1485 511 1511 et
536 1480 624 1512 sicut
648 1479 780 1512 iustitia
806 1485 840 1511 et
864 1477 1031 1512 ἐπιὲίκεια

50 1530 300 1569 conseruntur,
328 1530 375 1562 ita
393 1531 434 1563 de
452 1542 633 1571 sermone,
661 1537 722 1563 aut
748 1529 886 1563 iudiciis
904 1529 1031 1562 x'erita—

49 1587 119 1613 tem
138 1587 171 1613 et
191 1582 381 1613 candorem
400 1581 552 1614 conferri
568 1582 731 1615 sciamus.
784 1581 961 1613 Hactenus
978 1593 1031 1612 re-

48 1631 166 1664 censui
189 1632 474 1665 distributionem
498 1633 669 1666 virtutum
695 1633 790 1665 iuxta
813 1632 1031 1675 decalogum,

49 1682 109 1728 qui
120 1689 152 1715 et
163 1683 293 1727 species
303 1684 527 1724 necessarias,
547 1691 580 1717 et
593 1697 713 1717 earum
726 1683 886 1716 ordinem
900 1683 1031 1727 optime

48 1740 242 1775 monstrat,
277 1741 315 1767 nt
340 1735 440 1768 facile.
461 1736 616 1768 iudicare
648 1737 803 1780 prudens
827 1735 1032 1768 aestimator

49 1791 183 1829 potest,
211 1792 244 1818 et
268 1787 405 1831 quoties
430 1799 517 1830 opus
541 1793 591 1820 est
609 1786 876 1819 enumeratione
894 1792 925 1818 et
943 1785 1031 1819 serie

48 1836 232 1876 virtutum,
260 1849 359 1870 niens
378 1839 541 1871 decurrat
557 1850 620 1882 per
636 1838 856 1881 decalogum,
884 1850 946 1869 nce
963 1837 1029 1869 alia

49 1894 100 1920 est
119 1888 161 1921 dc
178 1888 366 1922 x’irtutibus
382 1890 541 1922 doctrina
560 1889 767 1933 expeditior.
803 1889 929 1922 Postea
950 1900 1032 1920 con-

49 1938 179 1972 sideret
201 1940 397 1980 studiosus,
432 1947 606 1986 quatenus
635 1941 679 1973 ad
709 1940 916 1983 decalogum
950 1951 1031 1971 con-

49 1990 195 2023 veniant
211 1988 469 2035 philosophica.
522 1991 728 2025 Aristotcles
744 1990 855 2024 utitur
879 1991 946 2023 alia
964 1991 1032 2023 ‹lis-

49 2041 243 2075 tributione
269 2049 409 2087 sumpta
438 2056 478 2076 cx
502 2043 672 2087 proximis
697 2042 861 2081 obiectis,
893 2041 930 2074 in
956 2041 1032 2087 qui-

50 2092 114 2125 bus
141 2093 178 2126 fit
202 2093 438 2128 mediocritas.
490 2094 591 2127 Aliae
616 2094 749 2127 faciunt
770 2093 1032 2126 mediocritates

50 2143 291 2185 inaffectibus,
310 2152 348 2178 ut
363 2146 548 2185 fortitudo,
568 2145 815 2185 mansuetudo,
832 2151 1032 2188 temperan-

51 2194 111 2228 tia.
171 2196 270 2228 Aliae
304 2197 438 2229 faciunt
474 2197 735 2230 mediocritates
766 2196 804 2228 in
835 2196 939 2229 rebus
952 2221 960 2236 ‚
994 2201 1034 2228 ut

51 2245 203 2287 iustitia,
231 2247 434 2281 liberalitas.
488 2247 586 2281 Aliae
609 2248 647 2280 in
670 2259 853 2287 sermone,
879 2253 918 2280 ut
942 2246 1032 2279 veri-

52 2302 104 2330 tas
121 2304 153 2330 et
168 2299 360 2333 urbanitas.
397 2298 482 2332 Item
501 2300 538 2332 in
555 2298 833 2332 conversationis
849 2297 1032 2337 suax‘itate,

51 2353 91 2380 ut
110 2349 274 2384 amicitia.
308 2351 381 2385 *Nec
396 2351 583 2395 disputabo
601 2350 762 2385 subtilius
779 2350 821 2383 de
838 2347 903 2382 liae
918 2349 1033 2382 distri-

89 2498 136 2526 7⁴)
155 2498 184 2522 L.
205 2498 347 2523 Cornelius
368 2501 457 2530 »Scipio
477 2500 624 2525 Asiaticus.

89 2540 136 2567 75)
157 2540 224 2564 Cato
250 2542 355 2567 Censor
378 2544 611 2567 criminationibus
638 2542 743 2573 effecit,
767 2543 796 2565 ut
819 2541 865 2565 ilie
885 2540 973 2571 Scipio
1002 2547 1034 2565 ex

125 2576 244 2605 equestri
267 2577 361 2600 ordine
379 2578 533 2602 eiicerctur.

89 2617 136 2645 76)
157 2618 185 2641 C.
204 2619 329 2643 Laelius.
350 2620 483 2649 Scipionis
503 2620 623 2644 Africani
642 2619 761 2651 amicus,
788 2618 942 2648 praefectus
961 2618 1036 2641 clas-

126 2652 165 2674 sis
186 2654 255 2676 heito
275 2653 373 2677 Punico
393 2655 521 2679 secundo.

92 2694 138 2722 77)
156 2695 249 2724 Eurip.
269 2695 388 2725 Lieynin.
409 2696 504 2727 fragm.
524 2698 550 2725 1,
572 2698 611 2721 1.:
638 2695 748 2728 φαῦλον
765 2693 914 2727 ἄκομψον,
934 2692 964 2718 τοὶ
988 2693 1037 2725 με’-

129 2726 194 2760 )ἰσῗ
213 2727 336 2760 ἀγαθάν,
362 2730 414 2754 vid.
435 2732 526 2761 Eurip.
545 2732 669 2762 tragoed.
695 2732 791 2761 fragm.
819 2730 900 2759 epist.
925 2735 957 2753 ex
976 2729 1038 2752 edit.

127 2766 239 2787 Barnes.
260 2766 286 2787 et
304 2765 444 2795 Musgrav.
465 2767 493 2789 Τ.
512 2766 542 2790 it.
564 2773 588 2796 p.
608 2766 666 2790 452.

512 154 794 192 ENARRATIO
832 154 958 190 Llssiu
995 156 1036 191 II.
1074 154 1361 190 ETHICORUM
1399 154 1724 193 ARISTOTELIS.

2000 165 2074 201 326

1091 243 1255 283 butione,
1290 242 1372 277 satis
1393 249 1443 276 est
1458 249 1636 288 utcunque
1652 243 1772 277 videre
1791 246 1974 280 consilium
1996 250 2074 282 Ari-

1091 295 1243 334 stotelis,
1272 295 1330 340 qui
1351 295 1512 327 ordinem
1530 307 1547 327 a
1567 294 1737 339 proximis
1755 296 1898 331 obiectis
1913 301 2073 344 sumpsit.

1090 344 1180 378 Nam
1198 358 1319 379 verum
1342 353 1391 380 est
1415 344 1568 379 hominis
1585 346 1758 386 actiones,
1793 355 1853 380 aut
1876 349 1964 383 eirca
1991 353 2073 383 3111--

1091 401 1183 435 etim,
1211 403 1271 429 aut
1294 398 1385 429 eirea
1408 410 1482 437 res,
1509 404 1569 430 aut
1593 397 1683 430 circa
1706 411 1905 432 sermonem
1929 404 2073 443 versari,

1090 453 1124 479 et
1148 444 1209 479 lias
1234 461 1355 481 omues
1382 449 1520 481 ratione
1546 450 1698 494 quadam
1728 451 1964 487 moderandas
1989 467 2072 489 esse.

1088 497 1184 530 Hace
1201 499 1242 529 de
1260 500 1527 533 enumeratione
1544 501 1670 534 dixisse
1682 527 1690 541 ,
1716 501 1799 535 satis
1816 508 1867 536 est
1881 503 1938 549 τε).

1298 599 1358 631 De
1394 601 1542 634 causis
1579 601 1796 636 virtutum
1813 604 1870 650 τ9).

1190 673 1263 707 Iam
1281 676 1322 707 de
1341 675 1453 708 causis
1470 675 1658 709 dicendum
1683 685 1751 717 est,
1779 692 1928 724 quarum
1960 683 2073 716 consi-

1087 726 1224 758 deratio
1243 726 1279 758 in
1296 726 1421 769 primis
1437 726 1533 759 utilis
1551 734 1613 760 est.
1676 727 1914 774 Philosophus
1931 730 1993 766 lias
2010 747 2071 766 no-

1088 777 1200 809 minat
1216 777 1430 821 principales
1455 791 1575 811 causas
1600 776 1768 812 honestae
1786 782 1953 823 actionis,
1976 798 2073 817 men-

1089 834 1158 860 tein
1184 829 1419 867 iudicantem,
1455 829 1489 861 'et
1512 830 1729 862 minutatem
1755 832 2070 876 obtemperantem.

1088 879 1321 925 ΑΕΗ-(11111150)
1339 880 1455 913 minus
1473 880 1697 924 principales,
1719 882 1870 926 impetus
1888 888 2071 927 naturalis,

1088 931 1301 964 adsuesactio
1315 957 1324 970 ,
1352 944 1412 964 scu
1427 929 1566 965 habitus
1579 959 1587 971 ,
1616 939 1649 965 et
1666 934 1845 973 membra,
1881 948 1970 980 quae
1989 939 2071 970 obe-

1087 982 1187 1015 diunt
1204 982 1355 1026 imperio
1371 989 1484 1015 rectae
1504 983 1664 1021 rationis,
1692 991 1731 1017 ut
1749 985 1968 1030 inSeipione,
1995 990 2071 1022 abs-

1088 1033 1221 1066 tinente
1253 1034 1296 1066 alJ
1319 1034 1462 1068 alterius
1489 1035 1637 1078 coniuge
1652 1035 1713 1081 81);
1743 1048 1867 1070 causae
1890 1045 1972 1071 suut
1997 1040 2070 1074 eius

1086 1085 1180 1125 sacti,
1204 1097 1303 1118 mens
1320 1085 1478 1118 iudicans
1497 1085 1665 1119 iniustum
1684 1100 1769 1127 esse,
1797 1089 1969 1133 attingere
1987 1092 2071 1124 alte-

1086 1137 1159 1169 rius
1177 1136 1375 1179 couiugem.
1409 1137 1532 1182 Neque
1550 1143 1667 1171 tamen
1688 1151 1758 1170 una
1778 1145 1915 1173 tantum
1932 1142 2070 1176 ratione

1087 1194 1268 1227 movetur,
1296 1189 1354 1220 sed
1380 1200 1484 1232 saepe
1511 1189 1602 1222 veris
1629 1196 1663 1221 et
1679 1187 1836 1224 honestis
1853 1195 2070 1236 argumentis

1086 1239 1197 1271 multa
1213 1245 1425 1282 congruunt.
1477 1239 1688 1273 Alienantur
1705 1239 1891 1275 hominum
1909 1245 2071 1278 volunta-

1087 1297 1136 1323 tes
1160 1303 1177 1322 a
1204 1290 1371 1330 ducibus,
1398 1297 1545 1334 propter
1564 1291 1745 1324 libidinem
1764 1299 1797 1325 et
1815 1295 2071 1331 crudelitatem.

1085 1341 1181 1374 Sicut
1199 1340 1354 1374 Iulianus
1372 1341 1543 1373 recitabat
1560 1355 1702 1375 carmen
1720 1342 1954 1390 Baccliylidae
1968 1347 2031 1392 ⁸²):

1170 1400 1210 1428 Ut
1234 1401 1287 1428 nisi
1310 1401 1345 1427 sit
1369 1401 1432 1428 vivo
1455 1400 1545 1428 facies
1569 1410 1709 1438 expressa
1733 1403 1843 1438 colore,

1214 1449 1279 1476 Non
1304 1450 1394 1477 decus
1417 1450 1446 1477 in
1468 1451 1546 1487 picto
1569 1459 1691 1487 corpore
1715 1458 1831 1480 truncus
1853 1453 1951 1484 habet.

1167 1500 1215 1528 Sic
1237 1500 1342 1538 reliqui
1365 1509 1460 1528 mores
1483 1501 1573 1537 spreti
1596 1501 1658 1528 sine
1681 1502 1791 1530 honore
1814 1505 1982 1542 manebunt,

1211 1551 1250 1580 Ni
1273 1552 1328 1579 sint
1350 1552 1444 1579 ornati
1467 1551 1553 1579 laude
1578 1552 1743 1589 pudicitiae.

1188 1603 1342 1636 Accessit
1368 1609 1401 1635 et
1419 1603 1487 1635 alia
1506 1604 1616 1643 ratio,
1644 1604 1811 1647 cogitavit
1827 1606 1944 1650 Scipio
1961 1608 2072 1642 fortu-

1084 1664 1167 1685 nam
1185 1654 1365 1697 corrumpi
1384 1654 1616 1698 impudicitia.
1658 1655 1720 1688 His
1737 1657 1934 1692 rationibus
1953 1672 2071 1693 assen-

1085 1705 1174 1737 tiens
1198 1706 1381 1745 voluntas,
1409 1706 1559 1738 antefert
1577 1706 1852 1748 continentiam,
1880 1710 2002 1743 domat
2022 1712 2071 1743 af-

1085 1756 1206 1796 fectus,
1235 1763 1269 1789 et
1286 1757 1438 1800 imperat
1454 1757 1605 1790 externis
1623 1759 1805 1798 membris,
1834 1772 1876 1792 ne
1894 1761 2069 1805 attingant

1086 1807 1251 1841 alienam.
1305 1808 1372 1840 Sed
1404 1806 1490 1840 haec
1522 1809 1631 1852 magis
1666 1810 1800 1852 placide
1831 1817 1863 1843 et
1895 1813 2012 1845 sedate
2035 1814 2070 1845 iu

1084 1865 1202 1891 mente
1228 1859 1475 1903 disputantur,
1511 1866 1544 1891 ct
1566 1872 1583 1891 a
1609 1861 1790 1893 voluntate
1815 1863 2070 1905 gubernantur,

1085 1910 1167 1954 quia
1187 1910 1330 1942 adiuvat
1347 1908 1509 1943 lieroieus
1528 1910 1689 1954 impetus,
1707 1912 1741 1943 id
1759 1919 1819 1953 est,
1838 1914 1957 1947 lumen
1974 1928 2070 1948 meu-

1086 1961 1128 1993 tis
1150 1961 1262 2005 magis
1286 1973 1476 2005 agnoscens
1504 1960 1803 2005 pulchritudinem
1838 1965 1995 2005 virtutis,
2038 1973 2069 1999 et

1085 2012 1196 2056 magis
1231 2025 1352 2045 amans
1385 2012 1572 2051 xirtutein,
1602 2026 1707 2057 quam
1739 2015 1797 2046 alii
1822 2015 2069 2051 imbecilliores

1086 2070 1217 2097 amant.
1270 2063 1364 2096 Haec
1381 2063 1554 2097 difficilius
1571 2063 1827 2108 intelliguntur,
1846 2068 1926 2112 quia
1947 2069 2069 2112 ingens

1086 2122 1136 2148 est
1155 2115 1375 2148 imbecillitas
1392 2112 1592 2154 bominum,
1620 2122 1652 2148 et
1672 2128 1751 2148 rara
1771 2124 1833 2157 esi,
1863 2119 1915 2151 xel
1936 2121 2068 2152 medio-

1086 2166 1152 2199 cris
1170 2166 1291 2200 virtus.
1345 2166 1412 2199 Sed
1438 2172 1557 2199 tamen
1581 2166 1699 2211 aliqua
1725 2175 1806 2201 sunt
1824 2172 1981 2214 exempla
1999 2171 2069 2204 sin-

1086 2218 1248 2262 gularum
1267 2223 1434 2251 aetatum.

1187 2268 1369 2313 Quantum
1393 2270 1497 2302 decus
1515 2275 1565 2302 est
1586 2269 1803 2302 fortitudinis
1827 2270 1862 2303 in
1889 2283 1929 2304 eo
1945 2272 2068 2313 milite,

1086 2319 1147 2365 qui
1178 2317 1245 2352 hoc
1277 2332 1371 2352 anno
1410 2318 1518 2355 1542.
1542 2321 1577 2352 in
1608 2321 1742 2364 praelio
1778 2323 1964 2357 commisso
1989 2336 2069 2357 cum

1119 2455 1166 2482 78)
1186 2456 1253 2483 est]
1274 2455 1314 2477 sie
1333 2454 1382 2478 Ed.
1404 2453 1495 2483 1546.;
1515 2454 1562 2477 Ed.
1585 2453 1657 2476 1545.
1678 2453 1721 2477 sit.

1119 2499 1166 2526 79)
1185 2499 1224 2521 De
1244 2498 1283 2520 liis
1302 2497 1452 2520 (tis-seritur
1474 2497 1498 2519 in
1519 2502 1576 2525 cap.
1596 2496 1644 2519 lx.
1663 2497 1723 2519 iibri
1743 2496 1773 2520 11.
1795 2497 1880 2521 Etiiic.
1900 2498 2018 2524 Aristot.

1120 2543 1167 2569 δυ)
1189 2541 1340 2568 Accedunt]
1362 2540 1399 2562 sic·
1418 2539 1466 2562 Ed.
1490 2539 1580 2562 154G.:
1601 2539 1648 2562 Ed.
1671 2540 1748 2562 1545.
1768 2540 1911 2565 Accedant.

1119 2584 1166 2610 Μ)
1187 2583 1264 2606 Conf.
1287 2588 1345 2610 pag.
1370 2581 1424 2604 iel-9.
1446 2583 1510 2604 nota
1529 2581 1570 2604 66.

1120 2626 1167 2649 1512)
1188 2624 1365 2653 Bacchylides
1380 2624 1462 2646 Cous.
1482 2625 1561 2651 poeta
1582 2623 1685 2652 lyricus
1701 2623 1738 2653 (a,
1753 2624 1814 2647 chr.
1829 2625 1973 2649 450—430.
1988 2627 2068 2657 non).

1157 2659 1265 2682 Pindari
1283 2658 1405 2680 aemuia<
1425 2657 1451 2680 in
1471 2657 1533 2679 auia
1553 2657 1679 2680 Hieroni-⁴
1700 2658 1773 2687 regis
1795 2661 1936 2687 syracus,
1960 2664 2068 2689 praeter

1157 2694 1223 2715 iunu:
1250 2692 1371 2720 inprimis
1396 2692 1428 2714 ab
1446 2691 1550 2714 Iuliano
1577 2692 1740 2720 imperatore
1764 2693 1870 2715 maximi
1897 2695 2068 2719 aestimatus.

1156 2728 1226 2750 eoni',
1245 2726 1374 2749 Anuniau.
1394 2725 1544 2749 Marcellin.
1566 2725 1582 2748 1.
1600 2726 1641 2749 25.
1662 2733 1683 2748 c.
1698 2727 1721 2750 4.
1753 2726 1907 2750 Puematum
1927 2729 1984 2751 eius
2005 2729 2069 2752 nihii

1162 2762 1213 2784 nisi
1233 2761 1383 2790 fragmenta
1404 2762 1558 2788 supersunt.

1369 2795 1450 2830 21³⁶
