2347 3000
213 123 289 161 627
790 119 914 157 PHIL.
950 118 1063 154 MEL.
1096 116 1298 153 SCRIPTA
1324 117 1660 155 PHILOLOGICA.
2160 125 2233 162 628

383 207 456 240 20⁸7.
488 209 549 239 Cic.
576 207 731 237 Paradoxa
759 216 822 235 cum
851 206 966 235 Latomi
997 209 1027 233 et
1050 204 1162 233 Erasmi
1183 208 1327 233 annotatt.
1355 204 1378 234 f.
1402 204 1596 237 208—214.
1627 206 1687 236 Cic.
1713 204 1752 235 de
1774 206 1884 235 somnio
1905 204 1985 245 Scip.
2008 216 2073 236 cum
2093 216 2235 241 annotatt.

384 251 425 282 18
440 252 502 281 foll.
528 261 586 280 non
609 261 687 279 num.
722 249 843 287 Index.)

340 293 413 325 *M
441 293 476 324 T.
502 293 665 324 ciceronis
688 289 769 320 libre·
800 290 840 320 de
873 286 1026 329 officiis,
1059 288 1100 318 de
1128 293 1295 318 senectute
1303 309 1313 324 ,
1341 288 1381 318 de
1404 290 1571 326 amicilia,
1605 290 1792 320 paradoxa
1815 296 1847 320 et
1869 289 2038 321 Somnium
2060 290 2237 330 Scipiom‘s.

390 335 469 366 Cum
490 335 698 375 quorundam
721 334 818 363 doen.
842 335 923 363 vit-r.
948 336 1112 361 annotatt.
1138 337 1169 360 et
1191 332 1434 370 prolegomenis
1459 332 1572 362 ΙοαοΙι.
1597 333 1793 363 Catum-arii.
1836 333 1979 373 Lipsiae
2006 334 2097 365 1589.
2141 335 2172 366 8.

340 380 404 402 *--
426 396 469 401 —-
501 377 614 406 Editio
643 376 689 405 ud
719 376 958 406 sslanutianam
987 380 1018 404 et
1050 373 1232 403 Brucinam
1261 375 1486 414 conformant.
1529 374 1693 405 Adieclae
1723 381 1801 405 sune
1831 379 2063 407 annotationes
2086 382 2118 406 ec
2139 379 2239 408 casci-

391 423 544 459 gationes
569 429 614 448 ex
639 421 744 448 variis
769 419 853 449 doct.
878 421 978 448 viror.
1003 419 1140 456 scriptis
1164 417 1314 446 selectae.
1361 416 1502 457 Lipsiae
1527 417 1606 458 (sine
1630 420 1746 447 nomine
1775 421 1963 459 typographi)
1990 419 2082 451 1593.
2127 420 2157 450 8.

346 465 410 486 *—
431 463 558 502 (Index,
582 469 614 491 ut
636 464 664 490 in
688 463 743 491 Ed.
767 463 846 501 Lips.
872 461 981 500 1580.)
1011 459 1153 499 Lipsiae
1178 459 1270 489 1597.
1325 460 1356 490 8.

344 523 389 550 Ex
412 521 467 550 hoc
480 531 584 559 magno
599 522 766 551 Editionum
792 531 913 550 numero
928 521 981 549 has
998 520 1123 549 sedecim
1138 520 1165 547 in
1181 520 1311 547 manibus
1325 525 1474 548 tenemus:
1500 518 1533 559 1)
1545 520 1599 548 Ed.
1615 520 1683 548 anni
1701 518 1793 548 1525.
1809 520 1931 558 nagan„
1952 521 1988 559 2)
2004 520 2096 552 1530.
2118 522 2241 560 Hagan„

214 564 252 603 3)
268 563 360 594 1532.
383 564 507 602 Uagam,
529 564 562 600 4)
580 563 672 594 1536.
696 564 843 601 Lugdun„
865 564 900 603 5)
919 562 1011 593 15:37.
1036 563 1149 596 Goion„
1172 561 1208 597 6)
1230 561 1322 591 1539.
1349 562 1451 600 [Lips.]
1468 571 1504 590 cx
1522 563 1598 591 offic.
1609 563 1705 599 Fabri,
1728 562 1764 601 7)
1782 561 1874 591 1546.
1900 564 1992 601 Lips„
2021 565 2057 603 8)
2076 564 2167 594 1553.
2185 568 2240 593 Ar-

215 613 376 645 gentorat.,
405 607 439 641 9)
466 605 558 636 1553.
581 608 699 642 Tigur.‚
731 606 786 647 10)
813 606 906 636 1556.
923 607 1035 642 Paris„
1078 604 1132 642 11)
1158 603 1249 633 1556.
1272 604 1426 642 Lugduu.,
1456 604 1509 642 12)
1536 604 1629 634 1562.
1653 605 1805 642 Lugdun.‚
1842 604 1896 641 13)
1924 605 2017 636 1564.
2040 607 2239 645 Argentorat„

218 649 273 687 14)
300 648 391 678 1566.
415 649 521 687 Basil.,
546 647 602 687 15)
628 649 717 679 157-1.
743 651 947 689 Argentorat.,
972 648 1027 686 16)
1055 646 1147 677 1588.
1171 647 1373 681 Francorum„
1396 656 1517 684 quarum
1551 647 1720 676 varietatem
1750 648 1789 675 ita
1818 648 2034 686 adnotabimus,
2064 657 2094 678 ut
2123 651 2239 678 lectioni

216 701 324 720 annum
347 692 545 720 tantummodo
568 692 780 728 adscribamus,
809 692 880 720 duas
910 699 1008 720 autem
1040 690 1109 718 anni
1135 687 1226 718 1553.
1256 689 1346 718 Editt.
1375 689 1474 717 addita
1502 690 1600 717 littera
1628 691 1662 719 A.
1694 689 1876 727 (Argentor.)
1907 696 1937 718 et
1965 692 2000 720 T.
2032 690 2183 731 (Tigur.),
2210 698 2239 720 et

215 734 286 763 duas
315 735 383 763 anui
407 733 500 764 1556.
523 734 612 763 Editt.
635 735 733 763 addita
756 735 810 764 litt.
834 736 865 763 P.
887 732 1007 773 (Paris.)
1032 738 1062 761 et
1084 732 1117 760 L.
1142 731 1328 770 (Lugdun.)‚
1352 732 1398 760 ubi
1423 732 1539 760 diversa
1561 732 1685 769 habeut,
1717 732 1934 769 distinguamus.

501 943 920 979 ARGUMENTUM
952 944 1035 979 PH.
1071 943 1197 979 MEL.
1232 943 1290 980 IN
1325 943 1556 979 OFFICIA
1590 943 1959 992 CICERONIS&

268 1046 387 1094 Quid
422 1046 633 1080 conferat
664 1046 806 1079 lectio
841 1045 1061 1081 librorum
1096 1047 1147 1080 de

586 1103 841 1151 officiis**).

215 1171 546 1240 Quemadmodum
572 1194 693 1221 vetant
716 1187 753 1220 in
777 1189 971 1221 exercendo
996 1187 1106 1222 sterili
1129 1188 1205 1222 solo

217 1249 278 1277 aut
293 1247 453 1285 sumptus
470 1241 585 1273 facere
597 1265 606 1280 ,
634 1245 694 1272 aut
713 1251 851 1272 sumere
869 1239 1047 1272 laborem:
1083 1239 1132 1272 ita
1157 1239 1206 1272 le-

217 1293 325 1328 cturis
348 1292 558 1336 scriptorem
575 1290 729 1336 aliquem
748 1290 911 1335 inprimis
929 1290 1123 1324 videndum
1143 1297 1206 1331 est,

216 1344 303 1391 quid
321 1344 466 1383 doceat,
488 1348 523 1375 et
545 1353 653 1388 quam
672 1341 754 1375 inde
775 1341 1010 1375 accessionem
1027 1343 1072 1375 ad
1090 1342 1205 1376 studia

215 1401 338 1430 nostra
355 1395 469 1428 facere
485 1393 673 1438 possimus.
732 1393 848 1426 Porro
867 1394 925 1425 vix
941 1393 1044 1437 pauci
1061 1393 1099 1426 in
1115 1394 1205 1426 rele-

215 1447 337 1493 gendis
354 1444 586 1490 scriptoribus
601 1456 718 1478 secum
736 1443 803 1488 ipsi
820 1444 1035 1484 deliberant,
1069 1445 1205 1490 ecquod

217 1509 347 1543 operae
364 1497 519 1541 pretium
538 1494 667 1529 facturi
688 1495 774 1528 sint:
813 1502 847 1528 et
861 1495 955 1528 bona
971 1507 1053 1539 pars
1070 1496 1205 1529 discen-

215 1549 306 1584 tium
323 1548 361 1581 in
377 1548 582 1581 universum
603 1545 732 1587 nescit,
759 1546 804 1579 ad
829 1559 935 1592 quem
964 1559 1110 1591 scopum
1134 1553 1205 1581 stu-

216 1601 275 1634 dia
300 1599 421 1633 omnia
447 1598 631 1642 dirigenda
657 1597 738 1631 sint.
795 1597 952 1630 Proinde
977 1598 1078 1632 initio
1101 1597 1205 1631 huius

214 1651 325 1686 libelli
351 1656 384 1683 et
409 1655 657 1694 argumentum
681 1647 798 1693 operis
820 1648 1049 1681 indicandum
1074 1655 1144 1688 est,
1172 1654 1205 1681 et

217 1702 304 1749 quid
320 1701 479 1735 conferat
497 1699 620 1734 studiis
637 1699 780 1733 nostris.
838 1699 890 1732 Ea
914 1700 1056 1733 denium
1081 1706 1131 1733 est
1150 1712 1205 1733 so-

214 1754 288 1788 lida
315 1751 489 1791 eruditio,
517 1751 560 1784 de
583 1751 709 1790 rebus,
739 1750 970 1796 moribusque
997 1757 1089 1784 recte
1115 1751 1204 1784 iudi-

218 1816 298 1839 care
315 1815 436 1849 posse:
465 1802 593 1836 deinde
619 1813 709 1846 quae
734 1801 854 1834 animo
881 1800 1204 1846 comprehenderis,

217 1856 401 1902 perspicue
411 1853 441 1900 ¹)
476 1859 510 1886 et
540 1853 726 1886 commode
760 1853 953 1896 explicare,
994 1859 1100 1898 atque
1134 1853 1205 1886 elo-

218 1909 290 1954 qui.
344 1906 481 1939 Rerum
497 1904 653 1948 cognitio
677 1904 721 1936 ad
745 1903 997 1945 iudicandum,
1032 1910 1066 1937 et
1085 1904 1128 1936 ad
1145 1916 1206 1948 pa-

220 1959 371 1993 randam
382 1956 412 2003 2)
428 1955 655 2001 prudentiam
674 1961 725 1988 est
748 1955 956 1989 necessaria.
1006 1955 1137 1999 Magna
1154 1955 1207 1987 in-

217 2009 343 2055 primis
367 2008 585 2052 optimorum
608 2006 798 2039 verborum
821 2007 921 2050 copia
946 2007 1142 2052 requiritur
1163 2007 1207 2039 ad

218 2060 420 2095 dicendum.
472 2057 572 2091 Voco
590 2063 707 2091 autem
727 2069 848 2090 rerum
865 2057 1047 2091 scientiam
1065 2055 1208 2102 physio-

254 2195 290 2225 at)
308 2195 383 2219 Haec
395 2190 538 2222 inscriptio
552 2189 692 2215 iuvenitur
711 2189 738 2214 in
757 2189 841 2216 Editt.
858 2190 944 2219 1536..
965 2190 1056 2219 1546..
1078 2189 1154 2215 1553.
1166 2191 1209 2221 A.,

291 2229 383 2258 1556..
411 2227 501 2258 1564„
528 2225 621 2256 1566„
649 2225 742 2252 1574..
770 2226 866 2255 1583.;
903 2224 1097 2253 Editt.1525.,
1125 2225 1210 2251 1530..

292 2263 386 2288 1532..
407 2261 499 2292 1537.,
526 2260 618 2290 1539.,
645 2259 719 2283 155³.
745 2260 774 2283 T.
794 2261 863 2283 hane
882 2259 988 2290 quidem
1006 2259 1212 2288 inscriptionem

290 2303 345 2322 non
363 2296 477 2323 habent,
503 2294 630 2325 singulae
648 2296 738 2317 autem
757 2294 890 2325 paginae,
922 2299 990 2324 quae
1009 2294 1077 2317 hanc
1095 2299 1211 2316 enarra-

291 2331 375 2355 tionis
396 2331 502 2360 partein
520 2328 675 2357 continent,
700 2328 849 2358 inscriptae
867 2330 931 2351 sunt
949 2334 1026 2352 voc.:
1056 2329 1212 2358 Argumen-

290 2367 348 2390 tum
367 2372 390 2388 s.
409 2366 474 2394 Arg.
494 2363 591 2393 Philip.
609 2363 743 2388 Melanch.
758 2375 792 2380 —-
826 2363 858 2387 111
876 2362 948 2388 Edit.
964 2362 1039 2388 1562.
1057 2363 1144 2386 totum
1161 2362 1212 2387 hoc

293 2400 484 2430 argumentum
503 2398 590 2422 deest.

259 2449 312 2479 *ἢ
330 2450 413 2474 Editt.
436 2448 527 2479 1525„
553 2448 644 2479 1530.‚
671 2448 762 2477 1532..
788 2448 879 2479 1537.,
905 2447 999 2479 1539„
1024 2447 1099 2472 1553.
1123 2448 1153 2472 Τ.
1171 2448 1213 2471 his

293 2485 388 2508 verhis
411 2483 528 2507 addunt:
559 2483 627 2506 Phil.
652 2483 858 2513 Melancht110n3
895 2484 1004 2506 ceterae
1030 2484 1120 2506 autem
1145 2489 1213 2512 quae

294 2518 416 2542 auctoris
434 2524 530 2541 nomeu
549 2517 575 2540 in
594 2517 774 2546 praecedente
787 2517 967 2547 inscriptione
980 2517 1094 2547 habent,
1113 2517 1147 2540 iis
1162 2517 1213 2541 ad-

296 2553 375 2576 dunt:
401 2553 437 2575 M.
457 2552 537 2575 Tullii
557 2551 708 2575 Ciceronis.

262 2601 291 2635 1)
310 2601 467 2632 perspicue]
488 2601 528 2624 sic
547 2607 641 2624 omnes
653 2601 753 2632 Eunt,
773 2601 893 2632 exeeptis
912 2600 1000 2631 1537„
1020 2600 1106 2633 1539.‚
1126 2601 1212 2629 1566„

296 2642 365 2668 quae
384 2636 497 2658 habent:
523 2635 689 2665 perspicere.

259 2688 290 2722 2)
309 2687 472 2745 ραι-3121113111]
491 2686 531 2710 sic
549 2692 642 2711 omncs
662 2687 762 2718 leuitt„
788 2688 901 2718 excepta
920 2687 1013 2719 1566.,
1031 2686 1077 2712 ubi
1094 2686 1210 2719 legitur:

293 2729 378 2755 pai-au
400 2727 452 2745 um.

1258 1045 1410 1089 logiam,
1435 1045 1674 1086 mathemata,
1700 1052 1888 1091 praccepta
1913 1047 1956 1080 de
1981 1046 2142 1083 civilibus
2166 1060 2241 1083 mo—

1259 1097 1369 1130 ribus.

1360 1147 1452 1181 Nam
1471 1147 1512 1180 de
1529 1146 1700 1190 religione
1715 1145 1772 1180 hic
1793 1145 1883 1180 nihil
1901 1146 2061 1181 dicimus.
2111 1147 2244 1194 Estque

1259 1198 1304 1231 ad
1337 1210 1563 1231 communem
1588 1198 1697 1231 vitam
1730 1198 1893 1242 inprimis
1925 1198 2011 1231 utile
2044 1210 2083 1231 ea
2112 1205 2244 1242 tenere,

1260 1261 1350 1295 quae
1367 1250 1409 1282 de
1423 1249 1602 1289 moribus,
1626 1250 1739 1295 deque
1755 1249 1849 1282 cixlli
1876 1249 1968 1282 vitae
1991 1250 2246 1285 consuetudine

1259 1301 1388 1334 tradita
1421 1307 1515 1335 sunt.
1588 1300 1750 1333 Belluam
1785 1300 1899 1341 dicas,
1943 1313 2018 1333 non
2047 1299 2244 1344 hominem,

1259 1351 1418 1397 quisquis
1450 1363 1524 1385 non
1554 1358 1605 1385 est
1629 1352 1784 1385 excullus
1808 1349 1876 1385 hoc
1898 1352 2080 1385 doctrinae
2104 1365 2244 1396 genere,

1260 1409 1294 1435 et
1312 1404 1356 1436 ad
1373 1401 1652 1443 humanitatem,
1680 1409 1714 1435 et
1739 1403 1855 1436 civilia
1880 1403 1992 1435 officia
2019 1405 2243 1440 assuefactus.

1258 1454 1350 1488 Nam
1382 1454 1522 1488 virtutis
1550 1454 1763 1487 incunabula
1798 1461 1903 1500 atque
1933 1454 2136 1488 rudimenta
2162 1462 2246 1490 sunt

1258 1503 1324 1538 hae
1348 1505 1491 1546 literae,
1532 1506 1659 1550 quibus
1683 1506 1727 1539 ad
1750 1503 1973 1539 honestatem
1995 1506 2109 1539 teneri
2132 1506 2244 1540 animi

1259 1557 1402 1590 aluntur
1421 1563 1455 1590 et
1468 1556 1674 1590 incitantur.
1732 1557 1848 1590 Porro
1874 1568 1947 1589 non
1971 1556 2060 1590 alius
2085 1563 2180 1591 extat
2202 1558 2243 1591 li-

1257 1608 1368 1641 bellus
1399 1609 1442 1641 de
1472 1608 1632 1641 moribus
1662 1608 1858 1640 absolutior
1889 1607 2022 1641 Officiis
2052 1607 2243 1644 Ciceronis.

1257 1658 1532 1701 Diligentissime
1552 1658 1646 1691 eniin
1664 1658 1878 1704 praecepitss)
1903 1659 1944 1690 de
1961 1659 2125 1693 omnibus
2150 1659 2244 1693 vitae

1257 1709 1436 1753 partibus,
1464 1709 1549 1754 quid
1567 1710 1688 1742 deceat
1703 1709 2074 1753 quamlibetaetatem.
2136 1709 2244 1744 Acce-

1258 1760 1309 1793 dit
1327 1758 1394 1792 hoc
1404 1760 1434 1805 ⁴)
1454 1760 1579 1800 eiiam,
1608 1760 1703 1804 quod
1722 1760 1812 1793 iusto
1831 1759 1954 1792 ordine
1977 1760 2111 1794 formas
2133 1761 2244 1796 virtu-

1258 1817 1332 1844 tum
1350 1810 1557 1855 proposuit,
1586 1817 1625 1843 ut
1649 1816 1809 1843 extarent
1832 1811 1877 1843 ob
1901 1811 2022 1844 oculos
2044 1811 2246 1854 lectoribus,

1259 1868 1429 1907 tanquam
1455 1861 1596 1905 regulae
1629 1861 1791 1894 omnium
1823 1861 2052 1895 consiliorum
2083 1869 2117 1896 et
2137 1864 2247 1898 facto-

1258 1925 1350 1946 rum.
1402 1912 1500 1945 Fecit
1515 1912 1607 1944 enim
1625 1918 1779 1957 quatuor
1793 1912 1934 1946 virtutis
1948 1913 2106 1947 membra
2120 1940 2130 1955 ,
2162 1927 2248 1959 pru-

1260 1963 1435 2004 dentiam,
1476 1963 1666 2002 iustitimn,
1707 1963 1975 2004 fortitudinem,
2015 1966 2247 2001 modestiam:

1261 2027 1351 2060 quae
1382 2021 1553 2060 tanquam
1584 2015 1681 2048 locos
1711 2027 1916 2049 communes
1946 2023 2153 2061 proponant
2181 2017 2249 2052 sibi

1262 2066 1519 2106 adolescentes,
1561 2071 1602 2099 ut
1632 2078 1673 2098 eo
1698 2067 1855 2099 reserant
1879 2066 1999 2099 omnia
2022 2069 2064 2101 de
2086 2068 2246 2104 moribus

1263 2117 1428 2157 consilia,
1471 2123 1504 2149 et
1530 2129 1617 2162 quos
1643 2117 1853 2158 iudicaturi,
1896 2117 1982 2163 quid
2007 2119 2146 2159 deceat,
2182 2131 2247 2154 ceu

1264 2166 1441 2202 Theseum
1463 2168 1561 2201 filum
1571 2167 1602 2214 5)
1631 2175 1838 2214 sequantur.
1902 2169 1995 2203 Nam
2015 2176 2055 2204 ut
2077 2169 2250 2218 Zeusis⁰)‚

1297 2289 1327 2318 3)
1347 2289 1499 2319 praecepit]
1519 2288 1558 2313 sic
1572 2287 1654 2313 Editt.
1669 2288 1859 2314 1525-1539.
1878 2290 1906 2313 et
1925 2288 2017 2321 1588.;
2039 2288 2124 2314 Editt.
2141 2290 2249 2322 1546*-

1335 2324 1409 2348 1574.
1427 2324 1566 2354 praecipit.

1297 2377 1329 2404 4)
1347 2376 1411 2403 hoc]
1437 2374 1475 2398 sic
1493 2374 1683 2405 Editt.1525.‚
1703 2374 1796 2404 ¹530.‚
1819 2374 1911 2404 1532„
1931 2373 2022 2405 1537„
2044 2375 2138 2407 153⁹.,
2159 2377 2249 2410 1566.;

1331 2411 1442 2434 ceterae
1461 2409 1543 2432 Editt.
1564 2409 1622 2432 huc.

1298 2463 1328 2492 5]
1348 2463 1480 2486 Theseum
1506 2463 1579 2485 filum
1604 2461 1636 2489 (i.
1651 2468 1673 2485 e.
1698 2461 1772 2485 filum
1797 2460 1902 2484 Theseo
1925 2460 1959 2484 ab
1977 2460 2097 2486 Ariadne
2119 2463 2247 2495 datium]

1333 2498 1372 2520 siv
1392 2497 1474 2520 aaut.
1492 2497 1582 2525 1525..
1604 2496 1693 2525 ¹530.,
1720 2495 1810 2523 1532..
1838 2494 1928 2524 1566.;
1961 2496 2044 2520 nunt.
2062 2498 2151 2529 1556„
2172 2500 2245 2524 1538.

1333 2531 1476 2556 Theseium
1496 2531 1585 2561 (1556.
1606 2531 1635 2553 L.
1655 2528 1808 2558 Thesmnn)
1834 2528 1921 2555 filum:
1955 2530 2037 2554 Editt.
2055 2531 2144 2562 1537„
2170 2534 2244 2559 1539,

1334 2567 1445 2596 typogr.
1460 2571 1569 2588 errore:
1590 2565 1722 2588 Theseum
1740 2563 1840 2591 filium3
1860 2563 1941 2586 Editt.
1959 2564 2043 2591 1536..
2064 2566 2149 2597 ¹546„
2169 2568 2245 2594 1553.

1334 2601 1381 2626 T..
1403 2600 1474 2623 1564.
1495 2599 1636 2622 Theseium
1655 2599 1774 2621 Theseus
1794 2597 1883 2627 silum3
1914 2597 1997 2622 Editt.
2013 2599 2087 2624 1553.
2101 2601 2150 2632 A„
2170 2601 2243 2627 157⁴.

1332 2634 1475 2658 Theseium
1495 2634 1615 2656 Theseus
1635 2632 1727 2656 filium.

1297 2685 1329 2712 6)
1347 2684 1364 2709 i.
1378 2691 1400 2708 e.
1427 2684 1529 2707 Zeuxis
1555 2682 1750 2707 Heracleotes.
1781 2680 1869 2710 pictor
1892 2681 2094 2713 nobilissimus,
2124 2684 2169 2715 qui
2189 2685 2247 2710 Pli-

1331 2720 1376 2744 nio
1395 2718 1514 2749 XXXV,
1533 2718 1560 2749 9,
1577 2717 1620 2741 36.
1637 2718 1751 2741 auctore
1771 2715 1812 2741 Ol.
1827 2715 1912 2741 XCV.
1932 2718 1956 2741 4.
1979 2718 2109 2750 florebat,
2139 2719 2247 2745 socrati
