2347 3000
39 126 111 162 433
276 124 336 162 IV.
389 121 729 160 COMMENTARII
762 121 809 158 IN
844 122 1031 156 LIBRUM
1060 119 1099 156 ΙΙ.
1136 119 1471 155 POLITICORUM
1506 119 1829 159 ARISTOTELIS.
1994 127 2067 162 434

37 211 146 246 ribus.
198 211 304 246 Nulla
321 212 430 245 virtus
450 209 561 253 magis
580 215 685 242 ornat
701 206 831 242 Christi
853 208 1025 253 cognitio-
1079 207 1157 252 quis
1180 220 1311 241 novam
1337 207 1449 250 legem
1473 207 1608 240 laturus
1634 215 1741 248 esset,
1776 218 1967 253 exponeret
1989 224 2066 246 eam

37 275 118 296 nem
138 275 245 308 quam
263 262 424 306 religiose
441 261 556 294 colere
581 260 741 305 politicas
769 261 1024 300 ordinationes,
1080 259 1175 302 prius
1197 259 1330 303 populo
1356 259 1487 292 inserto
1511 258 1601 290 collo
1629 259 1664 290 in
1691 259 1877 304 laqueum,
1920 263 1998 306 qui,
2039 265 2064 296 si

38 320 73 347 et
96 314 332 357 magistratus.
385 313 505 357 Quare
528 312 653 356 procul
678 312 722 344 ab
746 311 940 355 Evangelio
965 313 1024 344 de-
1077 310 1132 342 lex
1155 310 1406 354 displicuisset,
1442 309 1559 343 statim
1582 310 1789 344 constrictus
1816 318 1976 345 autorem
2004 327 2066 345 no-

36 366 121 398 bent
144 365 261 398 abesse
285 375 386 396 voces
411 363 510 403 illae,
554 375 644 408 quae
675 362 833 396 officiunt
863 363 1024 407 publicae
1077 373 1142 393 vae
1173 361 1258 404 legis
1287 362 1524 404 strangularet
1538 361 1597 406 ⁴⁰).
1668 360 1714 394 Et
1742 361 1944 397 Herodotus
1981 365 2065 398 dicit

37 414 295 462 tranquillitati.
363 413 399 447 Si
425 414 503 459 quis
526 414 778 447 vociferabitur
803 414 888 448 iuris
912 413 1023 447 divini
1078 411 1234 445 insanire
1259 424 1339 452 eos,
1382 413 1443 457 qui
1467 412 1599 456 patrias
1619 412 1712 455 leges
1734 419 1767 446 et
1790 414 1924 457 patrios
1948 428 2065 449 mores

39 479 110 501 esse
135 478 252 499 rerum
279 465 660 506 communicationem,
705 478 846 510 oppone
877 466 1023 498 manda-
1078 469 1328 495 contemnunt:
1365 463 1447 507 qnia
1479 470 1605 496 natura
1638 463 1684 496 ita
1719 476 1877 499 amemus
1905 466 2064 499 instituta

38 524 129 550 tum:
157 516 238 550 Non
252 517 437 550 furaberis.
480 516 573 551 Nam
594 517 630 550 in
649 516 716 550 hoe
733 517 902 550 mandato
922 528 1023 560 prae-
1077 513 1212 557 patria,
1239 520 1277 547 ut
1301 513 1330 546 si
1355 514 1519 547 omnibus
1542 512 1746 550 hominibus
1769 516 1915 550 facultas
1939 518 1982 551 sit
2005 518 2065 550 eli-

36 567 182 611 cipitur‚
210 573 249 600 ut
263 580 364 600 suum
386 567 534 613 quisque
550 574 679 602 teneat.
729 568 765 601 Si
783 568 861 613 quis
878 573 1022 599 conten-
1077 564 1181 608 genili
1205 564 1358 608 optimas
1382 564 1494 607 leges,
1530 571 1648 598 tamen
1675 579 1966 614 unumquemque
1998 570 2065 602 ele-

34 618 93 651 det
109 618 302 662 evangelici
321 618 407 653 iuris
424 632 496 653 esse
512 632 631 653 rerum
650 618 1023 658 communicationem,
1049 593 1053 637 l
1078 622 1216 648 storum
1233 627 1305 648 esse
1322 615 1466 658 patrias.
1511 615 1696 649 'l'axantur
1714 625 1747 650 et
1763 618 1799 650 in
1814 620 1920 653 sacris
1939 620 2063 655 litteris

35 681 177 713 oppone
203 671 415 703 sententiam
434 670 556 710 Pauli,
592 669 652 715 qui
678 669 853 712 legitimas
880 669 1023 702 ordina·
1077 666 1153 706 isti,
1182 666 1244 712 qui
1266 666 1358 710 leges
1374 672 1531 703 mutant,
1565 666 1764 702 Ecclesiast.
1785 670 1842 708 10,
1868 671 1954 716 (8.):
1993 672 2064 715 Qui

34 723 148 754 tiones
178 721 522 765 rerumpublicarum
554 726 656 753 vocat
686 720 928 753 ordinationes
958 720 1024 752 Dei
1077 717 1223 762 dissipat
1249 730 1387 761 sepem,
1422 717 1599 750 mordebit
1621 719 1755 764 eum''¹¹)
1781 721 1933 755 coluber.
1996 722 2065 755 Lo-

33 771 139 805 Rom.
159 772 217 812 13,
236 772 316 817 (1..)
351 772 482 817 Siquis
503 771 697 816 disputabit
719 784 791 804 esse
817 771 902 805 iuris
922 778 1023 804 natu-
1079 769 1199 814 quitur
1216 768 1309 800 euim
1337 768 1383 800 ibi
1409 769 1527 801 multis
1553 769 1666 802 xvi-bis
1695 771 1736 801 dc
1766 772 1971 814 magistratu
1995 774 2065 806 sor-

33 822 117 856 ralis
147 835 265 856 reruni
294 823 674 862 communicationem,
710 834 852 866 oppone
875 822 1024 855 rationis
1078 833 1173 852 main
1196 819 1411 863 reipublicae
1436 825 1613 858 mutante,
1660 834 1765 864 quam
1797 830 1895 865 septo
1919 826 2065 865 confert,

33 873 215 913 iudicium,
243 875 339 918 quod
357 874 572 918 impossibile
591 873 635 907 sit
653 886 708 907 res
725 886 797 907 esse
816 886 1023 907 communes
1078 877 1111 903 et
1134 877 1172 903 ut
1198 877 1377 915 serpentes
1402 877 1591 914 penetrant
1617 871 1651 902 in
1677 869 1799 905 hortos
1823 875 1938 906 diruta
1965 888 2063 919 sepe:

33 924 70 957 in
89 922 142 958 his
158 922 344 957 hominum
362 925 467 959 vitiis,
520 925 613 959 Nam
630 924 750 969 ignavi
766 924 883 957 alieno
900 925 1023 957 labore
1077 922 1125 955 sic
1143 921 1192 954 nit
1208 923 1386 961 futurum,
1411 928 1448 954 ul
1468 922 1546 954 talis
1572 922 1796 965 magistratus
1818 924 2064 968 improborum

34 975 162 1008 vellent
189 975 253 1015 ali,
288 982 412 1008 contra
439 976 493 1009 ius
518 982 688 1015 naturae,
729 977 825 1021 quod
848 976 1023 1009 sancitum
1077 973 1255 1006 licentiam
1275 979 1388 1005 armet
1405 974 1571 1006 adversus
1590 974 1857 1017 rempublicam.
1901 976 1967 1009 Sed
1986 990 2064 1010 meo

34 1032 84 1059 est
109 1024 162 1060 his
186 1026 300 1060 verbis
327 1027 471 1071 (Genes.
489 1027 524 1067 3,
545 1026 636 1073 19.);
679 1025 718 1059 ln
751 1028 879 1061 sudore
907 1028 1023 1061 vultus
1077 1024 1208 1057 iudicio
1226 1022 1315 1057 nihil
1339 1024 1509 1057 efficacius
1531 1022 1742 1057 dehortatur
1767 1038 1785 1058 a
1813 1028 1966 1061 consiliis
1991 1042 2067 1061 mu-

35 1077 84 1110 tui
105 1079 264 1111 comedes
282 1090 411 1122 panem
430 1085 542 1112 tumn.
1077 1075 1177 1108 tandi
1202 1082 1359 1120 receptas
1380 1076 1493 1119 leges,
1528 1088 1635 1120 quam
1654 1076 1681 1109 si
1699 1076 1850 1111 sciamus
1869 1079 2066 1122 legitimum

545 1163 558 1168 ¹
1078 1133 1207 1160 statum
1223 1127 1436 1171 reipublicae
1456 1126 1522 1159 Dei
1540 1127 1802 1161 ordinationem
1827 1142 1918 1169 esse,
1947 1138 1978 1163 et
2004 1129 2068 1163 lio-

479 1161 576 1208 H·3¹)
1078 1190 1166 1210 nore
1191 1177 1282 1210 asfiei
1303 1179 1430 1210 debere
1454 1184 1601 1222 propter
1624 1178 1758 1219 Deum,
1798 1187 1836 1213 ut
1862 1194 1915 1214 res
1940 1195 2067 1221 sacras,

136 1230 342 1264 Aristoteles
367 1229 481 1274 pergit
505 1229 652 1262 recitare
679 1228 914 1272 plurimarum
941 1226 1024 1259 cix'i-
1051 1272 1052 1277 Ξ
1079 1228 1217 1261 etiamsi
1249 1226 1379 1262 habeat
1402 1228 1537 1274 aliquid
1560 1229 1791 1265 incommodi.
1852 1231 1985 1266 Verum
2010 1231 2068 1266 hie

36 1289 148 1316 tatum
168 1283 277 1326 leges,
305 1294 394 1326 quae
412 1281 539 1324 passim
559 1279 753 1323 legentibus
778 1277 943 1312 historias
963 1277 1023 1310 ob-
1051 1279 1053 1289 ¹
1078 1279 1201 1324 quaeri
1221 1286 1353 1323 potest,
1384 1286 1557 1324 quatenus
1576 1280 1646 1313 sint
1671 1281 1924 1316 dissinmlanda
1950 1285 2065 1329 legum

36 1334 112 1366 x‘iae
129 1340 221 1367 sunt.
274 1331 313 1364 lu
337 1333 405 1365 fine
428 1332 584 1375 disputat
607 1333 649 1364 de
672 1331 789 1374 legum
814 1328 1024 1368 mutatione,
1079 1330 1183 1370 vitia,
1212 1331 1416 1364 Aristoteles
1431 1328 1497 1363 hoc
1516 1331 1549 1363 in
1566 1329 1699 1364 litim-is
1716 1334 1829 1368 docet,
1882 1334 1992 1379 Leges
2010 1337 2068 1368 de-

37 1386 130 1429 quod
152 1384 346 1428 periculosa
363 1383 417 1416 sit.
455 1383 528 1416 Hac
546 1383 588 1414 de
606 1394 644 1415 re
663 1393 869 1427 quanquam
888 1386 922 1412 et
938 1379 1024 1412 alias
1050 1400 1054 1431 Ξ
1076 1382 1161 1413 bent
1182 1381 1381 1414 consentire
1399 1394 1477 1414 cum
1494 1381 1623 1414 iudicio
1651 1384 1806 1416 naturali
1831 1386 1979 1420 rationis
2002 1384 2068 1419 hu-

36 1437 138 1474 dicet,
164 1442 282 1467 tamen
300 1446 427 1478 operae
446 1433 598 1477 pretium
616 1439 678 1471 est,
702 1431 903 1464 meminisse
920 1443 1024 1475 quas-
1077 1444 1218 1465 manae.
1272 1432 1428 1465 Proinde
1445 1432 1472 1465 si
1493 1446 1582 1477 quae
1600 1434 1745 1466 omnino
1763 1444 1963 1479 repugnant
1979 1437 2068 1470 iudi-

37 1488 118 1519 dain
137 1484 239 1519 liuius
258 1486 324 1518 loci
347 1485 550 1518 sententias.
616 1483 732 1516 Verba
758 1489 839 1516 sunt
866 1480 1022 1526 haee³⁸y
1079 1483 1133 1516 cio
1153 1490 1322 1523 naturae,
1359 1489 1392 1515 et
1419 1490 1655 1526 corrumpunt
1678 1491 1864 1526 naturam,
1898 1486 1964 1520 hae
1987 1495 2069 1522 sunt

36 1536 210 1582 Φανερὸν
233 1534 282 1574 ὡς
304 1535 428 1570 ἐατέον
454 1534 553 1574 ἐνίας
573 1532 757 1581 ἁμαρτίας
775 1531 837 1568 καὶ
861 1535 938 1567 τῶν
961 1545 1024 1567 2¹0-
1077 1535 1282 1568 unitandae.
1336 1534 1404 1566 Sed
1419 1534 1446 1567 si
1464 1534 1647 1578 paululum
1667 1535 1849 1569 discedant
1873 1550 1891 1570 a
1917 1539 2069 1580 ratione,

35 1587 211 1632 μοθετιῦν
236 1584 296 1621 καὶ
321 1589 397 1621 τῶν
422 1583 638 1632 ἀρχόντων·
679 1583 723 1619 οὐ
748 1582 822 1631 γὰρ
843 1585 1024 1617 τοσοῦτον
1077 1583 1144 1618 bae
1162 1585 1305 1618 tolerari
1326 1586 1514 1619 debebunt.
1578 1586 1626 1618 Ut
1643 1586 1671 1619 si
1691 1587 1769 1631 quis
1784 1588 1924 1622 sinistra
1944 1591 2069 1624 melius

35 1635 258 1684 ὠφελήσεται
285 1635 455 1682 κινήσας,
490 1635 580 1671 ὅσον
603 1632 831 1681 βλαβήσεται
853 1635 930 1672 ’τοῖς
957 1633 1022 1678 ἄρ-
1051 1674 1052 1679 Ξ
1077 1637 1190 1669 utitur
1209 1649 1315 1681 quam
1335 1637 1468 1676 dextra,
1496 1650 1568 1669 non
1589 1643 1638 1670 est
1657 1650 1733 1670 cum
1753 1639 1982 1673 incommodo
2000 1648 2069 1674 tra-

32 1700 165 1734 χουσιν
196 1687 364 1722 ἀπειθεῖν
399 1685 632 1732 ἐθισθείςδθ).
700 1685 813 1719 Sentit
845 1685 938 1717 enini
970 1697 1023 1717 re·
1051 1716 1053 1735 Ξ
1077 1689 1259 1721 ducendus
1285 1688 1321 1720 in
1348 1688 1523 1721 diversam
1556 1690 1859 1725 consuetudinem.
1925 1690 1976 1725 lta
2006 1706 2069 1726 nec

35 1746 151 1784 ceptas
167 1740 257 1783 leges
278 1752 347 1771 non
366 1752 437 1772 esse
457 1738 664 1777 mutandas,
697 1735 836 1770 etiamsi
854 1736 938 1781 quid
962 1733 1023 1768 ha-
1051 1742 1053 1770 ζ
1076 1739 1169 1782 leges
1188 1739 1319 1772 mutari
1339 1740 1486 1779 debent,
1521 1740 1548 1773 si
1574 1740 1756 1783 paululum
1774 1742 1955 1776 discedant
1971 1756 1989 1776 a
2007 1756 2069 1777 na-

34 1792 141 1823 beant
176 1790 406 1824 incommodi.
478 1790 594 1834 Atque
628 1787 696 1821 hoc
730 1787 897 1820 convenit
930 1787 1023 1819 inter
1078 1797 1177 1831 tura,
1223 1790 1303 1834 quia
1331 1803 1405 1823 non
1436 1790 1509 1823 abit
1534 1802 1589 1823 res
1614 1790 1688 1823 sine
1715 1793 1878 1826 maximis
1902 1795 2068 1829 motibus,

36 1854 158 1875 omnes
188 1841 363 1886 sapientes
395 1841 490 1874 viros
513 1847 547 1873 et
574 1840 706 1884 peritos
731 1838 947 1883 reipublicae
970 1850 1023 1870 re-
1050 1831 1053 1889 Ξ
1078 1841 1127 1874 Ut
1153 1841 1310 1875 medicus
1344 1841 1380 1874 in
1414 1854 1520 1885 aegro
1554 1854 1703 1886 corpore
1738 1855 1811 1875 non
1843 1857 1966 1879 omnes
1996 1859 2070 1878 ma-

35 1894 189 1937 gendae,
217 1894 426 1938 plerumque
446 1891 682 1936 perniciosam
707 1902 779 1924 esse
804 1890 921 1933 legum
946 1902 1023 1922 1nu-
1050 1894 1053 1971 Ξ
1077 1893 1130 1925 los
1154 1890 1322 1926 humores
1349 1893 1435 1932 ciet,
1480 1893 1526 1926 ita
1552 1893 1587 1925 in
1614 1893 1795 1936 republica
1821 1897 1865 1928 ad
1893 1898 2068 1941 quaedam

35 1944 217 1977 tationem.
286 1942 368 1976 ldeo
392 1943 508 1988 inquit
536 1942 728 1986 Ulpianus:
769 1939 808 1973 ln
832 1941 936 1974 rebus
960 1952 1024 1973 no·
1078 1943 1163 1976 vitia
1181 1943 1444 1976 connivendum
1463 1951 1525 1978 est.
1577 1943 1644 1977 Fui
1661 1944 1698 1976 in
1722 1943 1789 1978 hoc
1816 1946 1894 1980 loeo
1917 1948 2070 1992 longior,

36 1995 86 2028 vis
118 1995 370 2028 constituendis
402 1994 545 2027 evidens
576 2006 647 2027 esse
674 1993 808 2026 utilitas
833 1992 937 2024 debet
961 1998 1024 2025 ete.
1051 2008 1053 2030 ι
1079 1995 1162 2040 quia
1178 2007 1305 2038 magna
1324 2001 1357 2027 et
1373 1996 1568 2028 necessaria
1587 1995 1758 2039 sapientia
1779 2003 1830 2030 est
1847 1998 1947 2038 scire,
1973 2001 2069 2044 quod

35 2045 81 2079 Et
96 2043 353 2079 Demosthenes
368 2045 490 2079 scribit
513 2046 625 2089 legem
649 2044 754 2078 fuisse
772 2042 914 2082 Locris,
940 2048 979 2075 ut
996 2042 1024 2075 si
1050 2033 1054 2090 Ξ
1079 2047 1255 2092 quaedam
1289 2046 1374 2079 vitia
1406 2047 1523 2091 legum
1556 2046 1812 2082 dissimulanda
1846 2061 1885 2083 ac
1917 2050 2069 2083 tolerans

1050 2102 1053 2142 Ξ
1079 2099 1121 2130 da
1143 2097 1224 2131 sint.

70 2165 119 2193 37)
138 2165 184 2194 11.]
203 2165 242 2189 sie
261 2166 331 2189 Edit.
348 2165 438 2195 15303
464 2165 492 2189 in
511 2165 594 2189 Editt.
610 2164 684 2188 1535.
705 2166 732 2187 et
750 2163 833 2187 nasa.
851 2163 939 2186 deest.
1050 2153 1053 2183 Ι

71 2209 120 2236 38)
139 2209 253 2232 Aristot.
272 2209 319 2232 1.1.
341 2208 403 2233 1.11.
422 2215 443 2234 c.
456 2209 480 2231 5.
508 2208 532 2237 S.
552 2208 589 2232 13.
626 2207 709 2230 Euat.
729 2206 877 2231 Schneider
897 2207 924 2229 et
944 2205 1026 2229 stain·
1051 2209 1054 2224 ³

105 2246 141 2272 (c.
155 2243 179 2266 Β.
198 2243 268 2266 Edit.
289 2243 396 2270 Aead).
1113 2233 1159 2262 40)
1181 2232 1258 2255 Cous.
1279 2237 1362 2261 supra
1381 2238 1404 2262 p.
1422 2232 1481 2254 403.
1501 2233 1565 2254 neta
1579 2231 1620 2255 47.

69 2285 116 2313 39)
135 2283 270 2315 ἐθισθείς]
295 2286 334 2309 sic
365 2285 447 2309 Editt.
467 2285 596 2313 Aristum
634 2284 715 2308 Editt.
740 2283 817 2306 huius
840 2279 1026 2307 commentarii
1114 2282 1161 2310 41)
1184 2282 1317 2305 mordebit
1335 2283 1408 2308 euni]
1430 2281 1469 2303 sic
1484 2282 1567 2306 Editt.
1586 2282 1659 2306 1530.
1677 2283 1702 2304 et
1718 2282 1816 2312 nasa.;
1841 2282 1910 2305 Edit.
1927 2283 2000 2309 1535.
2021 2285 2067 2314 ty-

104 2318 245 2347 ὅθεισθείς.
1051 2302 1055 2350 Ξ
1149 2322 1225 2346 pogr.
1246 2322 1356 2339 errore:
1383 2316 1481 2339 moi-bit
1501 2316 1580 2340 enim.

611 2462 850 2493 TERTIUS
891 2461 1051 2491 LIBER
1089 2459 1484 2490 POLITICORUM.

142 2557 252 2600 Saepe
282 2557 365 2591 alias
397 2556 471 2590 dixi
493 2556 720 2589 Aristotelem
752 2555 927 2599 optimum
958 2569 1029 2588 me-
1081 2553 1369 2588 communissima
1400 2552 1573 2596 principia
1603 2560 1685 2586 sunt
1711 2553 1811 2586 initia
1834 2554 1984 2595 artium,
2019 2556 2065 2589 ita

40 2605 142 2641 thodi
167 2608 334 2640 artificem
364 2620 456 2648 esse,
493 2620 602 2653 quare
627 2614 661 2640 et
686 2607 722 2639 in
750 2605 804 2639 his
829 2606 926 2639 libris
953 2607 1032 2639 dili·
1056 2631 1058 2654 Ξ
1082 2606 1197 2650 coepit
1228 2606 1264 2637 in
1289 2602 1356 2637 hoc
1381 2603 1473 2636 libro
1498 2604 1704 2638 Aristoteles
1727 2617 1745 2637 a
1771 2606 2067 2641 communissimis

44 2666 166 2703 genter
190 2659 483 2692 considerandum
509 2666 579 2698 est,
607 2659 789 2704 quomodo
815 2658 938 2689 ordine
964 2658 1030 2690 alia
1082 2656 1283 2695 sententiis,
1312 2667 1402 2700 quae
1419 2662 1579 2699 sumptae
1596 2662 1677 2689 sunt
1694 2668 1733 2688 ex
1751 2663 1877 2689 natura
1901 2654 2067 2698 hominis,

42 2717 227 2754 praecepta
245 2722 285 2742 ex
300 2709 376 2742 aliis
400 2717 601 2743 nascantur.
664 2709 713 2742 Ut
737 2709 773 2741 in
799 2709 875 2742 aliis
898 2708 1032 2742 artibus
1083 2721 1143 2742 seu
1162 2720 1180 2740 a
1197 2709 1264 2740 fine
1282 2704 1447 2739 hominis.
1502 2706 1658 2740 Proinde
1679 2706 1714 2739 in
1739 2707 1855 2750 primo
1881 2708 1971 2741 libro
1997 2715 2066 2741 tra-

88 2768 267 2798 mnis-xm.
292 2767 398 2798 Ormi.
425 2767 509 2797 Vox..
532 2768 624 2797 XVI.
1423 2757 1472 2792 28
