2347 3000
210 115 282 151 807

785 114 906 149 PlllL.
943 113 1055 149 MEL.
1089 112 1292 147 SCRIPTA
1325 113 1660 152 l'HlLOLOGICA.

2158 113 2231 148 808

382 210 450 230 nes.
481 199 635 239 Philippi
663 197 934 229 Illelanchthom's
966 203 998 227 et
1028 196 1084 228 ch.
1114 195 1397 237 Hegendurpliini
1424 198 1570 230 Scholia.
1612 199 1761 239 Antoni—‘J'
1788 198 1937 230 Goueam·
1960 199 2232 229 Commentarius.

387 241 516 281 Quibus
540 245 573 271 in
590 241 667 281 sine
690 240 772 270 libri
793 241 944 271 adiectae
967 246 1045 270 siml
1074 240 1374 271 adnotatirmculac
1403 243 1565 280 quaedam
1593 243 1638 272 ad
1666 243 1780 271 eadem
1806 242 1950 281 Topica,
1987 240 2127 271 αηιῘιυνσ
2156 241 2232 272 Vita

387 286 455 315 Am
460 295 540 324 erpa
545 284 580 314 cli
587 287 628 313 io.

393 327 536 357 Thomas
560 324 761 356 Richardus.
795 327 885 356 1550.
928 326 971 356 38
995 328 1090 364 plagg.

387 372 450 399 satt.

678 283 840 318 Parisiis,
874 283 976 322 Apud
999 281 1158 312 Thomam
1179 282 1409 319 Re'cliarclum,

1452 285 1542 315 1550.
1565 302 1607 307 ——-
1643 284 1803 324 (111110οε)
1834 285 1990 315 Parisiis.
2034 282 2233 313 Eaecudebat

1127 326 1158 356 4.
1195 326 1260 363 (sol.
1284 326 1389 355 2-4.
1416 326 1453 356 lo.
1478 328 1580 355 Yisorii
1603 329 1777 356 (oenomani
1802 335 1829 355 et
1855 329 1985 357 Bar-thol.
2009 327 2120 355 Latoini
2144 335 2233 364 prae-

496 370 546 397 t'ol.
569 368 722 397 5-144.
746 368 806 398 Cic.
828 370 937 406 'l'opica
967 370 994 396 in
1027 369 1132 396 inultas
1161 370 1316 406 particulas
1343 370 1449 405 divisa,
1489 379 1610 406 qnarmn
1640 380 1786 407 quamque
1810 371 1916 404 Boetii,
1954 370 2075 405 Visorii,
2110 369 2235 404 Latoini,

387 411 635 447 Melanchtlionis,
659 411 896 448 Hegendorphini
920 418 948 440 et
973 412 1103 438 (ioveani
1127 411 1234 439 scholia
1255 412 1291 439 ad
1315 421 1378 438 eain
1405 413 1566 448 spectantia
1591 412 1729 448 deinceps
1751 419 1922 449 sequuntur.

1969 413 2019 440 sol.
2047 410 2106 440 145
2116 409 2235 440 -147,

388 455 597 482 Annotationes
620 454 763 491 quaedam
787 455 891 482 breues
915 454 951 482 ad
974 454 1085 491 Topica
1108 453 1272 490 Ciceronis,
1302 464 1355 490 per
1379 451 1476 482 Vitmn
1499 454 1742 490 Amerpachium,
1774 454 1788 482 1
1815 454 1866 482 t'ol.
1891 464 1947 482 non
1973 464 2052 483 rium.
2077 451 2152 490 vac.)
2169 454 2206 489 *).

346 514 412 546 *M
440 515 477 545 T.
503 514 669 544 Ciceronis
696 514 821 554 Topica
844 525 917 544 cum
940 512 1212 543 enarrationibus
1235 510 1355 541 Barth.
1378 509 1514 539 Latomi
1534 515 1565 538 et
1595 509 1679 539 Phil.
1700 509 1970 542 fllelanchfflom's
1999 522 2039 542 ac
2063 510 2137 541 Chr.
2162 509 2235 539 He-

388 558 617 598 gendorplnini
636 556 780 588 scholiis.

827 558 992 593 I’am'sie's,
1021 557 1113 596 apud
1138 555 1241 586 stlich.
1268 553 1496 585 lsascosunum
1521 553 1613 582 1554.
1658 553 1688 582 4.

345 617 388 645 Ad
411 618 462 646 has
484 618 642 653 editiones,
680 619 708 645 in
739 619 840 655 quibus
863 618 1058 645 Melantlionis
1087 617 1267 653 aliorumque
1296 615 1494 642 enarrationes
1522 623 1585 640 cnm
1617 614 1678 649 ipso
1703 613 1849 641 Ciceronis
1871 613 1944 640 libro
1967 614 2136 641 coniunctae
2159 618 2237 648 sunt,

221 658 331 687 accedit
355 660 405 687 illa
427 660 600 688 scholiorum
623 660 754 689 collectio
778 670 865 697 snpra
890 670 915 697 p.
933 658 1127 689 687—688.
1151 659 1313 694 descripta,
1335 657 1467 683 basileae
1493 654 1654 684 1541.f01.
1679 656 1773 690 edita,
1804 655 1831 682 in
1856 656 1935 683 cuius
1958 656 2050 683 'l'omo
2074 653 2110 683 ll.
2134 655 2238 691 Raetii,

220 700 339 739 vallae,
367 702 490 739 Visorii,
518 703 649 737 Latoini,
677 703 912 731 Melanclitliouis
935 709 964 730 et
989 701 1226 739 llegendorphini
1249 699 1446 727 commentarii
1470 698 1498 725 in
1520 698 1647 734 Topica,
1676 698 1740 725 sine
1763 703 1864 734 textu,
1893 698 2090 735 reperiuntur.

347 761 391 788 Ex
416 760 460 788 his
482 762 656 790 editionibus
680 761 732 789 lias
756 767 815 789 tres
839 762 867 789 in
891 762 1021 789 inanibus
1042 760 1196 787 habemns:
1229 757 1263 794 1)
1287 757 1341 785 Ed.
1355 754 1496 793 Ilagan.
1522 754 1632 791 l533.‚
1662 755 1698 793 2)
1721 756 1776 785 Ed.
1795 754 1905 785 Basil.
1929 755 2004 794 (sola
2020 754 2128 783 scholia
2148 755 2238 791 cont.)

222 801 333 837 1541„
361 801 397 839 3)
421 802 478 832 Ed.
504 802 614 833 Paris.
640 802 752 841 1550.,
785 814 855 841 quas
879 804 907 831 in
931 803 1066 841 sequenti
1086 802 1189 829 horum
1212 800 1388 829 scholiorum
1411 799 1540 828 editione
1563 799 1631 827 solis
1653 808 1795 826 annorum
1821 800 1949 828 numeris
1970 798 2170 826 indicabimus.

254 930 288 959 *J
307 931 381 955 liaeo
398 929 508 961 Editio,
532 935 600 960 quae
620 929 647 954 in
667 929 788 955 biblioth.
807 930 901 954 senat.
919 929 994 960 Lips.
1013 928 1169 959 invenitur,
1198 925 1400 957 Schweigeruin
1421 926 1447 949 et
1467 924 1599 949 Orellium
1619 924 1708 948 latuit.

757 1149 836 1185 IN
891 1145 1334 1184 CICERONIS
1390 1143 1704 1181 TOPICA

821 1224 1027 1254 PHILIPPI
1050 1221 1401 1253 MELANTHONIS
1423 1219 1643 1250 scnomA.

220 1319 307 1373 Hic
329 1336 466 1369 libellus
490 1334 643 1379 pertinet
667 1335 711 1367 ad
737 1346 815 1367 eam
837 1341 976 1379 partem
1000 1332 1205 1372 rhetorices,

222 1402 313 1436 quae
356 1388 533 1421 rationem
576 1386 871 1419 inveniendorum
913 1391 1206 1429 argumentorum

222 1440 349 1479 tradit,
377 1446 410 1472 et
427 1439 573 1470 modum
592 1437 860 1481 amplificandae
880 1436 1064 1470 orationis.
1115 1435 1207 1468 Con—

222 1493 321 1525 venit
354 1496 471 1523 autem
506 1489 609 1532 plane
640 1500 718 1521 cum
753 1489 906 1520 secundo
949 1487 1040 1519 libro
1074 1486 1206 1530 Copiae

222 1541 362 1577 Erasini
375 1541 403 1585 ¹)
415 1567 424 1580 ‚
451 1546 571 1584 estque
590 1539 681 1572 idem
698 1538 882 1583 utriusque
898 1538 1006 1571 libelli
1021 1549 1208 1581 argumen-

224 1602 317 1633 tum,
345 1592 425 1637 quia
445 1603 518 1623 non
540 1590 692 1623 multum
715 1590 860 1622 interest
884 1590 976 1622 inter
999 1593 1206 1632 argumenta

224 1652 258 1678 et
289 1641 459 1688 σχήματα
489 1638 667 1679 διανοίας.
727 1639 773 1672 Et
800 1642 1029 1684 spectandum
1062 1645 1130 1678 est,
1172 1638 1208 1669 in

227 1708 313 1741 quas
346 1699 466 1737 partes
499 1691 628 1724 artium
659 1691 795 1734 singula
829 1691 957 1735 scripta
989 1690 1112 1723 referri
1151 1689 1210 1721 de-

226 1748 344 1779 bcant.
396 1743 442 1775 Et
460 1742 519 1787 qui
537 1740 604 1774 hoc
621 1754 695 1774 non
710 1741 851 1781 fecerit,
880 1742 908 1775 is
933 1742 1019 1775 sciat
1041 1753 1076 1774 se
1104 1739 1210 1772 inuti—

225 1798 304 1830 liter
322 1796 356 1827 in
375 1793 498 1828 studiis
515 1793 660 1826 versari.
714 1792 908 1825 Continent
927 1792 1045 1837 itaque
1061 1790 1210 1834 Topica,

226 1855 266 1882 ut
298 1847 389 1885 dixi,
434 1851 619 1889 praecepta
653 1843 950 1876 inveniendorum
985 1847 1212 1887 argumento-

227 1912 306 1932 rum
321 1925 329 1937 ,
358 1902 391 1929 et
414 1895 589 1928 rationem
613 1895 883 1938 amplificandae
909 1893 1093 1927 orationis.
1144 1891 1212 1925 Ex-

230 1950 346 1993 emplo
366 1947 499 1991 primus
515 1946 676 1979 Psalmus
693 1945 824 1989 poterit
841 1958 933 1985 esse,
962 1946 1021 1990 qui
1040 1942 1131 1977 hanc
1150 1941 1213 1976 ha-

229 2002 289 2034 bet
305 1997 603 2044 propositionem:
637 1995 690 2028 Illi
704 1996 799 2030 beati
819 2003 918 2036 sunt,
946 1996 1006 2041 qui
1030 2008 1065 2029 se
1089 1995 1214 2038 guber-

230 2057 319 2084 nant
337 2063 378 2084 cx
393 2049 500 2082 verbo
519 2048 597 2081 Dei.
650 2047 727 2080 Hoc
748 2060 820 2080 uno
846 2047 1017 2080 versiculo
1043 2046 1215 2091 potuisset

232 2103 366 2140 dicei·e;
407 2112 530 2132 verum
558 2099 628 2131 iam
655 2099 728 2132 eius
756 2098 870 2131 oratio
894 2098 942 2131 sic
969 2104 1035 2138 est,
1077 2103 1116 2130 ut
1141 2102 1214 2129 tota

234 2153 430 2188 consentiat
455 2163 533 2183 cum
555 2150 811 2194 propositione.
878 2149 1122 2193 Amplisicatur
1152 2148 1215 2179 ita-

234 2217 302 2251 que
327 2203 445 2238 statim
471 2214 490 2234 a
513 2200 710 2245 principio,
745 2213 763 2233 a
791 2200 991 2240 contrario,
1019 2199 1145 2232 deinde
1173 2199 1215 2230 ab

235 2256 426 2289 effectibus.
479 2251 581 2296 Impii
600 2251 882 2295 dissipabuntur,
911 2252 958 2295 pii
980 2251 1157 2283 florebunt
1178 2255 1217 2281 ut

418 2304 475 2337 Sic
492 2310 543 2336 est
565 2303 623 2335 ille
639 2302 881 2347 Psalmus¹³):
918 2302 1005 2335 Ecce
1029 2315 1134 2347 quam
1156 2302 1216 2333 bo-

388 2354 586 2390 Concordia
606 2359 656 2386 est
671 2353 765 2386 bona
787 2366 852 2387 res.
903 2354 1148 2397 Amplilicatur
1168 2359 1217 2384 ta-

238 2422 317 2441 men
337 2406 600 2441 amoenioribus
616 2404 735 2448 figuris
746 2405 796 2450 2);
825 2405 916 2437 Tam
941 2406 1032 2437 bona
1054 2417 1107 2437 res
1136 2416 1218 2436 con-

236 2308 365 2351 palma.

237 2371 334 2392 1111111.

278 2514 303 2545 1)
325 2516 431 2537 Erasuii
449 2515 542 2538 Roter.
563 2515 595 2538 de
613 2514 689 2544 copia
708 2515 851 2538 verborum
871 2520 902 2538 ac
921 2521 1011 2538 rcrmn
1031 2514 1091 2538 libri
1111 2513 1174 2541 dno,
1193 2513 1219 2535 in

310 2549 368 2571 eius
387 2556 444 2578 opp.
464 2549 562 2577 (bugd.
578 2550 634 2572 nat.
650 2549 835 2572 1703-1706.
851 2550 915 2576 fol.)
935 2550 1008 2573 Tum.
1022 2549 1040 2571 l.
1060 2556 1084 2577 p.
1097 2547 1218 2571 3-116.

311 2583 343 2605 ui
364 2582 422 2604 libri
442 2583 517 2611 prius
537 2583 654 2606 seorsim
669 2583 827 2612 prodierunt
843 2585 990 2615 haganoae
1011 2583 1085 2606 1534.
1104 2582 1146 2613 8.,
1166 2583 1220 2605 Ba—

310 2617 396 2639 sileae
416 2617 487 2639 1543.
507 2618 530 2640 8.
543 2633 549 2641 .
569 2617 678 2647 Lipsiae
700 2618 772 2641 1550.
792 2618 818 2642 8.

277 2661 325 2687 ¹³)
346 2659 444 2683 Psalm.
464 2659 520 2684 1:33,
542 2660 564 2683 1.

279 2701 308 2732 2)
329 2702 405 2727 Cons.
425 2702 524 2726 Psaim.
546 2701 603 2731 1³3,
622 2701 645 2725 2.
665 2701 690 2725 3.

1259 1332 1379 1366 cordia
1414 1338 1483 1372 est,
1530 1338 1570 1365 ut
1600 1330 1718 1364 vincat
1748 1331 1965 1372 balsamum,
2016 1345 2086 1378 qno
2120 1330 2245 1373 inungi

1259 1385 1441 1429 pontifices
1458 1383 1588 1417 solent:
1624 1389 1658 1415 et
1680 1382 1787 1415 vincit
1813 1395 1951 1425 rorem,
1987 1397 2057 1429 quo
2082 1382 2245 1426 rigantur

1260 1436 1359 1468 arida
1385 1447 1482 1468 arva.
1539 1433 1678 1466 Adiecit
1702 1433 1815 1467 aliud:
1849 1435 1944 1469 Deus
1968 1435 2035 1469 illis
2058 1433 2247 1473 benedicit,

1261 1487 1319 1532 qni
1338 1493 1420 1520 sunt
1438 1487 1641 1518 concordes,
1678 1484 1772 1517 Haec
1790 1487 1947 1531 exempla
1966 1493 2114 1530 possunt
2130 1491 2247 1519 osten-

1261 1540 1364 1578 dere,
1405 1537 1490 1582 qnid
1516 1536 1561 1570 sit
1586 1536 1777 1580 petendum
1801 1549 1842 1571 ex
1864 1535 1932 1571 hoc
1953 1538 2093 1578 libello,
2140 1549 2246 1582 quem

1262 1588 1508 1634 proponimus.

1361 1638 1540 1672 Praefatio
1573 1637 1621 1670 sic
1651 1637 1821 1681 disposita
1853 1644 1915 1672 est.
1981 1639 2164 1683 Principio
2196 1646 2247 1672 cst

1263 1690 1460 1734 propositio
1487 1688 1677 1732 generalis:
1714 1689 1769 1721 Tu
1795 1689 1971 1722 retraxisti
1994 1703 2050 1723 me
2077 1703 2118 1723 ex
2142 1702 2247 1723 eursu

1262 1753 1362 1780 meo,
1391 1752 1460 1786 quo
1479 1740 1698 1772 institueram
1725 1739 1820 1773 aliud
1843 1753 1941 1784 opus.
1995 1739 2248 1785 Pliilosopliica

1265 1798 1415 1824 tractare
1434 1791 1529 1823 volui
1543 1817 1552 1830 ,
1581 1796 1616 1822 tu
1635 1791 1677 1821 ad
1692 1788 1867 1823 rhetorica
1886 1803 1942 1823 me
1958 1792 2155 1837 revocas³).
2192 1792 2248 1825 Sic

1265 1843 1357 1875 enim
1375 1842 1492 1876 statim
1509 1842 1546 1873 in
1565 1840 1739 1884 principio
1758 1842 1928 1875 orationis
1943 1843 2096 1876 solemus
2117 1855 2251 1888 propo-

1264 1906 1365 1927 nere:
1394 1899 1443 1931 ut,
1467 1905 1650 1937 nunquam
1665 1891 1732 1925 suit
1749 1892 1861 1937 magis
1877 1893 1990 1926 ferrea
2008 1900 2116 1934 aetas,
2141 1907 2249 1940 quam

1265 1943 1352 1978 haec
1370 1950 1503 1978 nostra.

1369 1996 1454 2040 Cap.
1472 1993 1496 2028 Ι.
1525 1991 1658 2038 §.1.‘¹).
1688 1994 1795 2034 Quum
1817 1997 1906 2028 enlm
1930 2008 2056 2029 mecum
2077 1998 2114 2029 ῖη
2132 1994 2249 2043 Tusa]

1267 2047 1422 2080 Subiecit
1453 2044 1691 2090 propositioni
1720 2045 1984 2086 narrationem,
2025 2048 2120 2092 quod
2151 2059 2250 2080 casus

1269 2098 1435 2131 obtulerit
1451 2097 1483 2128 ci
1499 2095 1565 2129 hoc
1583 2102 1851 2138 argumentum:
1888 2103 1921 2130 et
1942 2097 2026 2130 dicit
2046 2111 2081 2131 se
2106 2098 2142 2130 in
2167 2110 2250 2142 pro-

1268 2149 1417 2182 fectione
1434 2146 1527 2180 hunc
1543 2147 1838 2181 commentarium
1856 2148 2044 2192 scripsisse.
2091 2148 2250 2182 Contulit

1268 2213 1303 2235 se
1319 2207 1436 2233 autem
1455 2199 1577 2232 Cicero
1595 2198 1658 2231 sub
1671 2197 1822 2232 Caesare
1841 2200 1883 2231 ad
1902 2200 2123 2232 scribendum
2142 2199 2251 2234 libros

1269 2253 1311 2284 de
1343 2248 1580 2296 philosophia.
1649 2248 1780 2294 Estque
1814 2250 1850 2282 in
1874 2250 2041 2284 Cicerone
2071 2250 2188 2283 mollis
2219 2257 2253 2284 et

1270 2303 1463 2348 aequabilis
1496 2301 1685 2333 N'Crliol'llnl
1717 2301 1945 2344 compositio,
1983 2313 2021 2332 ac
2043 2298 2132 2333 nibil
2159 2302 2251 2335 inso-

1270 2355 1355 2387 lens.
1422 2351 1621 2385 Aristotelis
1651 2351 1733 2384 libri
1757 2351 1813 2384 vix
1835 2357 1980 2396 possunt
2004 2351 2152 2396 intelligi
2176 2353 2250 2386 sine

1305 2478 1336 2506 3)
1357 2476 1485 2506 Principii
1503 2476 1594 2500 verbis
1613 2476 1692 2505 (Cap.
1707 2475 1725 2499 1.
1748 2473 1772 2506 §.
1791 2476 1826 2502 1.)
1847 2475 1975 2499 Maiores
1994 2482 2046 2499 nos
2064 2481 2111 2499 res
2129 2477 2253 2503 scribere

1340 2513 1494 2541 inqressos,
1514 2511 1539 2533 in
1559 2511 1681 2538 margine
1694 2509 1825 2534 1⁴:11.1533.
1845 2510 1985 2538 adscripta
2002 2513 2065 2532 sunt
2083 2511 2162 2534 haec:
2183 2511 2253 2534 Pro-

1339 2546 1455 2576 positio:
1480 2545 1669 2575 philosophica
1687 2544 1807 2567 tractare
1826 2544 1914 2574 volni,
1942 2546 1969 2567 tu
1995 2544 2030 2567 ad
2047 2544 2192 2569 Rhetorica
2211 2552 2252 2570 ine

1341 2585 1468 2604 revocaS.

1306 2633 1336 2661 4)
1356 2631 1443 2654 Etiam
1463 2630 1488 2653 in
1508 2630 1556 2653 hoc
1574 2629 1643 2652 libro
1662 2628 1777 2657 capitum
1797 2629 1823 2651 et
1843 2629 2073 2658 paragrapliorum
2098 2628 2252 2652 distinctio-

1342 2672 1417 2692 nem,
1448 2670 1516 2694 quae
1541 2664 1566 2687 in
1589 2663 1643 2687 illis
1661 2662 1744 2686 Editt.
1764 2662 1856 2693 deest,
1888 2663 2036 2687 secuudum
2053 2663 2101 2687 Ed.
2121 2663 2254 2688 Orellian.

1340 2698 1544 2729 adscripsimus.
