2347 3000
86 130 156 164 893
301 126 391 161 3’111.
450 126 627 161 ENARP..
647 125 728 159 “1³10
771 125 1028 160 ORA'HOMs
1071 124 1317 158 CICEROMS
1360 123 1456 156 PRO
1497 122 1673 157 ARCHIA
1717 125 1888 161 POETA.
2027 132 2098 162 δι’).

253 221 310 241 non
343 220 420 239 num.
451 211 569 244 Errata;
606 210 643 240 18
666 210 727 238 soll.
753 220 810 238 non
839 220 917 238 num.
945 211 1055 238 Rerum
1084 219 1116 237 ac
1148 210 1300 237 verborum
1329 206 1447 245 Iudex.)
1490 208 1523 236 ln
1552 207 1604 236 hac
1633 209 1805 237 collectione
1837 219 1874 237 ex
1904 211 2098 239 Melanthum

252 253 480 282 enarrationibus
502 253 557 280 hae
580 254 781 280 continentur:
808 251 833 281 1.
857 253 884 279 in
912 254 969 281 Cic.
992 262 1044 289 pro
1067 250 1148 281 Sem.
1169 249 1292 279 Roscio
1314 252 1472 279 orationem
1494 250 1601 278 scholia
1616 251 1804 279 Melanthonc
1828 252 2019 288 praelegente
2044 264 2096 281 ex·-

249 302 332 333 cepta
357 294 437 332 (coll.
458 293 662 332 95—102.);
686 294 715 323 2.
740 296 766 322 iu
792 296 851 323 Cic.
876 304 927 331 pro
944 294 985 323 L.
1000 292 1148 322 Murena
1170 294 1330 321 orationem
1353 293 1459 320 scholia
1482 293 1552 321 Mel.
1575 294 1707 329 praeleg.
1731 300 1855 330 excepta
1880 294 1962 331 (coll.
1987 295 2095 323 439—

247 336 353 375 504.);
381 335 411 365 3.
437 338 464 364 in
489 337 547 365 Cic.
571 347 624 374 pro
650 335 684 365 P.
705 335 799 374 Sylla
822 338 981 364 orationem
1005 337 1111 364 scholia
1134 336 1206 364 Mel.
1230 336 1361 372 praeleg.
1385 341 1509 372 excepta
1533 334 1615 373 (coll.
1639 334 1865 371 575—584.);
1896 336 1925 364 4.
1950 335 2094 364 Orationis

248 390 300 416 pro
321 376 453 407 Archia
477 385 563 416 poeta
586 379 730 416 dispositio
755 386 783 407 et
807 379 990 416 paraphrasis
1015 377 1097 416 (coll.
1120 376 1330 410 601—608.;
1353 376 1382 405 5.
1407 378 1434 404 iu
1451 378 1510 405 Cic.
1535 386 1586 414 pro
1609 375 1657 406 M.
1677 376 1784 406 Caelio
1807 378 1963 405 orationem
1989 378 2094 406 scholia

251 421 320 448 Mel.
345 421 540 457 praelegente
564 428 687 457 excepta
711 419 1021 458 (m›11.t313—S*20.);
1045 420 1073 448 6.
1097 421 1124 446 iu
1143 421 1202 448 (ic.
1226 429 1276 455 pro
1293 417 1419 446 Milone
1434 420 1591 447 orationem
1614 420 1760 456 dispositio
1785 420 1866 458 (coll.
1885 419 2096 453 921—930.‚;

248 462 278 492 7.
302 464 330 489 in
356 463 417 491 Cic.
441 473 493 500 pro
518 462 565 491 JI.
590 463 751 491 Marcello
774 465 933 491 orationem
957 463 1102 499 dispositio
1125 467 1154 489 et
1177 461 1359 498 paraphrasis
1383 459 1467 499 (coll.
1491 460 1730 499 995-1002.).

206 520 270 550 ‘In
294 529 400 549 omnes
428 520 470 549 M.
497 519 532 550 T.
558 520 623 550 Cic.
647 520 815 550 orationes
839 521 972 549 doctis&
1002 521 1102 548 viror.
1124 517 1371 547 lucubrationes
1393 524 1552 546 accurate
1584 521 1618 548 in
1642 530 1742 547 unum
1769 520 1917 547 volumen
1940 520 2093 548 collectae

250 562 391 599 locisque
424 573 484 591 non
515 566 634 600 paucis
664 563 708 591 ud
738 565 913 591 ueritatem
943 562 1143 590 emendatae.
1189 559 1335 589 Adieclis
1360 558 1399 596 Q.
1423 560 1564 589 Asconii
1586 561 1729 590 Pediani
1750 564 1992 590 commentariis
2022 571 2094 589 cum

249 603 511 633 correctionibus
536 605 637 633 Pauli
662 605 811 633 „anulii
833 615 938 643 prope
963 601 1270 632 innunu-rabilibus.
1312 600 1437 630 Rerum
1468 611 1506 631 ac
1536 602 1710 632 uerborum
1743 606 1775 631 in
1801 604 1913 632 iisdem
1938 602 2092 631 lucubra-

247 644 392 675 tionibus
424 647 680 675 memorabilium
710 648 920 684 plenissimus
950 647 1065 675 index.
1115 644 1278 681 senctiis,
1306 643 1398 682 apud
1420 643 1505 673 Aldc
1526 643 1624 683 filios
1659 645 1749 674 1547.
1797 647 1859 674 1⁸01.
1904 646 1935 679 (l
1964 647 2013 674 t'ol.
2040 655 2093 672 unu

247 699 344 724 uum.‚
368 689 431 719 706
454 699 540 727 pagg.
564 698 593 718 ct
622 690 657 718 14
681 690 742 717 soll.
768 688 899 726 indicis.)

208 740 270 759 ‘-—-
293 755 332 760 —
376 738 474 774 Ibid„
497 739 590 778 apud
605 739 688 767 eosd.
710 739 801 768 1552.
842 740 904 767 Fol.
949 737 1049 777 (1406
1067 738 1229 773 columnae,
1255 735 1294 765 12
1318 736 1380 764 foll.
1406 736 1519 772 lndicis,
1542 735 1563 765 2
1586 737 1649 765 foll.
1671 746 1733 764 cum
1759 737 1886 764 clausula
1910 744 1938 764 et
1962 737 2091 773 ancara.)

208 797 248 826 In
273 806 381 825 omnes
401 795 448 825 JI.
474 795 581 825 Tullii
605 795 768 824 Ciceronis
791 798 971 831 orationes,
994 800 1071 833 quot
1093 795 1222 833 quidem
1245 800 1378 830 artant,
1401 794 1660 823 doctissimorum
1685 796 1830 822 uirorum
1854 798 2094 830 σηιινναῖίυηιέ,

251 848 378 868 summa
395 838 583 875 diligentia,
607 847 646 865 ac
669 837 838 874 singulari
860 847 943 874 erga
961 837 1198 867 Ciceronianae
1221 838 1425 874 eloquentiae
1448 835 1610 865 studiosos
1626 833 1702 874 side·
1727 838 1760 863 in
1784 846 1884 864 unum
1909 838 1996 865 uelut
2020 846 2093 865 coi·-

252 890 317 920 pus
339 879 511 914 collectae,
545 889 585 908 ac
614 881 742 917 partim
771 881 871 907 etiam
899 885 1014 913 antea,
1048 882 1178 917 partim
1201 888 1286 908 nunc
1309 881 1455 916 primum
1478 880 1512 906 in
1535 878 1639 906 lucem
1663 878 1780 906 editae.
1826 877 2000 911 Basileae,
2032 888 2094 916 per·

255 922 412 952 loannem
428 920 623 959 Oporinum.
649 921 750 955 (Tom.
769 921 815 957 1.).
840 938 880 942 —
911 920 1196 950 Lucubrationum
1221 924 1253 949 in
1267 919 1314 950 M.
1335 919 1369 950 T.
1387 920 1551 949 Ciceronis
1572 923 1749 955 orationem,
1773 919 1892 949 Tomus
1915 920 2093 949 secundus:

252 973 314 1002 quo
343 964 587 992 invectivarum
617 965 688 991 eins
717 966 861 992 onmium
892 964 1151 1002 Explicationes
1183 961 1461 1001 comprehendere
1495 960 1614 999 libuit,
1647 972 1789 1001 quarum
1818 961 1958 991 Antores
1995 967 2093 999 atque

253 1007 371 1034 seriem
393 1015 465 1034 cum
486 1007 591 1044 primi
614 1004 707 1034 Tomi
730 1006 888 1043 Catalogo
912 1008 1067 1044 repertus.
1109 1006 1169 1035 Ad
1190 1004 1287 1041 haec,
1318 1004 1444 1034 Rerum
1467 1010 1499 1033 et
1522 1002 1696 1034 uerborum
1720 1007 1754 1033 in
1777 1010 1916 1043 utroque
1939 1003 1999 1032 hoc
2023 1005 2092 1032 Lu-

249 1046 480 1077 cubrationum
505 1047 603 1077 Tamo
627 1047 885 1077 memorabilium
910 1048 1027 1077 lndeoe.
1076 1049 1230 1077 L’asileae
1258 1057 1319 1085 per
1350 1046 1509 1076 Ioannem
1540 1045 1734 1086 Oporinnm.
1756 1063 1799 1068 —
1853 1047 1900 1085 (In
1924 1047 1981 1075 fine
2010 1047 2092 1073 huius

252 1092 337 1118 Tomi
359 1091 425 1124 11.:)
453 1089 624 1125 Bas-ilvae,
658 1100 704 1118 ea·
728 1088 874 1128 officina
905 1091 1037 1119 Ioannis
1062 1090 1222 1129 Oporini,
1252 1098 1339 1118 anno
1368 1090 1489 1118 salutis
1518 1087 1682 1117 humanae
1704 1088 1751 1117 DJ.
1765 1089 1808 1118 D.
1822 1087 1926 1118 LIII.
1980 1087 2092 1117 Mense

252 1131 389 1161 Martio.
432 1134 494 1162 1³01.
539 1134 635 1171 (som.
657 1133 678 1160 1.
702 1131 723 1161 3
745 1134 807 1161 soll.
831 1143 886 1160 nou
919 1144 996 1161 uum.
1021 1134 1059 1161 10.
1082 1133 1201 1170 Oporini
1233 1132 1344 1170 praef.;
1373 1131 1394 1161 3
1425 1133 1487 1160 soll.
1518 1142 1574 1159 non
1605 1142 1683 1160 num.
1707 1132 1740 1160 B.
1763 1133 1872 1160 Latomi
1901 1132 1938 1158 de
1963 1132 2093 1159 laudibus

255 1175 437 1212 eloquentiae
460 1182 489 1202 et
513 1176 659 1202 (iceronis
683 1176 789 1208 orati03
821 1174 836 1203 1
862 1175 913 1203 sol.
944 1186 1000 1203 non
1032 1186 1110 1203 uum.
1133 1176 1355 1203 Euat-rationum
1386 1175 1413 1201 in
1438 1175 1477 1202 M.
1501 1175 1537 1203 T.
1561 1174 1620 1202 Cic.
1643 1180 1746 1209 oram,
1776 1183 1852 1211 quae
1880 1174 1910 1200 in
1940 1174 1990 1200 hoc
2021 1174 2092 1200 libro

255 1218 450 1252 continentur,
473 1218 642 1253 Catalogus3
665 1215 750 1245 2036
773 1217 934 1246 columnae.
988 1218 1072 1245 Tum.
1095 1217 1133 1245 ll.
1160 1216 1241 1246 1004
1263 1217 1425 1252 columnae,
1449 1215 1463 1245 1
1488 1225 1556 1253 pag.
1582 1226 1638 1243 non
1662 1226 1741 1244 num.
1764 1216 1884 1250 Errata3
1910 1214 1924 1244 l
1949 1215 1999 1242 fol.
2024 1225 2092 1248 vac„

257 1258 297 1288 18
309 1259 371 1288 soll,
397 1268 452 1286 non
476 1269 555 1286 num.
578 1259 669 1286 ludex
694 1268 789 1286 rerum
813 1265 842 1287 et
866 1261 1036 1297 verborum3
1062 1258 1308 1287 1s‹›l.n0nuum.
1325 1263 1400 1286 cont.
1415 1259 1520 1286 seriem
1541 1258 1705 1286 chartarum
1728 1263 1758 1286 et
1780 1258 1937 1286 clausulam
1961 1264 2093 1293 typogr.3

257 1301 271 1329 1
298 1298 347 1328 fol.
372 1302 449 1338 vac.)
494 1302 525 1328 lu
549 1301 640 1328 'somo
664 1301 684 1329 1.
710 1301 792 1327 huius
815 1302 910 1338 operis
933 1311 949 1329 e
971 1301 1166 1329 Melanthonis
1191 1301 1419 1328 enarrationibus
1443 1300 1496 1328 hae
1520 1301 1719 1328 continentur:
1750 1299 1779 1329 1.
1800 1301 1830 1328 in
1853 1300 1914 1328 Cic.
1935 1309 1987 1336 pro
2009 1296 2090 1326 Sex.

255 1341 377 1372 Roscio
400 1344 557 1371 orationem
580 1343 686 1370 scholia
709 1343 897 1370 Melanthone
919 1344 1109 1380 praelegente
1133 1350 1257 1379 excepta
1281 1341 1362 1380 (coll.
1386 1339 1607 1379 173—177.);
1630 1341 1660 1370 2.
1683 1343 1712 1369 in
1729 1342 1787 1370 Cic.
1810 1351 1862 1379 pro
1885 1340 1930 1370 A.
1951 1338 2093 1369 cecinna

258 1385 415 1412 orationem
439 1384 546 1412 scholia
564 1382 644 1422 (coll.
662 1384 884 1423 576—579.);
907 1384 938 1413 3.
960 1386 988 1412 in
1006 1385 1063 1412 Cic.
1088 1394 1139 1421 pro
1155 1382 1195 1413 L.
1211 1382 1362 1413 Murena
1385 1384 1542 1411 orationem
1566 1384 1673 1411 scholia
1688 1383 1876 1411 Melanthone
1899 1384 2091 1420 praelegente

257 1433 382 1462 excepta
396 1426 478 1463 (coll.
493 1425 718 1464 809—821.);
739 1425 768 1454 4,
792 1427 819 1453 in
843 1428 901 1454 Cic.
926 1436 977 1464 pro
997 1425 1032 1454 P.
1049 1424 1149 1464 Szstla
1173 1427 1330 1454 orationem
1353 1425 1461 1452 scholia
1476 1426 1546 1453 Mel.
1571 1426 1699 1462 praeleg.
1721 1431 1846 1462 excepta
1867 1424 1947 1462 (coll.
1961 1423 2090 1453 1058—

260 1466 385 1503 1105.);
415 1468 444 1496 5.
468 1468 613 1496 Orationis
645 1477 698 1505 pro
720 1466 852 1496 Archia
881 1474 968 1506 poeta
990 1469 1058 1496 Mel.
1089 1468 1235 1505 dispositio
1262 1474 1291 1497 et
1314 1466 1496 1505 paraphrasis
1523 1466 1604 1504 (coll.
1629 1466 1894 1504 1126—1132.);
1927 1465 1958 1494 6.
1982 1467 2009 1493 iu
2032 1466 2092 1493 Cic.

257 1520 310 1548 pro
331 1508 380 1538 M.
397 1506 503 1538 Caelio
525 1511 683 1538 orationem
704 1511 812 1538 scholia
834 1511 905 1540 Mel.
929 1511 1059 1548 praeleg.
1083 1515 1208 1547 excepta
1231 1508 1316 1549 (coll.
1340 1508 1605 1547 1505—1510.);
1628 1508 1658 1537 ’7.
1681 1510 1709 1536 in
1731 1509 1789 1538 Cic.
1813 1519 1865 1546 pro
1883 1507 2006 1536 Milone
2029 1518 2092 1534 ora-

258 1553 365 1580 tionem
388 1552 536 1589 dispositio
562 1552 642 1589 (coll.
669 1551 916 1590 1705—1712.)
946 1559 974 1580 et
1005 1553 1031 1580 in
1062 1552 1185 1580 eandem
1215 1553 1373 1580 orationem
1396 1551 1466 1579 Mel.
1489 1551 1595 1579 scholia
1616 1552 1701 1578 aliter
1726 1550 1807 1589 (coll.
1831 1549 2093 1582 1712—1716.›·‚

261 1594 291 1623 8.
314 1595 343 1621 in
367 1594 426 1621 Cic.
450 1604 502 1631 pro
526 1591 576 1622 Jl1.
600 1592 760 1622 Marcello
783 1596 941 1622 orationem
971 1595 1119 1631 dispositio
1143 1601 1171 1622 et
1199 1594 1382 1631 paraphrasis
1407 1593 1486 1631 (coll.
1512 1592 1762 1630 1894—1900.)
1789 1599 1878 1630 atque
1910 1593 1937 1620 in
1970 1592 2093 1619 eandem

260 1636 417 1663 orationem
433 1636 503 1664 Mel.
527 1636 634 1663 scholia
657 1636 742 1663 aliter
765 1634 846 1674 (coll.
873 1635 1138 1674 1900-1906.);
1163 1635 1192 1664 9.
1216 1637 1243 1663 in
1268 1637 1326 1664 Cic.
1351 1645 1404 1672 pro
1428 1633 1467 1671 Q.
1491 1633 1639 1672 Ligario
1662 1636 1820 1663 orationem
1843 1633 2094 1662 commentariolus

260 1678 340 1715 (coll.
364 1676 627 1715 2045—2050.).
671 1679 780 1705 'somus
804 1678 839 1706 ll.
862 1678 941 1705 nulla
964 1677 1046 1705 huius
1069 1679 1191 1706 auctoris
1215 1678 1321 1705 scholia
1345 1679 1483 1706 continet.

220 1726 261 1757 In
285 1736 392 1755 omncs
417 1726 463 1756 M.
488 1725 595 1755 Tullii
609 1727 772 1756 Ciceronis
793 1728 968 1764 orationem,
994 1732 1069 1765 quo!
1091 1726 1219 1766 quidem
1242 1732 1373 1764 extant,
1396 1727 1657 1755 doctissimorum
1680 1728 1828 1756 virorum
1844 1725 2095 1758 Enni-rationes,

260 1779 385 1797 summa
409 1769 597 1805 diligentia,
619 1779 659 1797 ac
682 1769 853 1807 singulari
874 1779 957 1807 erga
974 1769 1208 1798 Ciceronianae
1230 1770 1436 1807 eloquentiae
1460 1768 1623 1798 studiosos
1638 1766 1716 1807 fide
1737 1771 1773 1797 in
1795 1778 1893 1808 vnum
1913 1768 2000 1797 velue
2024 1776 2095 1795 cor-

258 1821 322 1849 pus
344 1811 505 1840 collectae.
552 1810 765 1840 Aci-esserunt
795 1810 874 1840 hnic
900 1817 1086 1851 postremae
1114 1811 1252 1840 editioni
1274 1810 1410 1850 Claudij
1429 1809 1589 1839 Baduelli
1609 1812 1644 1839 in
1666 1810 1887 1841 DIilonianam
1910 1815 1940 1838 ct
1962 1819 2024 1848 pro
2048 1806 2094 1836 M.

263 1851 427 1883 Marcello
450 1854 632 1881 orationem
654 1855 894 1883 annotationes.
939 1854 1025 1883 Item
1049 1852 1156 1892 Caelij
1178 1853 1324 1882 Secundi
1347 1852 1497 1882 Curionis
1519 1854 1555 1881 in
1579 1862 1687 1881 omnes
1705 1852 1917 1891 Philippicas
1933 1851 2094 1881 commen-

262 1893 351 1933 tarejj
373 1905 435 1924 non
458 1897 564 1923 minus
586 1895 676 1923 docti
695 1905 793 1934 quam
816 1898 950 1932 copiosi.
995 1895 1191 1933 catalogum
1211 1901 1279 1924 tum
1298 1894 1514 1930 Orationum,
1537 1900 1606 1923 tum
1628 1905 1738 1924 eorum
1761 1897 1819 1933 qui
1841 1897 1875 1923 in
1899 1896 1990 1932 ipsas
2013 1894 2097 1922 scri-

262 1943 412 1975 pserunt,
434 1942 510 1974 post
534 1939 640 1974 ipsam
664 1938 912 1976 praefationem
934 1936 1045 1967 habes.
1091 1937 1168 1967 Cum
1190 1938 1299 1966 indice
1322 1947 1432 1965 rerum
1455 1942 1487 1965 et
1501 1935 1676 1966 uerborum
1695 1938 1961 1976 locupletissimo.
2003 1935 2097 1970 Lng-

265 1979 360 2015 duni‚
390 1979 481 2017 apud
508 1979 602 2008 Ioan.
627 1977 845 2009 Tornaesium
876 1985 905 2008 et
930 1978 1018 2009 Guis.
1038 1978 1208 2009 Gazeium.
1250 1978 1485 2011 M.D.L1!11.
1530 1981 1627 2018 (Τοιη.
1654 1980 1703 2019 L).
1726 1996 1765 2001 -—-
1812 1978 2097 2008 Lucubrationum.

266 2023 301 2051 in
322 2019 374 2051 M.
398 2020 435 2051 T.
460 2021 624 2051 Ciceronis
647 2024 828 2057 orationes,
861 2020 979 2050 Tamus
1001 2022 1176 2051 secundus:
1209 2031 1271 2060 quo
1303 2021 1547 2050 inuectiuarum
1576 2022 1644 2050 eius
1676 2023 1816 2051 omm'um
1841 2022 2096 2060 lfa-plicatione.-

268 2062 541 2103 comprehendere
563 2061 678 2101 libuit,
710 2073 851 2102 quarum
872 2063 1018 2093 Antores
1047 2070 1145 2103 atque
1173 2066 1289 2093 seriem
1320 2074 1393 2092 cum
1416 2065 1521 2101 primi
1544 2062 1637 2093 Tomi
1659 2065 1817 2102 Catalogo
1841 2065 1995 2102 reperieS.
2040 2060 2098 2090 Ad

265 2105 354 2142 haec,
377 2105 502 2135 Rerum
524 2111 556 2135 et
578 2104 752 2135 uerborum
774 2108 807 2135 in
831 2111 969 2144 utroque
992 2105 1053 2136 hoc
1069 2105 1355 2136 Lucubrationum
1373 2105 1472 2135 'I'omo
1488 2104 1745 2136 memorabilium
1765 2107 1884 2135 Index.
1930 2103 2100 2141 Lugduni,

265 2147 359 2187 apud
372 2147 466 2178 Ioan.
488 2147 717 2184 Τονηαεείηηι,
740 2153 771 2177 et
785 2147 873 2179 Guil.
889 2146 1054 2178 Gazeium.
1098 2148 1144 2179 M.
1157 2148 1201 2178 D.
1215 2147 1339 2178 LIIlI.
1382 2149 1445 2178 Fol.
1490 2150 1627 2186 (Tom.1.
1649 2149 1670 2178 7
1692 2150 1756 2177 soll.
1780 2159 1834 2177 non
1861 2158 1939 2176 num.
1963 2148 2001 2174 lo.
2019 2150 2100 2182 Opo-

268 2190 323 2219 rini
345 2191 439 2229 praef.
461 2198 491 2220 et
511 2191 623 2219 Latomi
646 2192 736 2219 oratio
758 2201 796 2219 ex
819 2191 946 2219 editione
967 2192 1056 2220 Basil.
1082 2190 1172 2221 1553.
1197 2201 1316 2220 recusae
1339 2198 1425 2229 atque
1447 2191 1667 2220 Enarrationum
1692 2192 1717 2219 in
1742 2192 1781 2219 M.
1803 2193 1838 2220 Τ.
1853 2192 1913 2218 Cic.
1936 2196 2021 2217 oran.
2044 2191 2101 2214 (a-

269 2234 398 2270 talogus,
429 2234 478 2271 qui
500 2234 535 2261 ab
558 2234 634 2261 illius
657 2233 789 2261 editionis
813 2243 847 2261 eo
871 2240 981 2262 tantum
1003 2234 1121 2270 differt,
1154 2235 1230 2272 quod
1260 2235 1287 2261 in
1311 2235 1395 2261 Tom.
1418 2234 1439 2261 1.
1463 2234 1576 2261 Claudii
1598 2234 1730 2261 Baduelli
1759 2235 1786 2261 in
1811 2239 1894 2260 oratt.
1918 2242 1969 2269 pro
1994 2231 2102 2257 Milone

268 2281 297 2304 et
319 2285 372 2313 pro
395 2276 535 2304 Marcello
563 2276 672 2305 scholia
700 2282 729 2303 et
753 2275 847 2304 Ioach.
871 2276 1030 2304 Camerarii
1059 2277 1086 2303 in
1111 2282 1182 2304 orat.
1216 2286 1267 2313 pro
1290 2276 1447 2312 Marcello,
1475 2281 1562 2313 atque
1584 2276 1611 2303 in
1635 2277 1720 2304 Toni.
1742 2276 1778 2303 ll.
1802 2274 1959 2303 Cameraiii
1988 2274 2014 2299 iu
2037 2270 2100 2298 ΥΠ.

266 2319 408 2346 actionem
433 2324 531 2345 contra
554 2318 676 2345 Verrem
699 2317 807 2346 scholia
831 2324 861 2345 et
883 2317 973 2345 Caelii
996 2318 1026 2347 S.
1049 2319 1181 2346 (larionis
1209 2319 1238 2346 in
1261 2318 1328 2345 XIV
1350 2317 1526 2354 Philippicas
1555 2318 1652 2346 addita
1681 2323 1762 2349 sunt3
1796 2316 1835 2345 16
1856 2316 1919 2343 foll.
1942 2324 1997 2342 non
2023 2322 2101 2341 uum.

269 2360 359 2388 Index
388 2369 486 2387 rerum
515 2366 544 2387 et
573 2361 741 2393 verborum3
774 2359 854 2388 1754
877 2360 1044 2396 columnae,
1073 2359 1141 2397 ¹¹s2
1163 2360 1226 2388 foll.
1250 2369 1310 2388 vac.
1359 2360 1442 2387 Tom.
1465 2357 1503 2387 ΙΙ.
1524 2360 1591 2387 coll.
1624 2358 1881 2394 ¹757—2896.).
1923 2357 2014 2384 Huius
2037 2355 2102 2382 libri

271 2402 352 2430 Tom.
375 2403 397 2430 l.
423 2402 556 2437 easdem,
579 2411 610 2429 ac
633 2403 810 2430 antecedens
832 2402 937 2437 eduin,
966 2403 1164 2430 enarrationes
1186 2403 1256 2430 Mel.
1279 2402 1306 2428 in
1331 2410 1434 2428 novem
1458 2400 1517 2428 Cic.
1543 2407 1627 2429 oratt.
1651 2402 1796 2434 continet,
1818 2401 1877 2428 scil.
1901 2399 1965 2426 coll.
1991 2396 2100 2426 143—-

274 2443 344 2472 146.
366 2445 393 2472 iu
418 2450 489 2472 orat.
512 2454 564 2481 pro
587 2441 668 2473 Sem.
696 2442 834 2480 Roscio,
865 2445 931 2472 coll.
954 2443 1148 2473 475-478.
1178 2445 1204 2471 in
1236 2449 1307 2471 orat.
1338 2453 1389 2480 pro
1411 2441 1456 2471 A.
1483 2441 1643 2477 Cecinna,
1673 2443 1739 2471 coll.
1761 2441 1952 2472 667—677.
1977 2441 2006 2467 in
2028 2446 2100 2467 orat.

272 2495 323 2522 pro
344 2484 385 2515 L.
407 2484 569 2519 ‚Mur-ena,
593 2487 659 2514 coll.
683 2485 876 2516 903—909.
904 2487 931 2513 in
956 2492 1027 2514 orat.
1052 2496 1102 2523 pro
1126 2485 1163 2514 Ρ.
1188 2484 1300 2523 Sylla,
1330 2485 1396 2514 coll.
1419 2483 1610 2514 926—931.
1633 2485 1660 2512 in
1685 2491 1756 2514 orat.
1779 2495 1830 2522 pro
1856 2481 1984 2513 Archia
2007 2487 2103 2519 poeta,

272 2527 338 2555 coll.
370 2527 602 2557 1237—1242.
633 2529 660 2556 iu
691 2535 761 2556 orat.
791 2538 843 2565 pro
870 2526 918 2556 M.
943 2526 1068 2562 Caelio,
1103 2530 1168 2557 coll.
1202 2526 1434 2556 1401—-1402
1466 2534 1496 2555 et
1526 2528 1612 2554 aliter
1644 2525 1874 2556 1407—1411.
1905 2526 1931 2553 in
1956 2529 2027 2553 orat.
2051 2533 2103 2561 pro

271 2566 410 2606 Milone,
443 2571 510 2599 coll.
533 2569 765 2600 1555—1560.
787 2576 816 2599 et
839 2570 924 2598 aliter
949 2568 1079 2599 1560—
1093 2570 1183 2600 1565.
1213 2572 1240 2598 in
1265 2576 1337 2598 orat.
1366 2579 1418 2606 pro
1442 2567 1489 2597 ΠΙ.
1513 2567 1695 2604 Marcello,
1729 2569 1794 2598 coll.
1820 2565 2050 2599 1679—1683.
2075 2566 2100 2591 iu

269 2616 341 2640 orat.
365 2621 416 2648 pro
438 2609 477 2648 Q.
500 2611 655 2648 Ligario.

227 2659 267 2689 ln
291 2660 475 2689 selectiores
495 2660 543 2692 M.
568 2661 606 2692 T.
631 2661 796 2691 Ciceronis
819 2660 984 2690 orationes
1008 2660 1167 2699 Philippi
1187 2658 1472 2693 Jtclanchthon1·s,
1502 2658 1663 2688 Iohannis
1690 2658 1912 2693 l'elcurionis,
1944 2659 2101 2687 aliorum-

263 2712 326 2740 que
352 2702 609 2734 doctissimorum
642 2706 806 2739 virorum,
836 2706 895 2743 qni
924 2705 959 2733 in
982 2703 1169 2734 Academia
1197 2700 1492 2740 Vuittenbergensi
1523 2703 1598 2732 olim
1616 2701 1833 2742 Jlaefrnerunss
1863 2704 2102 2735 enarrationes
