2347 3000
77 139 153 177 269

79 225 325 270 intempestive
341 225 518 259 dicuntur.
563 224 666 258 Unde
682 224 885 257 ratiocinati
902 230 984 257 sunt
1000 224 1062 256 ali-

79 278 160 323 qui,
188 278 264 311 iure
282 277 403 310 divino
422 276 542 309 onmia
560 276 763 309 comumuia
784 289 867 310 esse.
921 277 989 309 Sed
1010 275 1061 308 iu-

78 329 196 363 niores
218 328 388 361 monendi
412 333 512 368 sunt,
551 334 591 361 ut
611 328 798 369 Augustini
823 328 912 360 dicta
941 329 1060 360 dextre

77 380 290 424 intelligant:
319 378 397 412 Iure
414 376 571 412 humano
589 377 673 412 luet:
693 379 774 411 xilla
802 393 877 411 mea
903 385 971 418 est,
999 377 1061 411 sci-

76 432 175 472 licet,
216 443 286 476 quo
314 432 358 463 ad
389 430 584 463 immediati
618 430 743 464 iudicis
775 430 1061 476 exequutionem,

78 495 150 516 non
167 494 238 528 quo
254 482 298 514 ad
314 481 548 526 principalem
569 482 815 521 autoritatem,
844 488 882 515 ut
897 480 967 513 dici
982 492 1061 524 pos-

77 540 145 573 set,
173 546 192 566 a
218 534 379 566 carnifice
403 533 576 578 supplicio
604 534 693 566 allici
718 531 953 571 homicidam,
988 543 1060 562 non

75 597 95 618 a
126 597 226 628 rege,
269 591 303 617 et
333 591 452 618 tamen
479 586 607 629 gradus
639 590 872 627 congruentes
905 581 1059 614 ordinati

74 643 166 670 sunt.
219 635 269 668 lta
286 636 380 670 Deus
406 637 442 669 in
469 634 534 669 hac
559 642 685 668 natura
710 634 972 667 distinctionem
998 633 1060 665 do—

75 688 270 720 miniorum
301 687 496 727 ordinavit,
537 693 570 718 et
594 698 653 718 sua
689 698 774 718 voce
803 685 934 719 sanxit:
977 684 1060 717 Non

76 740 209 773 furtum
231 739 347 772 facies.
413 736 604 771 Constituit
628 743 744 769 autem
768 736 995 780 magistratus
1027 742 1060 767 et

76 791 228 830 iudices,
271 796 310 823 ut
340 788 442 822 huius
467 787 522 821 sui
545 787 679 821 ordinis
704 788 903 821 defensores
931 793 1057 820 essent.

78 840 319 875 Certissinium
349 846 399 873 est
431 839 557 883 igitur,
594 839 856 873 distinctionem
882 838 1059 871 dominio-

76 906 155 927 rum
180 891 263 925 iuris
287 891 399 923 divini
424 903 518 931 esse,
554 892 611 924 sed
637 891 838 924 ordinatam
863 902 927 935 per
950 890 1059 933 magi-

76 950 214 978 stratus.
286 941 383 975 Sicut
411 954 547 986 poenae
582 940 841 976 homicidarum
879 942 953 975 sine
987 942 1057 974 ulla

75 993 293 1028 dubitatione
321 1000 403 1027 sunt
428 993 514 1027 iuris
539 993 671 1033 dixiui,
703 995 763 1027 sed
787 993 972 1027 ordinatae
995 1005 1058 1037 per

73 1044 329 1089 magistratum.
397 1045 492 1078 Haec
526 1045 698 1079 sententia
736 1058 820 1079 vera
857 1051 890 1077 et
926 1044 1059 1089 perspi—

73 1108 136 1130 cua
163 1102 224 1130 est.

173 1173 229 1206 Ad
247 1179 444 1206 extremum
461 1172 618 1205 breviter
635 1174 728 1206 addo
754 1173 886 1205 dictum
913 1169 1057 1217 (Manli.

71 1227 133 1265 22,
149 1224 245 1271 21.):
272 1224 362 1256 Date
374 1224 536 1264 Caesari,
565 1236 654 1269 quae
672 1230 754 1257 sunt
765 1224 935 1257 Caesaris.
976 1224 1058 1257 Nou

72 1284 203 1310 temere
223 1282 283 1309 aut
302 1287 381 1308 casu
400 1275 533 1308 dictum
559 1281 625 1308 est:
662 1276 762 1320 Quae
788 1281 868 1309 sunt
885 1274 1057 1308 Caesaris.

71 1328 186 1361 Metas
202 1327 396 1360 circumdat
414 1326 566 1370 regibus,
585 1339 662 1359 cum
682 1339 720 1359 ea
739 1327 816 1359 dari
832 1326 939 1365 iubet,
968 1338 1057 1371 quae

72 1386 154 1413 sunt
184 1379 363 1423 ipsorum,
405 1390 478 1410 non
504 1377 622 1409 onmia
650 1390 739 1422 quae
764 1378 963 1421 postulant,
999 1378 1057 1410 sed

72 1442 161 1476 quae
178 1430 261 1474 ipsis
277 1429 392 1462 debita
410 1435 501 1462 sunt.
528 1428 708 1472 Significat
723 1429 828 1472 igitur
846 1441 919 1461 non
938 1428 1057 1460 omnia

72 1494 192 1525 regum
211 1493 298 1520 esse,
327 1480 387 1513 sed
401 1479 568 1524 *distincta
591 1492 663 1512 esse
673 1479 717 1525 58)
743 1479 922 1519 dominia,
950 1485 989 1512 ut
1005 1491 1058 1512 sa-

70 1533 114 1566 tis
140 1532 272 1566 dictum
297 1537 368 1571 est,
413 1530 508 1564 iuxta
535 1537 782 1575 praeceptum:
820 1532 902 1565 Dion
924 1531 1055 1563 furtum

68 1583 185 1617 facies.

167 1658 208 1692 In
235 1659 304 1691 fine
328 1669 449 1692 rursus
473 1657 650 1689 admoneo
679 1657 875 1697 studiosos,
917 1663 956 1690 ut
982 1658 1056 1690 vul-

68 1723 150 1755 gare
168 1715 415 1754 argumentum
434 1715 527 1742 recte
546 1708 721 1752 explicare
740 1709 892 1743 discant:

120 1762 305 1796 Naturalia
325 1767 407 1795 sunt
425 1760 672 1793 immutabilia.

120 1813 334 1847 communio
350 1824 469 1845 rerum
487 1819 537 1844 est
554 1810 739 1845 naturalis.

117 1865 212 1909 Ergo
231 1871 281 1897 est
301 1863 544 1897 immutabilis.

168 1941 381 1986 Respondeo
399 1941 443 1973 ad
458 1939 651 1972 Maiorem:
680 1937 865 1972 Naturalia
885 1945 965 1972 sunt
990 1938 1053 1971 im—

67 1993 271 2033 mutabilia,
313 1992 443 2026 scilicet
467 2003 556 2037 quae
581 1997 663 2024 sunt
682 1990 871 2034 praecepti.
931 1990 1051 2023 Voluit

68 2045 163 2077 enim
180 2044 276 2077 Deus
290 2056 434 2076 manere
450 2043 594 2075 notitias
610 2042 714 2086 legis,
744 2054 833 2087 quae
855 2047 936 2074 sunt
962 2042 1052 2074 radii

68 2096 261 2140 sapientiae
279 2095 420 2127 divinae
436 2095 473 2127 in
490 2095 593 2126 nobis
610 2100 757 2138 propter
773 2094 902 2126 multas
920 2105 1051 2126 causas.

67 2148 134 2180 Sed
151 2147 219 2180 alia
236 2147 346 2179 multa
363 2146 456 2179 bona
472 2146 570 2179 utilia
590 2146 734 2178 fuerunt
750 2145 787 2177 in
803 2151 944 2184 natura,
965 2157 1052 2190 quo-

66 2211 145 2232 rum
162 2198 313 2232 mutatio
330 2210 445 2241 poena
467 2203 516 2230 est
537 2196 641 2241 primi
660 2198 796 2241 lapsus,
824 2202 864 2229 ut
879 2196 972 2229 bona
992 2209 1050 2229 va-

68 2250 186 2283 letudo
202 2250 269 2283 fuit
286 2249 478 2289 naturalis,
512 2260 602 2294 quae
624 2260 718 2281 nunc
739 2248 959 2291 languefacta
989 2255 1049 2282 est.

67 2301 280 2346 Respondeo
298 2301 406 2345 igitur
422 2302 466 2333 ad
476 2300 671 2332 Minorem:
697 2299 911 2333 Communio
930 2311 1047 2333 rerum

69 2358 120 2385 est
144 2353 229 2386 iuris
252 2352 444 2391 naturalis,
472 2351 623 2391 scilieet,
649 2363 723 2383 non
745 2357 784 2383 ut
808 2357 1049 2395 praeceptum,

70 2403 133 2448 sed,
151 2410 190 2436 ut
213 2404 347 2437 bonum
377 2403 462 2437 utile
474 2431 483 2444 ,
525 2404 620 2448 quod
651 2409 733 2436 tunc
767 2409 842 2435 erat
870 2403 1048 2447 possibile,

70 2453 157 2487 sicut
170 2454 261 2487 bona
279 2456 464 2495 valetudo,
492 2461 526 2487 et
543 2455 609 2487 alia
628 2455 738 2487 multa
755 2455 849 2487 bona
867 2454 967 2487 utilia
986 2467 1048 2487 na-

68 2511 168 2538 turae
184 2505 338 2549 integrae
355 2506 472 2539 addita
489 2507 644 2545 fuerunt,
673 2519 762 2551 quae
780 2512 901 2550 postea
921 2505 1047 2539 amissa

68 2562 160 2590 sunt.
213 2557 280 2589 Sed
296 2558 438 2591 notitias
453 2564 724 2603 praeceptorum
742 2569 887 2590 manere
899 2556 993 2591 Deus
1011 2557 1048 2589 in

68 2607 246 2641 mentibus
261 2605 446 2643 hominum
463 2609 588 2643 voluit.

101 2746 148 2779 58)
167 2748 246 2776 csse]
266 2747 306 2771 sic
324 2747 390 2772 Eud.
411 2748 501 2780 1550.,
521 2748 595 2773 1557.
615 2750 642 2773 et
663 2748 756 2778 1560.;
780 2748 829 2771 Ed.
851 2748 924 2771 1554.
944 2749 994 2772 est.

639 136 681 173 11.
723 136 931 172 ETHICAE
956 136 1235 173 DOCTRINAE
1259 137 1538 174 ELEMENTA.

2027 146 2101 180 270

1430 225 1530 258 Alia
1559 227 1786 271 quaestio:

1117 296 1262 328 Verane
1284 298 1340 329 est
1366 296 1517 341 regula:
1550 297 1754 331 Peccatum
1783 308 1854 331 non
1881 297 2102 342 dimittitur,

1338 349 1411 380 nisi
1441 346 1609 382 ablatum
1636 351 1876 383 restituatur.

1216 420 1377 454 Primum
1396 425 1593 467 respondeo
1608 426 1714 469 plane
1739 432 1772 458 et
1798 426 1973 466 breviter,
2001 438 2102 469 regu-

1115 471 1183 503 lam
1209 471 1283 504 sine
1310 473 1379 505 ulla
1404 475 1625 509 dubitatione
1651 489 1773 509 weram
1798 490 1890 517 esse,
1932 479 2028 523 quod
2055 478 2101 510 ita

1117 523 1298 566 perspicue
1315 524 1461 566 intelligi
1480 533 1605 569 potest.
1657 528 1733 561 Etsi
1749 528 1844 563 Deus
1865 536 2005 573 peccata
2024 541 2101 571 gra-

1116 573 1156 606 tis
1178 573 1345 614 remittit,
1379 575 1411 607 id
1439 583 1507 617 cst,
1541 578 1615 611 sine
1641 581 1930 624 compensatione
1953 593 1971 613 a
1997 581 2100 614 nobis

1112 624 1271 657 facienda
1287 625 1384 665 Deo,
1418 633 1537 661 tamen
1555 630 1615 661 ubi
1631 631 1725 663 nulla
1745 639 1793 664 est
1814 645 1895 665 conx
1907 632 2017 671 ersio,
2054 631 2102 663 ibi

1113 676 1210 709 nulla
1230 677 1267 709 fit
1290 676 1463 711 remissio.
1523 679 1614 712 Nam
1645 682 1889 717 iusim-anthim
1916 683 2100 727 perspicue

1114 728 1214 760 dicit:
1241 727 1332 760 Vivo
1350 740 1433 771 ego,
1462 730 1546 763 nolo
1565 738 1715 765 mortem
1739 735 1954 777 peccatoris,
1982 736 2041 768 sed
2061 741 2099 767 ut

1114 785 1344 812 conxertatur
1374 786 1407 812 et
1438 781 1605 828 vix-(21⁵⁹).
1673 783 1821 818 Necesse
1850 793 1899 819 est
1925 792 2042 819 autem
2066 786 2103 818 in

1114 830 1345 863 conversione.
1373 832 1503 875 deponi
1538 834 1662 867 delicta
1689 842 1811 868 eontra
1836 837 2102 877 conscientizmu,

1113 889 1152 915 ut
1175 881 1291 927 inquit
1315 882 1464 916 Paulus:
1508 884 1624 918 Miltia
1654 885 1785 919 bonam
1812 887 1998 927 militiam,
2039 886 2101 920 lia-

1113 934 1198 966 bens
1215 934 1320 966 tidem
1337 940 1370 967 et
1386 935 1518 967 bonam
1537 937 1789 970 conscientiam
1799 938 1857 983 ⁶⁰).
1909 938 1955 971 Εἰ
1971 941 2013 971 de
2032 937 2100 972 hoc

1114 985 1189 1029 ipso
1206 997 1333 1028 genere
1358 985 1475 1030 inquit
1490 987 1622 1021 Paulus
1645 987 1752 1033 (Epir
1771 989 1805 1029 4,
1821 989 1917 1033 28.):
1953 990 2024 1035 Qui
2048 992 2100 1023 su-

1112 1043 1210 1069 ratus
1227 1043 1296 1076 est,
1325 1037 1488 1082 deinceps
1506 1051 1580 1072 uon
1596 1040 1751 1081 furetur,
1778 1047 1817 1074 ut
1836 1039 2004 1075 moechus
2023 1054 2102 1086 per-

1112 1100 1276 1121 severans
1295 1088 1331 1121 in
1348 1089 1476 1122 scelere
1489 1116 1498 1130 ,
1526 1103 1599 1124 non
1616 1091 1743 1136 accipit
1758 1093 2004 1127 remissionem
2023 1106 2101 1137 pec-

1113 1146 1286 1173 catorum.

1212 1199 1307 1231 Haec
1327 1200 1527 1233 firmissima
1545 1207 1578 1233 et
1596 1203 1880 1237 manifestissima
1901 1210 1993 1238 sunt.
2048 1202 2099 1237 lta

1112 1249 1267 1283 retinens
1285 1263 1361 1283 rem
1379 1252 1532 1284 alienam
1559 1260 1681 1286 contra
1709 1255 1982 1295 conscientiam,
2022 1268 2100 1288 cum

1113 1301 1256 1346 quidem
1282 1303 1429 1335 reddere
1454 1310 1589 1347 posset,
1617 1313 1820 1349 perseverat
1842 1307 1879 1339 in
1903 1307 2030 1339 delicto
2041 1306 2100 1352 61),

1111 1353 1193 1385 Non
1217 1353 1324 1396 igitur
1347 1355 1471 1398 accipit
1488 1355 1753 1397 remissionem,
1782 1359 1841 1391 sed
1869 1371 1950 1390 vere
1976 1358 2099 1391 dolens

1112 1404 1154 1435 de
1171 1404 1324 1437 admisso
1336 1404 1381 1450 ⁶2)
1399 1406 1539 1445 scelere,
1568 1413 1600 1438 et
1618 1409 1823 1448 restituens,
1851 1415 1912 1442 aut
1928 1409 2020 1442 serio
2038 1422 2099 1441 vo-

1112 1455 1186 1487 lens
1203 1455 1408 1495 restituere,
1439 1463 1471 1489 et
1495 1458 1639 1490 credens
1663 1459 1729 1491 sibi
1753 1460 1886 1492 remitti
1912 1467 2052 1504 peccata
2082 1473 2099 1492 a

1110 1506 1207 1546 Deo,
1234 1518 1316 1539 vere
1344 1507 1471 1551 accipit
1494 1509 1739 1542 remissionem
1762 1517 2001 1555 peecatorum.
2054 1511 2101 1544 Et

1112 1557 1191 1590 talis
1208 1558 1385 1591 restitutio
1404 1565 1453 1592 est
1470 1571 1558 1603 opus
1575 1562 1785 1595 mandatum
1804 1574 1822 1595 a
1841 1562 1918 1595 Deo
1941 1562 1978 1595 in
1997 1574 2099 1607 prae-

1112 1615 1231 1653 cepto:
1273 1609 1355 1643 Non
1382 1611 1515 1643 furtum
1541 1612 1667 1652 facies,
1712 1619 1745 1645 ct
1770 1615 1813 1646 ad
1846 1614 2096 1647 contritionem

1110 1661 1162 1692 vel
1187 1662 1231 1693 ad
1255 1673 1385 1693 novam
1406 1662 1644 1696 obedientiam
1670 1665 1844 1708 pertinet,
1873 1672 1907 1698 et
1932 1666 2048 1698 differt
2079 1678 2097 1698 a

1110 1713 1317 1756 spectaculis
1332 1713 1611 1747 satisfactionum
1632 1716 1905 1757 canonicarum,
1934 1730 2021 1762 quas
2047 1717 2098 1749 di-

1111 1769 1193 1796 cunt
1211 1776 1282 1797 esse
1301 1777 1406 1808 opera
1426 1778 1498 1797 non
1518 1766 1634 1800 debita
1645 1767 1702 1811 b²³)
1756 1768 1832 1801 Hoc
1851 1769 2041 1802 discrimen
2058 1775 2097 1801 ut

1110 1815 1346 1858 intelligatur,
1375 1817 1630 1850 consideranda
1650 1825 1698 1852 est
1718 1819 1852 1863 integra
1872 1820 2033 1853 doctrina
2055 1821 2097 1852 de

1110 1867 1349 1910 poenitentia,
1393 1880 1484 1912 quae
1510 1869 1593 1901 alibi
1617 1870 1757 1914 copiose
1791 1872 1961 1912 traditur,
2002 1873 2096 1904 unde

1108 1919 1280 1951 sumenda
1301 1925 1348 1951 est
1367 1919 1552 1963 explicatio
1571 1922 1788 1964 argumenti:

1159 1970 1356 2003 Satissactio
1375 1970 1408 2002 in
1426 1971 1645 2014 poenitentia
1660 1985 1735 2006 nou
1753 1980 1804 2008 est
1820 1973 2029 2008 necessaria.

1157 2021 1349 2054 Restitutio
1368 2022 1451 2055 furti
1470 2029 1520 2055 est
1537 2024 1739 2058 satisfactio.

1155 2072 1252 2117 Ergo
1271 2073 1446 2106 restitutio
1462 2086 1536 2107 non
1551 2081 1601 2108 est
1618 2075 1828 2109 necessaria.

1207 2141 1421 2185 Respondeo
1448 2142 1492 2175 ad
1512 2141 1708 2176 Maiorem:
1746 2142 1965 2183 Satisfactio,
2003 2155 2092 2188 quae

1104 2192 1313 2226 nominatur
1339 2193 1530 2236 canonica,
1574 2207 1648 2228 non
1674 2201 1725 2229 est
1747 2194 1965 2234 necessaria,
2002 2206 2091 2239 quae

1137 2334 1184 2366 59)
1205 2335 1283 2360 Conf.
1302 2336 1404 2359 Ezech.
1427 2336 1468 2366 18,
1488 2335 1530 2360 23.

1136 2386 1183 2418 60)
1204 2386 1282 2411 Conf.
1304 2388 1326 2410 1.
1341 2387 1406 2411 Tim.
1423 2387 1449 2417 6,
1470 2387 1510 2410 12.

1138 2439 1185 2469 61)
1207 2438 1322 2467 delicto]
1341 2438 1382 2461 sie
1400 2439 1476 2461 recte
1494 2437 1542 2460 Ed.
1558 2437 1653 2466 155o.;
1682 2435 1748 2459 Edd.
1767 2436 1853 2467 1554.,
1874 2436 1950 2460 1557.
1971 2439 1995 2460 et
2019 2437 2089 2461 1560.

1171 2473 1279 2496 dilecto.

1136 2525 1182 2554 62)
1202 2524 1338 2551 admisso]
1359 2523 1399 2546 sie
1418 2523 1482 2561 Edit.
1506 2522 1594 2552 1550„
1617 2522 1690 2544 1551.
1712 2522 1738 2543 et
1759 2520 1850 2545 1552:
1876 2521 1924 2546 Ed.
1947 2522 2019 2547 1560.
2040 2525 2088 2553 ty-

1171 2565 1248 2588 pogr.
1268 2564 1380 2581 errore:
1408 2563 1520 2581 amisso,

1135 2610 1183 2638 63)
1205 2608 1415 2632 satisfactiones
1428 2606 1573 2630 canonic-‘ts
1589 2605 1721 2629 Catholici
1741 2606 1832 2629 dicunt
1851 2613 1913 2630 esse
1932 2614 2015 2637 opera
2034 2614 2087 2632 non

1170 2644 1274 2670 debita,
1294 2644 1309 2666 i.
1326 2649 1348 2666 e.
1370 2649 1423 2665 non
1443 2641 1569 2664 mandata
1589 2641 1649 2670 lege
1669 2641 1732 2667 Dei,
1753 2642 1801 2664 sed
1821 2643 2086 2670 supererogationis.

1790 2678 1818 2699 ut
1846 2679 2003 2704 peccatores
2030 2684 2086 2700 ins·-

1904 2712 1946 2734 vel
1972 2712 2086 2734 atiarum

1171 2679 1291 2701 iniuncta
1315 2678 1347 2700 ab
1373 2676 1506 2705 episeopis
1534 2675 1576 2697 vel
1602 2674 1752 2700 ministris.

1171 2713 1283 2736 reantur
1310 2711 1500 2734 remissionem
1526 2715 1673 2739 poenarum
1700 2710 1867 2740 purgatorii,

1168 2753 1316 2778 poenarum
1335 2746 1414 2769 huius
1434 2745 1515 2768 vitae.
