2347 3000
61 657 241 725 Postquam
266 688 294 716 in
318 688 417 726 priore
439 687 523 716 huius
547 688 714 716 voluminis
737 693 820 725 parte
843 692 964 725 praeter
987 684 1183 714 Melanthonis
1207 686 1409 725 philosophiae
1439 688 1555 716 moralis
1585 688 1749 726 epitomen,
1789 693 1902 722 ethicae
1932 693 2081 723 doctrinae

60 730 208 758 elementa
232 736 260 759 et
284 731 503 758 dissertationes
532 732 564 758 iis
594 740 740 767 annexas,
777 731 838 758 eius
868 731 895 757 iu
928 730 1038 767 aliquot
1070 729 1178 757 ethicos
1208 735 1238 757 et
1265 730 1397 767 politicos
1421 731 1508 758 libros
1531 729 1727 760 Aristotelis
1752 738 1972 764 commentarios
1995 737 2080 765 dedi-

60 781 122 800 mus
144 773 237 810 iisque
259 774 369 800 initium
394 773 515 800 fecimus
540 773 718 801 edendarum
740 773 975 809 annotationum,
1015 781 1086 809 quas
1109 772 1136 799 in
1161 776 1296 800 auctores
1318 772 1451 801 classicos
1474 774 1605 811 scripsit,
1643 784 1719 802 nunc
1750 775 1789 803 nd
1812 784 1924 806 ceteros
1947 785 2079 808 auctores

59 815 95 843 ab
118 823 152 843 eo
176 816 333 843 illustratos
357 821 545 843 transeamus.

373 924 403 965 Ι.
460 923 1021 966 ANNOTATIONES
1051 923 1149 964 PH.
1182 923 1340 964 ΜΕΙΑ.
1383 924 1456 964 IN
1484 924 1759 968 PLURES

721 1005 1102 1048 CICERONIS
1141 1005 1411 1048 LIBROS.

184 1113 265 1140 Inter
287 1113 443 1150 scriptores
466 1112 616 1148 classicos,
647 1123 717 1151 quos
740 1112 911 1141 Melanthon
935 1114 1146 1151 interpretatus
1169 1119 1229 1151 est,
1259 1114 1445 1142 Aristotelem
1472 1111 1582 1143 Cicero
1606 1116 1697 1153 primo
1722 1117 1783 1145 loco
1807 1123 1961 1156 sequatur,
1998 1122 2074 1159 quod

57 1155 121 1191 ipse
143 1154 312 1182 Melanthon
336 1155 420 1183 huius
443 1155 480 1183 de
503 1155 604 1183 officiis
628 1157 717 1184 libros
739 1156 767 1183 in
792 1156 934 1192 editione,
957 1166 1032 1194 quae
1055 1157 1209 1193 Haganoae
1235 1155 1328 1186 1530.
1352 1157 1459 1193 prodiit
1481 1156 1555 1195 (vid.
1570 1159 1705 1196 Prolegg.
1729 1169 1758 1196 p.
1775 1159 1897 1199 3—4.)
1922 1172 1984 1190 cum
2010 1166 2075 1192 Ari-

57 1197 169 1224 stotelis
192 1197 299 1224 Ethicis
323 1198 487 1233 coniunxit,
520 1199 586 1234 quia
609 1198 739 1225 eiusdem
762 1198 827 1225 sere
849 1200 1014 1234 argumenti
1037 1204 1122 1236 sunt,
1151 1207 1274 1236 eamque
1298 1199 1332 1226 ob
1357 1208 1470 1226 causam
1493 1201 1528 1227 ab
1553 1200 1597 1228 his
1619 1202 1767 1230 Ciceronis
1791 1203 1871 1231 libris
1895 1206 2072 1236 exordimur.

55 1240 227 1267 Ceterorum
251 1241 312 1267 eius
335 1240 473 1267 librorum
497 1240 666 1267 Melanthon
690 1240 740 1267 hos
763 1240 924 1268 enarravit:
955 1241 1086 1268 Laelium
1110 1250 1132 1270 s,
1156 1241 1193 1268 de
1216 1241 1355 1276 amicitia,
1378 1241 1506 1278 dialogos
1529 1242 1567 1269 de
1590 1248 1721 1279 oratore,
1749 1245 1851 1273 librum
1877 1246 1913 1274 de
1937 1249 2070 1284 perfecto

55 1287 168 1310 oratore
190 1282 227 1310 ad
245 1282 385 1319 Brutum,
405 1282 498 1318 topica
521 1281 557 1309 ad
580 1283 763 1318 Trebatium,
786 1282 958 1319 partitiones
980 1284 1136 1316 oratorias,
1161 1284 1305 1311 orationes
1329 1284 1501 1320 nonnullas,
1525 1290 1555 1311 et
1577 1286 1715 1322 epistolas
1737 1287 1773 1314 ad
1796 1287 1964 1317 familiares.

196 1390 295 1431 PH.
332 1389 494 1431 MEL.
531 1389 1068 1431 PROLEGOMENA
1106 1390 1177 1431 IN
1217 1390 1494 1432 OFFICIA
1535 1391 1929 1439 CICERONIS.

181 1498 328 1527 Ciceronis
350 1496 388 1524 de
411 1496 511 1524 officiis
535 1497 619 1524 libros
643 1502 672 1525 et
695 1497 912 1535 prolegomenis
936 1503 965 1526 et
988 1498 1102 1526 scholiis
1125 1498 1300 1535 explicavit,
1337 1507 1458 1535 quorum
1482 1498 1554 1526 haec
1585 1500 1647 1536 ipse
1677 1501 1784 1537 edidit3
1822 1504 1872 1531 illa
1895 1515 1980 1543 vero,
2009 1510 2071 1546 ipso

54 1547 173 1570 auctore
195 1546 321 1576 mortuo,
344 1540 446 1577 generi
463 1540 524 1567 eius
541 1540 675 1577 Casparis
689 1540 811 1568 Peuceri
834 1549 901 1568 cura
924 1549 981 1568 una
1004 1550 1067 1568 cum
1084 1541 1213 1568 Cracovii
1237 1541 1264 1568 in
1289 1541 1412 1577 primum
1437 1541 1539 1568 librum
1563 1542 1724 1571 officiorum
1748 1549 1952 1576 commentario
1978 1549 2071 1582 1562,

54 1585 226 1623 prodierunt
249 1583 289 1609 sic
311 1582 462 1618 inscripta:

179 1624 344 1654 Eruditue
367 1624 598 1652 annotationes
620 1622 775 1662 Philippi
795 1622 1024 1654 DIelantltonis
1049 1625 1083 1652 in
1105 1621 1230 1662 officia
1256 1622 1422 1653 Ciceronis
1446 1634 1559 1653 recens
1583 1625 1702 1656 editae.

183 1667 440 1697 Commentarius
470 1668 505 1694 in
530 1668 677 1704 primum
705 1664 827 1695 librum
857 1665 1055 1705 osJiciorum
1086 1668 1154 1696 viri
1182 1667 1365 1696 clarissimi
1389 1664 1529 1706 Georgij
1551 1666 1707 1708 Cracomj
1736 1668 1764 1700 I.
1792 1670 1829 1701 V.
1851 1670 2008 1706 Doctoris
2037 1684 2068 1708 et

220 1708 432 1748 Professoris
455 1710 490 1737 in
511 1707 699 1737 Academia
728 1706 966 1748 W'tebergensi
981 1711 1020 1747 *).

185 1749 392 1789 Witebergae
415 1749 600 1780 excudebat
622 1750 745 1780 Petrus
767 1750 872 1782 Seitz.
914 1751 1015 1782 Anno
1037 1749 1165 1782 LA'II.
1201 1751 1232 1781 8.
1267 1750 1354 1790 24¹s2
1371 1752 1470 1790 plagg.
1496 1750 1633 1791 (quarum
1659 1753 1743 1792 10⁷s⁸
1766 1757 1845 1794 prior
1869 1759 1957 1798 liber,
1983 1760 2068 1801 135χὲἰ

221 1796 297 1823 alter
320 1795 437 1832 explet;
467 1795 519 1823 ult.
542 1804 609 1831 pag.
634 1796 710 1832 vac.)

54 1837 155 1874 quibus
178 1837 252 1865 hanc
274 1837 425 1875 epistolam
449 1836 655 1864 dedicatoriam
679 1837 774 1864 editor
796 1838 961 1874 praemisit:

182 1877 374 1908 Clarissimo
403 1879 475 1906 viro
505 1878 674 1912 doctrina,
709 1880 850 1916 virtute,
887 1878 1070 1917 prudentia
1100 1883 1132 1907 et
1161 1878 1329 1916 dignitate
1355 1880 1548 1916 praestanti
1576 1877 1620 1907 D.
1650 1878 1836 1911 Laurentio
1866 1882 2054 1917 Lindeman

219 1921 249 1951 I.
277 1920 314 1951 V.
336 1920 492 1955 Doctori,
518 1919 714 1949 consiliario
737 1921 960 1950 illustrissimi
980 1920 1152 1960 Principis
1173 1919 1281 1950 Ducis
1303 1919 1481 1951 Sua-oniae
1497 1919 1661 1950 Elector-is
1683 1928 1743 1953 etc.
1765 1930 1931 1965 compatri
1952 1935 1982 1958 et
2002 1912 2066 1970 pa:

222 1969 315 1992 trono
339 1973 397 1992 suo
420 1962 564 1992 colendo.
608 1961 643 1991 S.
664 1962 709 1991 D.

178 2005 219 2035 Ut
243 2016 341 2034 rerum
363 2012 392 2034 et
415 2016 564 2034 causarum
587 2007 615 2033 in
640 2012 758 2042 natura,
783 2007 823 2033 sic
846 2011 922 2034 totus
947 2006 1017 2034 ordo
1040 2007 1191 2043 politicus,
1220 2006 1374 2034 discrimen
1397 2005 1585 2034 honestorum
1609 2012 1637 2034 et
1661 2010 1804 2046 turpium,
1836 2011 1932 2050 leges,
1962 2015 2064 2044 distin-

55 2048 111 2077 ctio
134 2047 341 2084 dominiorum,
364 2049 514 2085 coniugia,
537 2054 716 2084 contractus,
738 2048 859 2085 iudicia,
882 2057 1011 2086 poenae,
1034 2049 1139 2085 gradus
1163 2049 1399 2086 magistratuum,
1422 2048 1592 2082 distinctae,
1621 2058 1671 2077 ceu
1696 2052 1803 2080 classes
1826 2053 1990 2093 hominum,
2021 2060 2064 2086 di-

54 2099 156 2119 versae
178 2091 289 2119 formae
313 2091 480 2128 politiarum
505 2096 534 2118 et
557 2091 789 2128 gubernationis,
825 2091 880 2118 Dei
912 2100 983 2128 opus
1012 2096 1056 2119 est
1086 2097 1115 2119 et
1144 2092 1247 2127 ingens
1278 2091 1465 2126 beneficium,
1502 2090 1579 2128 quod
1606 2091 1731 2120 illustria
1753 2094 1790 2122 de
1814 2095 1877 2123 Deo
1901 2100 2063 2129 testimonia

52 2133 178 2171 plurima
200 2133 336 2162 ostendit.
379 2133 447 2160 Ideo
471 2133 539 2160 dicit
562 2133 709 2169 Sapientia
732 2133 827 2160 divina
848 2133 925 2170 apud
949 2133 1130 2161 Salomonem
1156 2132 1254 2171 (Prov.
1267 2132 1299 2170 8,
1324 2132 1405 2171 16),
1428 2142 1502 2170 quae
1526 2139 1568 2160 est
1594 2135 1657 2171 ipse
1681 2134 1769 2164 Filius
1789 2137 1848 2165 Dei.
1866 2137 1975 2177 λόγοςς
2003 2144 2060 2171 1³0.-

54 2185 101 2205 me
122 2185 207 2213 reges
230 2181 354 2214 regnant
375 2181 405 2203 et
428 2175 535 2202 iudices
558 2176 632 2202 iusta
662 2175 835 2202 decernunt.
894 2175 957 2202 Nec
986 2176 1079 2203 minor
1102 2182 1145 2204 est
1169 2175 1352 2213 pulchritudo
1376 2177 1404 2203 in
1426 2175 1528 2203 ordine
1551 2175 1668 2212 politico
1690 2187 1776 2214 quam
1799 2180 1828 2206 in
1851 2172 1955 2210 ordine
1976 2192 2061 2213 natu-

53 2228 114 2248 rae.
159 2219 217 2247 Sed
240 2220 267 2246 in
292 2218 344 2245 hac
368 2223 447 2245 tanta
471 2217 594 2254 caligine
618 2217 743 2244 humana
764 2218 858 2244 minus
879 2217 1110 2254 consideramus,
1140 2225 1265 2256 quantae
1287 2227 1334 2245 res
1357 2218 1413 2245 sint
1436 2218 1578 2254 sapientia
1601 2223 1629 2246 et
1647 2219 1754 2247 iustitia
1769 2221 1842 2258 Dei,
1867 2223 1963 2260 leges,
1986 2236 2060 2264 qnae

55 2266 121 2290 sunt
143 2261 214 2289 radii
237 2260 397 2298 sapientiae
421 2260 549 2295 divinae,
583 2259 765 2296 magistratus
787 2260 888 2287 armati
911 2261 1064 2288 autoritate
1086 2260 1192 2289 divina.
1251 2260 1289 2287 Et
1319 2260 1402 2287 multi
1431 2260 1545 2287 furores
1575 2260 1647 2288 hanc
1676 2263 1935 2292 considerationem
1966 2269 2062 2305 impe-

56 2304 148 2331 diunt.
201 2303 312 2331 Diaboli
342 2312 410 2329 vero
440 2302 539 2329 horum
572 2310 679 2338 organa
709 2302 805 2329 multis
828 2301 980 2329 horrendis
1003 2311 1036 2330 ac
1058 2303 1184 2330 tristibus
1207 2307 1235 2330 et
1259 2302 1472 2329 confusionibus
1495 2302 1627 2330 ordinem
1649 2303 1794 2340 politicum
1819 2307 1932 2335 turbant
1956 2315 1985 2337 et
2007 2311 2060 2338 de-

56 2345 190 2374 formant.
233 2345 341 2372 Idcirco
364 2354 428 2372 cum
452 2352 624 2371 consensum
647 2344 723 2371 inter
745 2352 809 2371 sese
833 2344 887 2371 rati
909 2345 1034 2381 statique
1063 2344 1170 2372 ordinis
1202 2345 1230 2371 in
1261 2350 1363 2372 natura
1392 2344 1569 2372 admiremur
1598 2354 1715 2379 omnes,
1745 2347 1887 2376 societatis
1919 2350 2060 2380 humanae

56 2387 284 2415 consideratione
309 2387 400 2414 levius
430 2386 598 2414 afficiuntur
625 2386 776 2423 plerique,
811 2386 860 2424 qui
891 2391 941 2414 aut
963 2396 1028 2414 casu
1053 2387 1233 2414 concurrisse
1255 2392 1305 2414 aut
1328 2387 1482 2413 temeraria
1506 2387 1642 2414 violentia
1665 2394 1776 2416 coactos
1798 2397 1863 2418 esse
1886 2399 1984 2421 coetus
2006 2394 2059 2422 ho-

57 2430 181 2465 minum,
204 2435 233 2457 et
254 2430 303 2457 vel
325 2429 461 2456 violentia
484 2429 531 2456 vel
555 2428 715 2456 calliditate
737 2427 862 2455 humana
884 2428 945 2456 sola
968 2429 1087 2457 retineri
1109 2430 1225 2456 eosdem
1249 2434 1337 2465 atque
1361 2429 1515 2464 gubernari
1536 2429 1737 2466 imaginantur.

183 2472 245 2502 Etsi
265 2480 335 2499 vero
357 2471 507 2499 fatendum
531 2476 577 2498 est
599 2471 685 2507 longe
708 2471 773 2507 plus
796 2469 994 2498 confusionum
1018 2480 1081 2499 esse
1104 2472 1132 2498 iu
1159 2479 1269 2508 genere
1292 2471 1416 2497 humano
1440 2479 1524 2506 quam
1545 2471 1574 2497 in
1598 2471 1708 2507 reliqua
1732 2479 1850 2510 natura,
1873 2480 1968 2504 tamen
1994 2488 2058 2507 cer-

57 2520 117 2542 tum
141 2519 184 2543 est
207 2514 300 2541 Deum
322 2513 423 2541 adesse
446 2513 574 2541 societati
596 2512 760 2546 hominum,
784 2518 813 2541 et
837 2513 913 2541 tueri
934 2513 1080 2549 ordinem,
1103 2522 1188 2550 quem
1214 2513 1350 2547 instituit,
1373 2521 1410 2539 ne
1431 2512 1612 2539 diabolorum
1637 2520 1665 2540 et
1689 2514 1828 2542 malorum
1851 2517 1994 2547 hominum
2010 2522 2058 2548 1'11-

57 2557 168 2585 toribus
192 2556 306 2594 penitus
330 2556 478 2591 deleatur,
515 2560 545 2583 et
574 2555 692 2593 quidem
715 2555 922 2584 sceleratorum
945 2555 1046 2593 poenis
1069 2556 1204 2583 iudicium
1228 2560 1257 2583 et
1281 2555 1473 2592 praesentiam
1498 2562 1577 2581 suam
1601 2554 1745 2592 declarat,
1780 2567 1901 2595 quorum
1924 2565 2059 2601 exempla

91 2674 124 2707 *)
143 2674 210 2698 Huic
230 2671 421 2696 commentario
441 2671 467 2695 in
486 2670 615 2702 peculiari
634 2671 733 2702 pagina
750 2670 903 2702 praemissa
921 2673 965 2696 est
983 2671 1138 2703 inscriptio:
1166 2672 1395 2698 Commentarius
1414 2672 1443 2695 in
1460 2672 1585 2701 primum
1604 2672 1707 2697 librum
1726 2673 1888 2704 officiorum
1902 2679 2055 2706 Ciceronis,

126 2708 378 2765 Autoreffggoryio
398 2707 539 2731 cracovio
557 2707 581 2730 1.
604 2707 634 2730 Γ.
655 2707 780 2732 Doctore
804 2708 831 2732 et
855 2706 1022 2738 professore
1045 2708 1076 2732 in
1095 2709 1250 2733 Academia
1274 2706 1489 2737 Wae‘teberyensi.
1532 2707 1613 2735 Arme
1634 2706 1673 2732 M.
1690 2709 1723 2732 D.
1741 2710 1820 2734 LIII.
1841 2722 1873 2728 —
1903 2714 1947 2741 (ln
1975 2715 2057 2745 finon

123 2745 214 2768 Anno.
266 2756 272 2761 ·
284 2742 290 2748 “
302 2759 307 2763 .

56 2788 236 2819 Marsum.
260 2784 365 2815 Ornn.
389 2783 472 2814 Vct..
495 2784 585 2814 xvl.
1406 2774 1454 2809 34
