2347 3000
226 151 300 188 327

229 237 356 272 Turris
381 236 417 269 in
432 234 643 274 Pannonia,
671 238 785 266 certae
809 243 844 264 se
867 228 975 262 morti
1003 225 1149 266 obiecit,
1175 231 1216 259 ut

229 290 339 323 x‘itai‘n
357 289 408 322 sui
428 287 578 327 domini,
604 285 700 318 ducis
711 282 896 320 saxoniae,
921 278 1079 312 Mauritii
1097 278 1216 311 desen-

230 343 340 374 deret.
395 339 483 372 Cum
510 338 604 370 enim
630 337 699 368 dux
718 332 904 366 Mauritius
931 331 965 363 in
982 329 1118 374 praelio
1136 341 1215 362 cum

232 391 359 426 Tui-eis
375 390 581 428 commisso,
610 388 653 419 ad
670 386 813 418 Pestum
829 382 1009 426 Uiigariae
1033 380 1217 426 oppidum,

232 443 399 476 aviditate
419 439 622 485 pugnandi,
648 435 786 479 longius
803 431 1080 479 proveheretur,
1109 444 1215 477 quam

233 494 381 533 caeteri,
410 493 525 524 illatus
551 490 586 521 iii
610 486 765 521 bostium
785 497 911 529 agmen
933 497 952 518 a
973 484 1099 517 Turcis
1116 482 1218 517 undi-

233 559 301 592 que
336 545 594 577 01001111110111115
625 545 686 572 est.
769 536 821 569 Ibi
852 536 991 570 sortiter
1023 533 1219 573 dimicanti,

234 608 344 642 equus
369 592 588 631 confoditur,
626 590 820 633 collapsum
852 588 959 632 igitur
991 588 1116 619 ducem
1147 597 1217 619 una

233 660 312 681 cuin
339 658 430 690 equo
457 641 660 688 oppressuri
687 640 796 673 Turci
822 645 1032 677 accurrunt,
1069 649 1219 682 cumque

232 699 304 730 iam
322 696 492 730 'l'urcicus
508 694 608 727 miles
626 691 812 735 vestigium
831 690 1062 735 impressisset
1078 687 1219 732 corpori

234 749 331 782 ducis
343 774 351 787 ‚
380 746 481 792 cique
496 745 617 779 stricto
635 746 742 782 ferro,
766 755 886 775 necem
903 741 1113 779 minaretur,
1129 751 1220 772 umis

234 813 275 833 ex
291 798 500 833 satellitibus
520 796 617 829 ducis
634 792 848 834 Ribiscliius,
866 792 1056 826 Turcicuin
1071 790 1221 823 militem

234 849 444 888 antevertit,
487 860 526 880 ac
553 848 760 885 obtruncat,
799 843 866 877 boc
893 844 1075 876 interfecto
1089 869 1097 882 ,
1139 841 1222 874 facit

234 903 408 947 impetum
427 900 462 932 111
479 905 634 932 caeteros
652 898 788 930 Turcos
801 923 809 935 ‚
837 908 967 940 eosque
986 893 1141 938 repellit,
1170 893 1223 924 111-

235 954 340 987 terim
374 953 492 997 plures
528 949 673 982 comites
703 948 801 980 ducis
824 946 986 980 Mauritii
1016 945 1223 982 adveniunt,

236 1005 298 1051 qni
316 1017 395 1037 euin
414 1015 453 1035 ex
472 999 647 1046 ephippiis
663 999 852 1043 expediunt
869 1004 901 1030 et
917 998 1102 1030 reducunt.
1162 994 1224 1027 Pti-

235 1054 390 1090 biscliius
408 1066 492 1086 vero
512 1059 652 1086 servato
669 1050 834 1089 domino,
862 1062 940 1082 cuin
961 1060 1052 1081 unus
1068 1058 1134 1091 par
1151 1058 1223 1079 esse

237 1106 373 1152 agmini
396 1111 496 1138 tanto
521 1116 594 1137 non
621 1108 759 1147 posset,
793 1100 913 1134 multis
940 1098 1146 1133 vulneribus
1170 1109 1225 1130 ac-

237 1159 363 1203 ceptis,
388 1157 530 1189 tandem
547 1154 785 1191 exanimatus,
812 1151 976 1185 concidit.
1029 1148 1223 1182 Laudanda

237 1216 289 1244 est
305 1216 339 1242 et
355 1209 439 1241 sides
459 1214 491 1240 et
509 1206 681 1239 fortitudo
705 1203 846 1242 militis,
875 1214 914 1234 ac
940 1207 1090 1245 utraque
1115 1199 1226 1231 virtus

237 1274 345 1305 supra
364 1260 487 1301 vulgus
505 1264 566 1291 est.
619 1256 733 1288 Habet
749 1261 866 1287 autem
885 1264 1004 1285 causas
1020 1263 1093 1283 non
1111 1250 1225 1283 solum

236 1312 407 1346 iudicium
427 1310 464 1341 in
482 1314 612 1347 mente,
630 1313 663 1340 et
674 1306 893 1339 voluntatem
906 1305 1226 1346 obtemperantem,

237 1362 418 1397 sedetiam
437 1361 608 1404 impetum
637 1370 753 1391 acrem
776 1362 925 1388 naturae
955 1361 988 1387 et
1002 1354 1115 1386 Deum
1129 1379 1137 1393 ,
1167 1351 1227 1397 qui

236 1421 271 1448 et
288 1415 403 1458 ipsum
420 1412 569 1445 militem
586 1409 818 1455 praeliantem
837 1406 983 1445 adiuvit,
1011 1411 1044 1437 et
1062 1410 1226 1437 eventum

237 1467 285 1499 ita
304 1463 532 1509 gubernavit,
559 1468 599 1494 ut
617 1462 687 1493 dux
704 1458 889 1492 incolumis
910 1458 1086 1490 evaderet,
1140 1455 1229 1488 Sunt

236 1517 346 1561 igitur
366 1526 491 1548 causae
508 1511 613 1546 liuius
631 1511 725 1550 facti,
752 1522 865 1549 inens,
893 1508 1075 1547 iudicium,
1103 1506 1229 1539 volun-

238 1576 291 1602 tas
315 1568 584 1610 obtemperans,
620 1569 653 1595 et
676 1562 827 1606 impetus
852 1560 1024 1593 naturalis
1046 1558 1083 1590 in
1104 1558 1229 1596 milite,

238 1627 273 1654 et
289 1619 386 1652 Deus
403 1618 545 1650 adiutor
562 1628 600 1647 ac
616 1614 845 1658 gubernator,
875 1612 957 1657 quia
975 1611 1050 1645 sine
1065 1609 1142 1642 Deo
1159 1608 1230 1641 vir-

239 1678 295 1705 tus
312 1683 387 1704 non
405 1675 456 1702 est
473 1667 590 1701 foelix.

341 1737 382 1771 In
407 1736 568 1770 doctrina
597 1732 786 1767 christiana
812 1731 859 1765 sic
893 1731 1084 1763 traduntur
1107 1739 1230 1761 causae

241 1791 441 1829 actionum,
470 1794 509 1821 111
523 1787 593 1819 51111
612 1792 696 1818 tres:
726 1784 828 1816 Mens
852 1782 1011 1815 iudicans
1035 1781 1130 1813 iuxta
1154 1791 1231 1811 ver-

239 1844 324 1876 bum
351 1840 437 1880 Dei,
478 1839 642 1871 voluntas
666 1835 876 1872 assentiens,
914 1832 1065 1877 Spiritus
1090 1837 1231 1863 sanctus

243 1894 429 1937 impellens
446 1896 600 1922 mentem
619 1894 652 1920 et
671 1888 890 1919 voluntatem
903 1911 911 1924 ,
941 1891 973 1916 et
996 1881 1058 1916 lias
1075 1882 1232 1914 infirmas

241 1945 333 1978 vires
352 1943 535 1981 adiuvans,
562 1946 596 1973 et
613 1939 742 1972 exitum
763 1937 982 1981 gubernans,
1010 1934 1097 1967 sicut
1118 1932 1232 1978 inquit

243 1994 404 2030 Christus
429 1992 568 2039 (loaiin.
590 1989 656 2029 15,
681 1987 755 2034 5.);
786 1988 867 2021 Sine
891 1999 946 2019 me
973 1984 1061 2018 niliil
1086 1983 1231 2028 potestis

241 2049 368 2086 facere,
385 2051 435 2085 ut,
454 2057 531 2077 011111
542 2039 665 2085 Ioseph
678 2046 852 2083 repugnat
870 2037 1040 2071 illecebris
1052 2035 1230 2068 dominae.

242 2099 406 2132 Primum
425 2108 523 2128 inens
543 2094 700 2126 intuetur
715 2092 862 2123 1001111111
880 2089 966 2128 Dei,
995 2094 1027 2120 et
1054 2087 1231 2120 detinetur

243 2151 281 2183 111
306 2149 379 2182 eius
404 2146 616 2190 cogitatione
643 2156 660 2175 a
690 2142 824 2186 Spiritu
848 2146 988 2179 sancto,
1029 2145 1067 2171 ut
1091 2138 1231 2179 colligat

243 2201 374 2235 multas
405 2210 552 2241 magnas
583 2206 714 2228 causas.
794 2191 964 2235 Agnoscit
990 2195 1230 2234 praeceptum,

246 2260 278 2286 et
302 2252 435 2285 iudicat
459 2249 535 2281 Deo
559 2246 796 2279 obediendum
824 2255 916 2283 esse,
945 2241 1075 2285 cogitat
1099 2252 1230 2284 poenas

245 2310 425 2337 secuturas
443 2314 515 2333 esse
534 2303 732 2344 praesentes
754 2302 787 2328 et
804 2302 975 2333 aeternas,
1005 2291 1229 2324 amissionem

247 2355 349 2391 doni,
377 2352 542 2387 scandala
561 2347 781 2392 multiplicia.
837 2346 977 2389 Cogitat
994 2356 1029 2377 se
1047 2342 1231 2375 contrista-

247 2405 425 2449 1111-1111133)
446 2416 516 2435 esse
535 2401 704 2445 Spiritum
722 2404 903 2436 sanctum,
930 2396 1166 2429 discedentem
1191 2406 1231 2425 ex

248 2470 310 2491 suo
338 2455 538 2493 domicilio,
573 2452 863 2496 perturbaturum
901 2448 984 2480 item
1016 2447 1051 2478 111
1079 2445 1229 2477 alioruin

249 2508 431 2543 cordibus,
467 2505 595 2546 cogitat
617 2504 699 2535 item
724 2513 797 2534 sese
809 2500 854 2545 S²)
880 2498 1125 2543 praebiturum
1151 2509 1231 2528 cau-

249 2572 322 2594 sain
335 2586 343 2598 ,
372 2565 410 2591 ut
428 2556 597 2588 Diabolus
613 2550 808 2597 triumphet
824 2552 990 2584 adversus
1007 2548 1136 2581 Filium
1153 2547 1231 2586 Dei,

284 2719 332 2745 83)
351 2715 587 2741 contristaturum]
605 2713 644 2735 sic
664 2711 711 2734 1111,
734 2711 822 2739 1546.;
842 2708 889 2732 Eil.
914 2707 986 2730 1545.
1006 2706 1232 2736 peruirtiatiiruui.

284 2770 330 2795 34)
352 2767 430 2793 sese]
450 2764 490 2787 sic
508 2763 558 2786 Ed.
582 2762 669 2791 1546,
691 2761 737 2783 lid.
760 2760 831 2782 1545.
853 2765 892 2781 se.

491 143 692 182 SCRIPTA
717 144 793 180 PH.
819 142 931 178 MEL.
958 140 1024 175 AD
1050 136 1261 175 ETHICEN
1286 137 1351 174 ET
1378 137 1634 175 POLITICEN
1664 135 1976 175 SPECTANTIA.

2180 141 2254 178 328

1269 227 1365 271 quod
1381 226 1523 260 ruinam
1541 227 1697 273 aliquam
1717 227 1883 261 traxerit:
1920 225 2003 259 item
2021 226 2188 259 adversus
2203 225 2254 260 in-

1269 277 1470 311 firmitatem
1503 276 1717 320 humanam,
1760 279 1816 312 cui
1846 289 2002 322 nequam
2031 277 2174 321 spiritus
2204 277 2254 310 111-

1269 329 1386 363 sultat.
1430 328 1592 374 Denique
1609 330 1645 363 111
1662 330 1808 374 singulis
1826 329 2024 363 actionibus
2041 334 2256 362 concurrunt

1270 380 1423 425 plurima
1440 387 1666 423 argumenta,
1694 394 1734 414 ex
1750 381 1919 414 varietate
1943 392 2129 413 causarum
2155 385 2189 412 et
2211 379 2257 412 ef-

1270 432 1423 465 fectuum
1449 431 1605 465 collecta.
1672 432 1735 465 His
1764 438 1817 465 tot
1848 431 2066 474 argumentis
2095 430 2258 465 1011111103

1272 482 1460 516 assentitur
1477 482 1628 526 impulsa
1652 489 1686 515 et
1708 483 1828 516 adiuta
1854 496 1873 516 a
1891 483 2025 527 Spiritu
2047 488 2167 516 sancto
2181 508 2190 522 ,
2227 487 2261 515 et

1273 546 1477 579 quanquam
1500 539 1620 578 postca
1647 540 1793 577 propter
1819 534 2033 567 calumniam
2061 533 2200 577 rapitur
2222 532 2260 566 in

1273 597 1447 618 carcerem
1460 611 1468 625 ,
1492 591 1610 617 tamen
1628 585 1727 618 adest
1751 585 1780 617 ei
1800 584 1912 624 Deus,
1948 592 1981 618 et
1998 585 2173 629 gubernat
2190 583 2260 617 exi-

1274 643 1360 670 tum.
1425 635 1500 668 Hae
1518 647 1642 669 causae
1665 635 1872 679 cogitandae
1897 642 1999 676 sunt,
2024 643 2063 669 ut
2086 635 2261 669 discamus

1273 688 1402 721 multas
1421 699 1493 721 esse
1513 699 1646 727 causas,
1669 687 1800 721 multos
1818 687 1959 720 effectus
1976 687 2136 720 omnium
2155 686 2262 720 actio-

1274 751 1372 773 num.
1431 737 1537 778 ltem,
1571 744 1610 771 111
1635 738 1806 771 auxilium
1831 738 1990 771 divinum
2014 744 2194 783 petamus,
2229 743 2264 770 et

1273 790 1379 824 simul
1397 796 1555 823 nostram
1573 789 1793 833 diligentiam
1818 790 2018 823 excitemus.
2078 789 2170 823 Nam
2196 786 2264 822 hae

1275 852 1398 875 causae
1416 841 1613 884 iungendae
1629 847 1728 880 sunt,
1756 841 1845 874 sicut
1861 841 2030 885 scriptum
2049 846 2100 874 est
2118 837 2263 886 (Matth.

1278 893 1336 932 13,
1355 893 1412 926 12.
1440 890 1501 932 25,
1526 892 1586 927 29.
1622 891 1732 925 Marc.
1752 891 1786 931 4,
1809 890 1869 926 25.
1906 892 1990 925 Luc.
2009 892 2044 931 8,
2071 892 2164 937 18.):
2192 890 2263 924 Ha-

1275 943 1373 977 benti
1388 943 1550 983 dabitur,
1587 949 1620 976 et
1636 945 1671 977 2.
1690 941 1895 976 Corinthios
1912 943 1946 982 6,
1962 943 2050 989 (1.):
2085 941 2264 976 Adhorta-

1277 1007 1357 1028 mur
1373 1006 1454 1034 105,
1481 1006 1525 1027 110
1542 995 1672 1027 frustra
1690 995 1839 1037 gratiam
1853 994 1919 1027 Dei
1935 994 2111 1038 recipiatis
2120 993 2178 1040 8ὅ),
2218 992 2265 1028 Et

1276 1045 1428 1079 Basilius
1446 1045 1577 1090 inquit:
1611 1045 1768 1077 Tantum
1783 1046 1887 1085 velis,
1924 1052 1957 1078 et
1973 1045 2067 1078 Deus
2089 1045 2188 1089 prius
2209 1057 2266 1078 oc-

1278 1103 1406 1131 curret.
1459 1093 1597 1130 Mdzaeov
1617 1096 1776 1141 θέλησον
1792 1094 1854 1130 καὶ
1871 1094 1957 1135 θεὸς
1974 1098 2207 1143 προαπαντᾷ.

1381 1147 1454 1181 Nee
1471 1147 1617 1179 dubium
1636 1153 1704 1186 est,
1732 1147 1862 1180 inultos
1881 1159 2004 1190 graves
2028 1159 2162 1190 poenas
2181 1148 2266 1180 dare

1279 1198 1461 1242 ignaviae,
1491 1198 1552 1243 qui
1570 1197 1675 1230 etiam
1694 1198 1836 1231 vocanti
1854 1198 1930 1231 Deo
1951 1205 2164 1243 repugnant.

1382 1248 1463 1282 Duo
1481 1255 1563 1282 sunt
1579 1249 1771 1292 proverbia
1790 1261 1933 1293 graeca:
1963 1249 2132 1283 Secundis
2152 1248 2267 1283 ventis

1280 1299 1522 1346 navigarem),
1552 1300 1666 1344 prima
1690 1312 1750 1333 seu
1776 1301 1964 1345 praecipue
1985 1302 2140 1345 optanda
2167 1300 2268 1334 navi-

1281 1351 1374 1395 gatio
1394 1357 1455 1384 051.
1510 1352 1577 1384 Sed
1604 1351 1631 1384 si
1655 1349 1722 1383 hoc
1745 1363 1819 1384 non
1847 1352 2037 1396 contingit,
2064 1352 2267 1397 proximum

1282 1408 1333 1436 est
1347 1402 1398 1435 uti
1418 1403 1527 1435 altera
1554 1402 1800 1445 navigatione,
1827 1416 1917 1448 quae
1936 1403 2049 1436 ventis
2068 1404 2267 1438 adiuvatur.

1281 1452 1331 1486 lta
1350 1453 1498 1487 dicimus
1516 1453 1623 1486 altera
1643 1453 1869 1496 navigatione
1886 1455 2058 1487 utendum
2075 1467 2159 1495 esse,
2187 1467 2267 1488 cuin

1282 1503 1488 1546 hortamur,
1515 1511 1554 1537 ut
1572 1516 1776 1550 quanquam
1796 1505 1953 1538 destituti
1968 1518 2088 1539 sumus
2111 1518 2267 1538 commo—

1284 1556 1471 1597 ditatibus,
1499 1556 1704 1589 annitamur
1721 1562 1860 1597 tamen,
1889 1563 1922 1588 et
1945 1557 2182 1600 significamus
2209 1569 2268 1590 eos

1284 1614 1430 1641 conatus
1447 1619 1520 1639 non
1539 1619 1611 1640 esse
1629 1606 1769 1640 inutiles
1787 1614 1847 1640 aut
1868 1607 1998 1641 irritos.
2057 1607 2107 1640 lta
2135 1606 2191 1641 liic
2216 1608 2268 1641 in-

1284 1659 1360 1704 quit
1376 1658 1592 1692 Aristoteles.
1643 1658 1791 1692 Etiamsi
1808 1659 1844 1691 in
1863 1665 1959 1691 tanta
1986 1665 2135 1692 naturae
2160 1659 2270 1692 imbe-

1285 1710 1426 1743 cillitate
1443 1722 1516 1742 non
1532 1722 1718 1753 possumus
1742 1716 1913 1754 perpetuo
1937 1708 2031 1743 bunc
2057 1723 2197 1743 cursum
2220 1717 2269 1744 te-

1284 1774 1387 1801 nere,
1412 1768 1451 1794 ut
1469 1759 1557 1793 nihil
1576 1773 1780 1805 peccemus,
1809 1767 1842 1794 01
1864 1761 1901 1793 111
1925 1762 2089 1795 omnibus
2115 1762 2270 1796 consiliis

1285 1820 1319 1845 et
1335 1813 1531 1845 actionibus
1547 1812 1776 1844 certissimam
1794 1824 1958 1845 normam
1983 1825 2122 1857 semper
2144 1825 2268 1858 sequa-

1284 1876 1383 1904 mur,
1412 1877 1474 1896 nec
1500 1863 1789 1907 praecipitantia,
1818 1864 1873 1896 101
1897 1876 2036 1904 errore,
2065 1864 2119 1897 vel
2143 1864 2270 1898 affectu

1285 1916 1404 1960 aliquo
1422 1915 1583 1959 impulsi,
1610 1915 1788 1947 labamur:
1826 1921 1945 1947 tamen
1963 1916 2073 1948 altera
2089 1916 2269 1960 navigatio

1284 1967 1463 2011 proderit,
1506 1966 1541 1998 id
1565 1972 1632 2005 est,
1671 1965 1831 2010 proderit
1852 1967 1972 1999 labore
1996 1968 2183 2011 perficere,
2225 1979 2269 2001 ne

1284 2018 1422 2062 longius
1440 2030 1458 2050 a
1476 2018 1593 2050 medio
1611 2018 1842 2061 depellamur.
1887 2018 1955 2050 Sed
1976 2024 2146 2064 tanquam
2163 2018 2270 2053 remis

1285 2070 1356 2102 acri
1393 2069 1618 2102 contentione
1655 2069 1764 2101 animi
1800 2070 1843 2101 ad
1884 2069 2039 2102 medium
2079 2070 2269 2111 enitamur,

1285 2134 1390 2166 quam
1409 2121 1568 2165 proxime
1585 2133 1782 2165 possumus.
1817 2120 1929 2153 Video
1946 2122 2156 2164 generaliter
2169 2133 2269 2154 usur-

1286 2179 1405 2216 patum
1431 2185 1502 2206 esse
1526 2172 1754 2216 proverbium
1773 2171 1809 2203 111
1824 2169 1916 2204 hane
1932 2173 2160 2205 sententiani:
2204 2172 2270 2205 Cui

1284 2224 1471 2268 praecipua
1491 2224 1585 2256 bona
1604 2236 1678 2256 non
1695 2223 1935 2266 contigerunt,
1963 2223 2132 2267 proximis
2149 2229 2268 2257 tamen

1284 2282 1423 2315 utatur,
1451 2281 1507 2315 ut,
1543 2275 1598 2308 cui
1623 2288 1696 2308 non
1722 2274 1868 2318 contigit
1890 2286 2024 2308 summa
2050 2274 2102 2307 vis
2125 2274 2269 2318 ingenii,

1283 2333 1402 2360 utatur
1422 2327 1462 2359 iis
1481 2326 1634 2366 viribus,
1679 2339 1765 2371 quas
1789 2323 1911 2365 babet,
1945 2338 2071 2370 easque
2098 2326 2271 2359 industria

1286 2378 1438 2411 adiuvet.
1498 2377 1580 2411 Non
1605 2378 1751 2421 contigit
1774 2377 1888 2421 prima
1911 2377 2110 2419 navigatio,
2146 2384 2185 2410 iit
2206 2375 2268 2410 ha-

1285 2437 1428 2462 beamus
1470 2430 1726 2473 rempublicam
1767 2441 1828 2461 5011
1861 2427 2072 2467 Ecclesiam,
2126 2429 2268 2474 qualem

1286 2481 1433 2513 omnino
1466 2481 1651 2519 vellemus,
1694 2481 1856 2512 fruamur
1883 2491 1965 2522 ergo
1999 2480 2194 2523 praesenti,
2236 2486 2269 2513 et

1286 2545 1362 2564 eain
1394 2532 1525 2565 nostris
1559 2531 1700 2571 officiis,
1744 2536 1866 2563 nostro
1897 2531 2019 2563 labore
2051 2531 2268 2566 adiuvemus.

1319 2665 1366 2692 85)
1387 2662 1540 2692 recipiatis]
1560 2661 1600 2683 sic
1618 2661 1666 2684 Ed.
1689 2661 1779 2687 15464
1808 2661 1856 2683 Ed.
1878 2661 1950 2684 1545.
1971 2661 2122 2690 accipiatis.

1319 2716 1366 2741 56]
1387 2713 1413 2741 ἐξ
1435 2710 1528 2743 οὐρίου
1549 2718 1570 2734 5.
1591 2710 1618 2738 ἐξ
1638 2707 1730 2741 οὐρίας
1752 2719 1767 2741 q
1777 2710 1894 2741 ἔρεσθαι.
1928 2712 1967 2734 lie
1980 2712 2028 2734 hoe
2043 2712 2186 2741 proverbio
2199 2711 2270 2738 conf.

1354 2748 1462 2772 Erasini
1481 2747 1559 2776 adag.
1581 2746 1641 2769 ctiit.
1662 2746 1693 2768 lt.
1714 2748 1781 2769 cent.
1801 2746 1833 2770 V.
1852 2752 1893 2769 nr.
1909 2746 1945 2769 16.
1964 2752 2025 2776 pag.
2041 2746 2098 2770 407.
