2347 3000
219 163 294 201 279

220 247 288 282 hae
311 247 567 292 disputationes
589 252 757 291 prosunt,
791 256 881 290 quae
898 254 962 286 per
978 241 1077 285 signa
1098 247 1131 273 et
1149 242 1208 273 de-

223 299 499 332 monstrationes
517 297 687 341 colligunt
702 297 792 339 leges
807 301 968 333 naturae,
994 298 1028 326 et
1046 292 1209 326 ordinem

223 355 436 384 monstrant.

635 410 800 445 Tertia.

327 476 416 510 Cum
441 475 524 508 velit
549 474 644 506 Deus
666 471 800 513 legibus
831 471 1103 513 magistratuum
1136 469 1212 513 regi

225 527 344 561 civiles
369 539 504 565 mores,
539 524 646 557 etiam
676 520 767 554 hane
798 522 998 555 doetriiiam
1022 521 1211 566 approbat,

226 591 316 624 quae
332 579 449 621 legum
465 577 543 609 sons
563 580 624 608 cst.

621 642 809 686 Quarta.

329 703 418 736 Cum
434 701 574 735 discunt
589 698 752 733 homiues
772 698 909 732 erudita
931 698 1070 731 ratione
1095 696 1214 730 metiri

226 754 359 794 officia,
386 754 476 787 fiunt
491 764 608 786 mores
625 751 797 784 mitiores.

633 820 665 865 Q
674 819 812 852 uinta.

326 880 402 914 Hae
419 879 675 925 disputationes
691 884 774 912 sunt
792 876 951 920 exempla
969 872 1141 909 methodi.

646 945 791 978 Sexta.

328 1006 448 1041 Etiam
464 1006 502 1038 in
518 1005 673 1039 Ecclesia
690 1005 726 1037 in
742 1002 1042 1047 disputationibus
1065 1003 1106 1034 de
1130 1000 1215 1033 civi-

226 1059 318 1093 libus
334 1057 456 1091 officiis
474 1063 507 1090 et
523 1057 702 1096 moribus,
730 1056 841 1088 multa
866 1060 1055 1087 sumuntur
1083 1065 1123 1085 ex
1149 1050 1214 1085 hac

226 1109 409 1148 doctrina,
437 1108 600 1141 videlicet
627 1120 668 1140 ex
690 1107 764 1150 lege
787 1111 955 1144 naturae,
982 1111 1040 1144 ut,
1068 1116 1147 1137 cum
1173 1105 1215 1136 de

227 1160 467 1194 contractibus
480 1186 489 1199 ,
516 1161 558 1192 de
579 1158 700 1191 officiis
719 1157 1011 1201 magistratuum,
1039 1156 1080 1187 de
1106 1155 1215 1187 virtu-

226 1212 321 1245 tibus
352 1210 529 1255 plerisque
541 1237 550 1250 ,
587 1210 630 1242 de
660 1209 794 1251 legibus
824 1205 990 1239 humanis
1021 1205 1214 1238 disseritur.

226 1262 273 1296 Et
287 1262 416 1295 maiori
434 1261 640 1294 dexteritate
657 1259 831 1303 explicare
850 1257 935 1290 tales
952 1256 1119 1289 materias
1136 1268 1215 1300 pos-

226 1320 328 1354 sunt,
355 1312 417 1358 qui
435 1318 526 1345 recte
543 1311 696 1344 instituti
713 1315 795 1343 sunt
811 1309 849 1340 in
866 1306 932 1340 hac
949 1305 1189 1352 philosophia.

615 1376 827 1422 Septima.

326 1439 529 1473 Plurimum
546 1438 655 1471 refert
672 1443 792 1469 tenere
809 1434 1013 1467 discrimina
1032 1434 1216 1474 virtutum,

227 1491 417 1525 affectuum
431 1517 440 1530 ,
493 1493 857 1533 temperamentorum
869 1511 878 1526 ,
929 1485 1216 1526 inclinationum,

224 1541 425 1576 habituum.

632 1605 817 1638 Octava.

328 1667 368 1700 ln
396 1666 545 1699 dicendo
571 1671 605 1697 et
628 1664 814 1698 scribendo
840 1660 926 1695 haec
951 1661 1111 1694 doctrina
1136 1674 1217 1706 sup-

226 1719 361 1764 peditat
376 1717 487 1750 multa
505 1716 643 1760 egregia
660 1714 808 1748 lumina.
860 1713 971 1758 Saepe
988 1714 1081 1747 enim
1100 1713 1216 1746 incur-

226 1776 311 1804 runt
327 1768 468 1812 negotia
486 1768 523 1800 in
542 1768 638 1800 locos
657 1764 762 1799 huius
781 1763 877 1798 artis.

653 1833 685 1868 N
697 1846 716 1866 o
727 1845 751 1866 n
761 1845 793 1867 a.

329 1896 424 1930 Utile
442 1900 493 1928 est
509 1894 718 1933 observare,
756 1904 845 1937 quae
865 1891 1012 1924 notitiae
1032 1891 1216 1925 nobiscum

227 1954 436 1986 nascantur,
475 1952 535 1985 ut,
566 1956 819 1982 numerorum,
854 1954 1125 1983 mensurarum,
1161 1954 1217 1975 or-

228 1999 340 2039 dinis,
376 1998 437 2032 sed
453 1997 564 2030 inulto
580 1994 858 2040 praestantiores
876 2000 958 2027 suut
974 1993 1122 2026 notitiae
1141 2006 1217 2026 mo-

227 2051 339 2089 rales,
367 2061 457 2094 quae
481 2053 684 2081 monstrant
707 2046 846 2084 Deum,
875 2051 909 2078 ct
930 2046 1122 2078 ostendunt
1147 2045 1216 2078 dis-

231 2102 364 2135 crimen
381 2098 615 2133 honestorum
635 2103 669 2130 et
689 2096 860 2141 turpium.

622 2172 816 2205 Decima.

331 2234 378 2268 Et
398 2232 527 2267 harum
548 2232 758 2265 notitiarum
785 2230 1021 2264 consideratio
1049 2231 1217 2264 admonet

232 2299 314 2326 nos,
358 2298 399 2318 ex
429 2290 561 2330 quanta
602 2283 773 2326 dignitate
810 2281 1006 2315 deciderint
1042 2279 1216 2317 homines.

233 2337 491 2370 Transsuderat
506 2335 601 2367 Deus
617 2334 808 2377 imaginem
825 2345 944 2373 suam,
972 2333 1005 2365 id
1029 2339 1096 2373 est,
1124 2334 1216 2367 noti-

233 2388 320 2421 tiam
338 2388 418 2427 Dei,
443 2392 477 2419 et
495 2386 685 2419 discrimen
702 2383 933 2418 honestorum
952 2390 985 2416 et
1004 2384 1160 2428 turpium
1180 2385 1217 2418 in

235 2445 368 2471 luentes
393 2436 587 2476 humanas,
613 2443 784 2481 tanquam
809 2435 844 2467 in
866 2435 1066 2479 speculum,
1097 2442 1131 2468 et
1151 2437 1216 2469 sul-

236 2490 359 2523 sissent
375 2487 441 2521 hae
458 2487 605 2520 notitiae
622 2488 734 2520 multo
750 2486 878 2519 clarius
889 2513 897 2525 ‚
927 2492 960 2519 et
975 2486 1137 2520 voluntas
1156 2488 1216 2520 ssa-

237 2546 369 2583 grasset
384 2550 504 2572 amore
520 2538 605 2578 Dei,
631 2545 665 2571 et
690 2538 854 2571 omnibus
879 2537 1067 2571 x‘irtutihus
1090 2545 1214 2571 ornata

236 2591 374 2630 suisset,
409 2589 438 2623 si
454 2595 581 2621 natura
597 2587 784 2622 hominum
798 2588 983 2622 mansisset
998 2588 1215 2634 incorrupta.

236 2642 340 2676 'Nunc
354 2652 439 2674 vero
454 2646 535 2673 sunt
550 2640 716 2672 obscurae
733 2639 897 2672 notitiae:
925 2646 1071 2672 manent
1086 2646 1216 2681 tamen,

239 2700 271 2726 et
288 2699 369 2726 sunt
387 2690 606 2729 testimonia,
634 2692 727 2735 quod
746 2691 789 2723 sit
806 2690 921 2730 Deus,
949 2692 1045 2735 quod
1067 2691 1112 2725 sit
1134 2704 1216 2736 pro-

236 2743 392 2777 x-itlentia
404 2769 413 2784 ,
439 2741 576 2776 etiamsi
593 2743 698 2774 corda
715 2754 789 2774 non
806 2742 1064 2785 obtemperant.

488 159 689 196 SCRIPTA
713 159 788 196 PH.
815 157 928 194 MEL.
953 156 1018 191 AD
1046 153 1254 191 ETHICEN
1280 155 1345 191 ET
1372 156 1627 193 POLITICEN
1655 154 1966 192 SPECTANTIA.

2173 157 2248 194 280

1625 242 1888 276 Undecima.

1365 301 1459 345 Ergo
1477 299 1563 334 haec
1580 301 1816 335 consideratio
1827 301 1912 346 legis
1923 307 2072 334 naturae
2085 301 2121 335 in
2131 309 2248 337 mente

1264 349 1420 385 hominis
1449 352 1592 386 evidens
1616 353 1859 386 testimonium
1886 359 1953 392 est,
1999 354 2094 398 quod
2128 360 2250 387 monet

1266 415 1337 436 esse
1361 403 1497 443 Deum,
1525 409 1559 436 et
1581 415 1653 436 esse
1679 403 1953 447 providentiam.
2023 404 2142 448 Quare
2167 416 2250 438 con-

1265 454 1382 487 firmat
1396 454 1472 498 pias
1489 453 1675 498 opiniones
1690 454 1725 486 in
1739 452 1805 494 his,
1824 455 1986 499 quirecte
1998 454 2149 489 instituti
2158 462 2250 490 sunt.

1614 521 1905 556 Duodecimn.

1366 581 1418 614 Eo
1445 580 1550 613 etiam
1576 580 1781 614 testificatur
1803 581 1845 613 (10.
1871 581 2031 614 doctrina
2058 582 2251 626 religionis,

1267 633 1348 678 qnia
1376 628 1600 676 philosophia
1619 631 1738 664 'cernit
1768 631 2009 665 infirmitatem
2035 633 2071 665 in
2095 631 2251 667 hominis

1266 690 1415 723 natura,
1451 690 1483 715 et
1506 683 1635 715 fatetur
1659 694 1693 715 se
1725 695 1865 716 causam
1897 689 2016 715 tantae
2041 684 2251 718 calamitatis

1267 747 1340 767 non
1365 735 1497 766 ridere.
1570 732 1651 766 Ideo
1676 746 1754 766 cum
1782 733 1900 766 divina
1924 733 2084 767 doctrina
2110 746 2260 768 causam-

1268 785 1438 825 ostendit,
1467 791 1499 817 et
1518 784 1621 817 offert
1643 784 1819 825 remedia,
1847 786 2110 829 agnoscendum
2131 791 2182 820 est
2196 798 2253 820 su-

1268 837 1386 882 perius
1403 835 1583 870 doctrinae
1600 848 1720 879 genus.

1577 904 1758 937 Decima
1789 904 1937 939 tertia.

1369 965 1448 999 Una
1468 970 1518 997 est
1533 976 1616 996 vera
1638 961 1884 1008 philosophia,
1913 976 2003 1009 quae
2026 965 2119 998 intra
2142 972 2252 1000 metas

1269 1015 1611 1050 demonstrationum
1631 1021 1810 1054 versatur,
1842 1028 1906 1048 nec
1922 1015 2012 1048 ludit
2027 1014 2254 1060 sophismati-

1267 1069 1343 1102 bus.
1403 1067 1454 1100 Ac
1475 1066 1699 1105 Aristoteles,
1735 1078 1814 1099 cum
1848 1067 1892 1099 sit
1926 1079 2049 1099 amans
2080 1065 2253 1109 methodi,

1270 1120 1436 1163 pleraque
1469 1116 1598 1149 rectius
1624 1116 1710 1149 dicit
1742 1129 1847 1162 quam
1880 1118 2008 1150 caeteri
2036 1115 2253 1163 philosophi.

1270 1170 1400 1213 Magna
1426 1173 1477 1202 est
1506 1173 1623 1199 autem
1655 1167 1788 1200 utilitas
1820 1168 1959 1208 videre,
1993 1168 2054 1201 ubi
2089 1170 2254 1203 deerrent

1269 1227 1392 1255 sectae.
1457 1218 1551 1250 Haec
1569 1218 1710 1250 collatio
1729 1219 1840 1262 magis
1858 1219 2008 1252 illustrat
2023 1220 2134 1264 legem
2151 1227 2254 1254 natu-

1268 1284 1328 1305 rae
1341 1298 1350 1311 ‚
1377 1276 1410 1303 et
1426 1268 1553 1301 clarius
1570 1268 1723 1302 ostendit
1739 1270 1884 1303 morbos
1904 1268 2092 1306 humanos.
2144 1271 2254 1305 Deni-

1270 1335 1337 1368 que
1357 1319 1544 1366 Cyclopiea
1569 1319 1742 1353 stoliditas
1761 1326 1795 1352 et
1817 1322 2020 1364 arrogantia
2039 1329 2107 1362 est,
2136 1335 2253 1367 asper-

1270 1373 1349 1407 nari
1365 1371 1563 1405 doctrinam
1579 1369 1689 1410 hanc,
1717 1382 1807 1415 quae
1830 1371 1947 1415 legum
1972 1379 2006 1405 et
2022 1370 2254 1408 historiarum

1270 1427 1391 1459 lumen
1407 1429 1477 1462 est,
1505 1434 1544 1454 ac
1561 1421 1885 1465 splendidissimum
1908 1430 2158 1458 ornamentum
2183 1426 2254 1459 elo-

1271 1475 1448 1523 quentiae,
1462 1479 1495 1506 et
1510 1473 1630 1517 regula
1644 1472 1880 1516 pluriinarum
1891 1474 2070 1510 actionum
2083 1475 2119 1508 in
2129 1476 2200 1509 vita
2210 1476 2253 1523 ¹).

1354 1574 1408 1597 Pro
1426 1573 1476 1596 hac
1495 1573 1549 1596 intr
1635 1573 1640 1578 '
1690 1592 1694 1595 ,
1757 1573 1762 1577 ”
1792 1591 1798 1597 .
1838 1573 1848 1580 ’
1952 1575 1963 1581 ”
2094 1575 2104 1582 '
2129 1576 2140 1581 ''

1306 1574 1421 1632 naham
1433 1573 1829 1637 contiueiiltiilliii‘ig'iiiiiliitciiiitali
1835 1573 2009 1632 ῗιῗῑῇίίᾶῑιίἷῗιῖ
2018 1575 2254 1634 οἳ11111ἕὲἵ1τ111ῗέ1ᾗθ

1337 1644 1388 1666 has
1408 1644 1514 1669 autem,
1535 1643 1594 1664 sine
1613 1643 1670 1665 ulla
1689 1642 1881 1671 inscriptione,
1901 1644 1985 1666 multo
2006 1643 2115 1667 brevius
2135 1628 2252 1674 exponiti

1338 1677 1441 1700 Deinde
1466 1682 1550 1706 pauca
1575 1676 1607 1699 de
1632 1677 1718 1699 variis
1743 1677 1963 1705 philosophorum
1990 1678 2074 1701 sectis
2099 1681 2251 1706 monentur.

1339 1711 1405 1735 Tum
1425 1713 1576 1740 sequuntur
1594 1711 1660 1733 haec
1679 1711 1730 1734 duo
1750 1711 1854 1740 capita:

1420 1754 1467 1777 De
1486 1753 1693 1776 discrimine
1713 1753 1946 1777 Christianae
1965 1754 2166 1787 doctrinae,

1637 1790 1670 1810 et
1689 1787 1954 1817 Philosophiae.

1409 1830 1460 1859 Qui
1484 1830 1547 1853 nihil
1573 1829 1644 1853 inter
1669 1829 1868 1859 Philosophiam
1893 1831 1920 1853 et
1946 1830 2126 1856 Christianam
2151 1832 2255 1857 doctri-

1337 1870 1400 1890 nam
1423 1865 1559 1887 interesse
1579 1864 1752 1894 existimant,
1772 1865 1799 1887 et
1818 1864 1887 1887 idem
1905 1865 2044 1889 doetrinae
2058 1872 2144 1893 genus
2158 1867 2253 1892 Philo-

1339 1899 1460 1929 sophiam
1479 1904 1510 1921 ac
1529 1898 1678 1921 doctrinam
1698 1898 1844 1927 Ezangelii
1863 1905 1923 1922 esse
1942 1894 2090 1929 putantsii
2109 1901 2135 1924 111
2154 1907 2253 1929 mazno

1338 1939 1435 1957 errore
1463 1936 1627 1957 versantur.
1666 1935 1691 1955 et
1724 1934 1814 1955 tamen
1849 1933 1909 1956 111110
1940 1933 2060 1962 opinioni
2084 1930 2252 1964 applaudunt

1338 1968 1415 1991 11111111
1434 1967 1541 1995 magni.
1560 1969 1589 1989 ut
1609 1967 1737 1989 videntur
1755 1966 1887 1990 homiues.
1918 1969 1986 1990 sunt
2005 1968 2051 1991 alii
2070 1969 2176 1999 quidam
2194 1970 2252 1994 iili-

1338 2002 1435 2027 101011,
1468 2001 1512 2030 qui
1533 2001 1718 2024 vociferantur
1737 2003 1881 2030 praet-epta
1901 2001 2085 2030 philosophica
2108 2010 2167 2027 cum
2191 2005 2251 2034 pie-

1338 2038 1395 2059 tate
1416 2041 1553 2066 pngnare.
1587 2041 1670 2064 eaque
1695 2035 1855 2064 simpliciter
1879 2035 2022 2060 damnant:

1338 2070 1463 2094 inscitiae
1481 2075 1514 2093 ac
1533 2070 1665 2092 stultitiae
1685 2075 1751 2092 suae
1777 2069 1936 2098 religionem
1963 2072 2140 2103 praetexunt,
2169 2072 2251 2102 plano

1340 2107 1419 2127 sunt.
1439 2107 1467 2127 111
1488 2104 1528 2126 est
1549 2104 1572 2126 in
1589 2103 1748 2132 proverbio.
1768 2101 1825 2125 ὄνοι
1844 2101 1957 2134 ἄγοντες
1974 2102 2117 2135 μυστήρια.
2157 2107 2250 2135 Quan-

1338 2146 1416 2169 quam
1435 2139 1524 2161 autem
1544 2138 1606 2167 quid
1631 2137 1799 2160 sentiendum
1825 2138 1862 2160 sit
1886 2139 1918 2161 de
1943 2138 1983 2161 his
2008 2139 2105 2162 studiis
2128 2140 2251 2169 philoso-

1336 2173 1438 2203 phicis,
1457 2178 1540 2202 saepe
1557 2172 1626 2194 alias
1646 2172 1776 2194 diximus:
1802 2174 1891 2195 tamen
1904 2172 2029 2201 quoniam
2040 2173 2083 2196 hic
2096 2174 2172 2197 locus
2186 2180 2251 2204 pro-

1339 2208 1397 2237 prie
1417 2207 1442 2229 id
1460 2206 1568 2237 poscit,
1599 2206 1718 2229 breviter
1743 2207 1770 2229 et
1795 2206 1836 2229 hie
1855 2207 2019 2230 seutentiam
2037 2209 2158 2231 nostram
2177 2208 2250 2233 reci-

1338 2242 1466 2265 tahiuius.

1403 2275 1575 2304 Philosophia
1595 2274 1658 2297 nihil
1677 2274 1761 2297 tradit
1777 2274 1809 2297 de
1826 2275 1967 2297 voluntate
1980 2274 2046 2300 Dei,
2066 2275 2129 2298 nihil
2151 2276 2184 2300 de
2201 2283 2248 2300 re-

1337 2310 1468 2333 missione
1494 2314 1681 2339 pet-catorum,
1714 2309 1779 2331 nihil
1805 2309 1837 2331 de
1862 2309 1975 2337 timore,
2003 2309 2036 2331 (le
2061 2309 2158 2334 fiducia
2182 2317 2250 2339 erga

1337 2345 1429 2367 Deum.
1471 2345 1584 2367 Tantum
1603 2345 1680 2366 docet
1699 2345 1844 2372 praecepta
1862 2343 1894 2365 de
1913 2345 2025 2365 externa.
2044 2347 2070 2366 et
2089 2344 2163 2367 civili
2181 2340 2249 2369 coii-

1338 2378 1482 2402 suetudine
1503 2378 1592 2408 vitae,
1613 2378 1682 2400 sicut
1702 2377 1823 2406 publicae
1836 2377 1910 2405 leges
1925 2377 2072 2400 civitatum.
2107 2379 2143 2401 At
2154 2379 2249 2403 Evan-

1337 2414 1436 2442 getium
1465 2412 1573 2441 exponit
1596 2413 1672 2435 nohis
1695 2411 1862 2434 voluntatem
1888 2410 1952 2436 Dei,
1989 2412 2103 2435 remittit
2127 2415 2248 2445 peccata,

1338 2447 1479 2477 pollicetur
1499 2447 1628 2475 Spiritum
1646 2447 1782 2471 sant-uun,
1803 2445 1846 2474 qui
1865 2444 1947 2467 corda
1966 2444 2069 2474 piorum
2087 2448 2249 2478 sanctificat,

1337 2484 1363 2503 01
1383 2481 1466 2504 vitam
1484 2484 1625 2504 aeternam
1643 2480 1730 2503 affert.
1766 2480 1874 2502 Interea
1893 2479 1961 2501 foris
1979 2480 2044 2502 sinit
2063 2486 2113 2504 nos
2132 2482 2170 2505 uti
2188 2487 2247 2506 1110-

1336 2516 1412 2539 rihus
1429 2515 1567 2539 civilibus.
1595 2515 1756 2542 5100101110,
1780 2515 1857 2542 potu,
1884 2513 1984 2536 vestitu
2009 2514 2117 2538 utimur.
2164 2517 2200 2540 Et
2217 2517 2249 2540 ut

1336 2551 1425 2575 0111115,
1457 2552 1550 2579 potus.
1584 2549 1716 2575 vestitus,

1338 2585 1475 2614 pertinent
1494 2584 1527 2606 ad
1547 2584 1607 2607 111101
1627 2583 1770 2606 iustitiam:
1790 2582 1827 2604 ita
1846 2588 1936 2604 mores
1953 2582 2050 2605 civiles
2069 2589 2122 2607 nou
2138 2584 2248 2613 pariunt

1337 2619 1427 2642 cordis
1445 2618 1582 2642 iustitiam.
1618 2617 1736 2640 Proinde
1755 2617 1812 2639 toto
1831 2616 1907 2639 cocio
1927 2618 2036 2643 errant,
2056 2618 2099 2646 qui
2118 2619 2184 2642 nihil
2203 2618 2247 2642 in-

1338 2655 1380 2676 ter
1400 2653 1599 2681 Philosophiam
1620 2653 1647 2674 et
1664 2651 1844 2677 lix-angelium
1866 2651 2000 2674 iuteresse
2018 2651 2143 2675 iudicant.
2179 2652 2248 2677 Nam

1336 2687 1510 2716 Philosophia
1527 2688 1585 2709 tota
1605 2685 1671 2708 nihil
1690 2686 1827 2710 eontinet.
1848 2684 1900 2707 nisi
1918 2688 2062 2714 praecepta
2082 2686 2114 2709 de
2133 2688 2249 2711 externa

1337 2721 1459 2748 111-110110,
1480 2726 1546 2751 qua,
1567 2722 1597 2743 ut
1615 2720 1653 2742 ita
1671 2719 1754 2743 dicam
1766 2736 1772 2746 ,
1792 2721 1919 2748 tanquam
1939 2719 1964 2742 in
1979 2725 2075 2743 scena.
2094 2720 2121 2743 in
2140 2721 2189 2745 hac
2206 2721 2248 2745 ci-

1336 2755 1386 2780 vili
1409 2755 1540 2780 societate
1564 2753 1701 2781 11011111111111
1724 2753 1852 2778 utendum
1875 2754 1926 2778 est.
1970 2754 2151 2785 Evangelium
2179 2760 2246 2780 vero

2054 2037 2099 2066 qui
2127 2038 2252 2068 quoniam
2295 2050 2300 2056 Α
2330 2030 2335 2035 ”

1751 2554 1796 2571 res
1821 2548 1979 2576 corporales
1996 2550 2075 2576 sunt,
2106 2555 2175 2579 quae
2193 2555 2247 2574 non
2294 2558 2300 2565 ·
