2347 3000
223 118 318 156 1215

215 203 411 244 ἀποδίωξις
435 209 486 238 cst
509 200 702 247 superioris
731 199 820 238 loci,
861 198 911 232 Er
936 197 1056 243 begibt
1080 194 1154 232 sich
1179 196 1215 229 iu

220 258 335 302 gnade
363 256 437 290 und
455 255 633 298 ungnade.

324 322 354 368 §-
372 323 433 358 30.
463 322 604 365 Ccmsccs]
628 319 789 353 Breviter
807 317 935 362 repetit
953 315 1216 361 purgationem,

221 376 323 423 quasi
346 375 456 408 dicat:
501 372 596 415 Ergo
623 383 696 404 non
719 368 811 403 hanc
836 380 976 402 causam
1005 380 1092 411 ago,
1127 367 1217 401 sicut

222 428 328 463 alias;
370 427 430 460 sed
458 430 597 457 tantum
623 424 807 466 deprecor.
902 420 1011 463 ceree]
1044 418 1111 452 Ista
1136 423 1217 452 sunt

224 477 410 523 simplicia.
479 477 565 515 Dic,
591 471 640 522 te]
669 472 769 518 quasi
786 471 897 504 dicat:
926 470 1042 503 Habet
1059 469 1216 515 aliquam

227 528 489 564 excusationem
512 525 695 569 Ligarius,
738 524 798 557 sed
830 529 950 556 tamen
975 534 1039 565 ego
1064 521 1150 554 nolo
1177 532 1216 552 ea

225 581 297 620 uti,
330 580 389 612 sed
415 584 554 610 tantum
582 575 844 620 deprecatione.
930 573 1012 617 Dic]
1042 571 1145 618 quasi
1168 571 1220 604 di-

225 638 299 664 cat:
328 630 438 673 Finge
465 640 563 662 saue.
641 626 786 671 Quaere]
817 624 949 659 scilicet
974 624 1003 657 si
1037 636 1072 657 es
1103 623 1220 661 iudex,

226 693 377 728 quaere,
411 691 457 713 an
481 679 519 712 in
542 677 679 712 insidiis
701 677 808 711 suerit
830 682 953 709 contra
972 682 1017 708 te.
1099 674 1220 717 Taceo]

225 733 357 768 scilicet
372 743 446 764 non
461 731 543 764 volo
561 730 627 764 ista
653 735 813 762 excutere
825 754 835 767 ,
867 727 1005 759 tametsi
1020 725 1153 770 possim
1169 724 1221 757 uti

227 784 444 818 defensione.
548 781 710 825 [θρωπε]
744 779 838 823 Ergo
862 790 936 811 non
960 784 1011 811 cst
1033 777 1222 821 profectus,

227 843 267 870 ut
297 836 464 868 adversus
490 839 523 866 te
558 837 693 876 gereret
715 831 859 863 bellum.
920 829 1076 862 Subsunt
1099 825 1223 871 enthy-

228 893 395 920 memata.
463 883 596 918 Omnia
628 889 745 916 autem
776 881 981 914 mollissime
1005 878 1223 924 perstringit,

229 938 323 972 utin
339 948 442 970 causa
462 935 660 969 exulcerata
687 931 776 965 nihil
802 932 965 965 videatur
988 937 1127 975 petere,
1156 929 1225 963 nisi

230 987 526 1023 misericordiam.
643 984 807 1027 Relictus]
841 982 973 1016 scilicet
1007 980 1122 1015 adhuc
1156 992 1224 1024 pax

232 1047 326 1079 erat,
354 1051 432 1072 cum
453 1038 716 1081 relinqueretur
741 1035 776 1066 iu
803 1033 1000 1077 provincia.
1081 1034 1224 1075 Oppres-

230 1092 303 1135 sus]
331 1090 462 1123 scilicet
485 1093 625 1132 practer
649 1085 857 1130 opinionem
881 1083 1008 1116 incidit
1031 1083 1163 1115 bellum
1186 1082 1225 1114 il-

232 1134 296 1175 lud
312 1141 433 1179 civile,
460 1151 530 1184 quo
551 1137 741 1181 impeditus
755 1147 829 1168 non
849 1135 966 1179 potuit
989 1141 1070 1166 aute
1097 1133 1226 1166 tumul-

233 1201 308 1226 tum
327 1192 444 1225 redire
466 1190 502 1222 in
520 1188 691 1233 patriam,
728 1187 830 1232 quasi
854 1186 964 1219 dieat:
1000 1185 1140 1217 Bellum
1166 1196 1227 1217 an-

234 1243 380 1277 tevortit
404 1242 478 1275 eius
502 1240 670 1273 reditum.
758 1241 812 1272 Aa
832 1237 1022 1281 parentem]
1050 1236 1157 1268 Redit
1182 1236 1227 1268 ad

234 1294 533 1339 deprecationem.
600 1290 639 1323 ln
666 1288 766 1322 sactis
797 1288 1018 1333 disputatur,
1062 1299 1109 1319 an
1141 1286 1226 1332 quid

235 1358 338 1384 casu,
366 1357 410 1377 an
431 1344 514 1377 dolo
539 1343 671 1375 sactum
699 1340 754 1374 sit.
836 1342 877 1373 Ut
900 1339 1068 1383 iynoscccs]
1101 1337 1228 1372 Distri-

234 1397 347 1430 butio.
450 1397 492 1429 Si
516 1393 625 1437 nemo]
661 1391 821 1425 Primum
847 1396 1097 1433 argumentum
1122 1401 1140 1422 a
1164 1401 1227 1423 suo

236 1447 417 1492 exemplo:
447 1445 675 1490 Quamquam
694 1441 857 1485 Ligarius
873 1439 1019 1474 haberet
1035 1440 1229 1474 excusatio-

236 1512 316 1533 nem
329 1525 337 1537 ,
367 1498 463 1543 quod
478 1508 560 1529 casu
578 1494 702 1528 incidit
719 1494 754 1527 in
771 1494 805 1525 id
823 1493 955 1525 bellum
969 1519 977 1533 ,
1012 1498 1131 1524 tamen
1154 1503 1228 1524 non

237 1552 282 1584 ad
299 1549 473 1588 iudicem,
500 1548 562 1581 sed
587 1547 631 1579 ad
657 1551 841 1590 parentem
871 1556 950 1587 ago,
1007 1543 1095 1576 Peto
1122 1543 1230 1587 igitur

238 1601 392 1634 veniam.
478 1600 519 1633 Si
542 1597 697 1641 plurimi]
733 1595 832 1640 quasi
861 1595 970 1627 dicat:
1005 1594 1128 1628 Multis
1154 1594 1230 1627 aliis

238 1650 406 1697 ignovisti
424 1646 580 1688 etmihi,
608 1648 656 1680 ita
674 1653 712 1680 ut
728 1645 816 1680 mihi
837 1646 933 1679 locus
957 1645 1000 1679 sit
1027 1657 1092 1689 pro
1119 1645 1229 1677 altero

239 1701 465 1748 deprecandi.

345 1768 375 1814 ξ.
394 1769 454 1804 31.
476 1769 681 1812 Quamquam
700 1765 815 1811 neque]
834 1763 1042 1807 Occupatio.
1106 1765 1232 1804 Quam-

241 1822 357 1869 quam]
394 1818 659 1864 Sapientissima
693 1816 881 1849 correctio:
931 1815 1158 1859 Quamquam
1195 1821 1233 1847 tu

242 1874 372 1907 Caesar
389 1883 463 1904 non
478 1870 524 1904 sis
539 1868 686 1905 mulier,
721 1874 759 1900 ut
785 1866 961 1899 movearis
987 1863 1178 1910 lachrymis
1200 1872 1232 1898 ct

242 1923 525 1960 adulationibus,
556 1921 616 1953 sed
640 1919 684 1952 sis
708 1919 780 1958 vir,
814 1917 955 1963 quaeris
978 1929 1117 1955 causas,
1152 1929 1233 1960 pro-

242 1982 320 2020 pter
347 1986 434 2019 quas
459 1972 537 2018 quis
562 1971 688 2014 dignus
711 1970 773 2008 sit,
809 1975 847 2001 ut
871 1968 1088 2001 restituatur.
1148 1968 1233 2000 Cor-

242 2026 352 2060 rectio
370 2031 487 2058 autem
513 2028 653 2066 sumpta
682 2027 733 2054 est
758 2032 797 2052 ex
816 2020 893 2052 loco
911 2019 1110 2052 communi:
1140 2019 1231 2052 Vera

243 2076 435 2111 liberalitas
469 2086 543 2107 non
574 2072 720 2105 metitur
749 2071 904 2103 officium
925 2076 1045 2103 nostra
1069 2070 1233 2110 utilitate,

245 2129 304 2163 sed
329 2127 442 2167 illius,
478 2124 534 2158 cui
558 2125 637 2163 des,
682 2122 898 2155 necessitate.
968 2119 1074 2160 Item,
1113 2121 1140 2154 si
1164 2122 1234 2162 ille,

245 2181 307 2226 qui
325 2180 554 2223 deprecatur,
578 2172 687 2207 habet
704 2173 830 2206 iustam
852 2185 992 2205 causam
1017 2173 1235 2216 deprecatio-

245 2232 300 2265 nis
326 2241 428 2269 suae,
459 2234 498 2260 tu
522 2225 688 2259 moveris.
756 2223 987 2268 Syllogismus
1010 2221 1066 2255 hie
1093 2231 1161 2257 est:
1197 2223 1235 2257 In

246 2281 345 2316 omni
361 2279 532 2325 petitione
548 2283 683 2322 spectas
701 2287 820 2308 causas
839 2274 1062 2318 rogantiuni;
1090 2272 1127 2307 hi
1139 2302 1147 2315 ‚
1176 2276 1236 2321 qui

247 2335 503 2377 deprecantur,
538 2326 670 2361 habent
697 2326 804 2359 iustas
831 2338 972 2365 causas,
1008 2332 1041 2358 et
1066 2325 1129 2358 tibi
1154 2339 1236 2373 pto-

246 2386 397 2422 bantur,
429 2387 464 2414 et
486 2386 567 2414 sunt
592 2379 659 2412 tui:
697 2390 779 2421 ergo
805 2384 841 2410 tu
865 2377 969 2410 debes
993 2377 1130 2410 moveri
1155 2379 1237 2412 isto-

247 2448 327 2470 rum
347 2432 471 2467 causis.

354 2500 440 2544 Cap.
457 2497 514 2532 XI.
542 2495 573 2541 ἓ.
589 2498 648 2531 31.
682 2498 757 2531 Vidi
775 2491 882 2541 enim]
905 2494 1097 2539 Expolitio.
1162 2500 1238 2532 Vidi

249 2553 354 2596 enim]
382 2550 517 2584 Maior:
544 2547 585 2581 In
602 2548 833 2592 petitionibus
852 2547 945 2590 apud
965 2553 997 2578 te
1015 2547 1133 2580 valent
1158 2561 1239 2582 cau-

252 2616 309 2638 sae
328 2601 532 2646 rogantium
557 2597 745 2637 honestae,
781 2610 853 2630 non
876 2597 1083 2631 ambitiosae
1109 2612 1238 2643 preces.

254 2652 481 2695 Laborarent]
510 2650 546 2683 id
571 2657 638 2689 est,
672 2662 744 2682 non
769 2648 911 2692 respicis
937 2650 1140 2684 ambitiosas
1164 2664 1238 2695 pre-

256 2718 328 2743 ‹es‚
355 2704 415 2738 sed
437 2700 624 2740 honestas,
660 2701 766 2734 iustas
790 2706 822 2732 et
847 2712 958 2734 veras.
1039 2700 1241 2748 Labor-arei]

808 112 929 147 PHtL.
968 110 1079 147 MEL.
1112 108 1313 147 SCRIPTA
1346 109 1684 148 PHILOLOGICA.

2162 117 2258 151 1216

1267 197 1399 233 scilicet
1420 204 1458 232 tu
1484 210 1558 231 non
1574 198 1741 234 moveris.
1794 198 2055 248 Verecundeffl)
2079 200 2163 235 dicit
2187 201 2260 241 illa,

1268 262 1359 295 quae
1377 255 1517 294 poterat
1534 250 1649 283 dicere
1666 257 1789 283 contra
1807 251 2050 286 ambitionem.
2128 253 2260 298 Itaque]

1270 300 1470 334 Correctio:
1513 300 1570 333 Tu
1594 313 1667 333 non
1693 313 1729 336 es
1751 302 1853 343 talis,
1895 303 1956 348 qui
1986 315 2059 336 non
2090 302 2260 337 inservias

1270 352 1404 386 amicis.
1474 350 1597 384 Cicero
1626 349 1713 385 haec
1738 352 1824 386 dicit
1847 360 1994 399 propter
2017 367 2065 388 se.
2123 354 2259 387 Minor:

1270 402 1329 437 Isti
1346 414 1420 436 non
1436 401 1550 436 solum
1567 400 1699 436 habent
1715 401 1883 438 honestas
1898 417 2020 439 causas
2031 432 2040 446 ‚
2066 405 2127 438 sed
2153 405 2261 438 etiam

1270 460 1352 488 sunt
1369 453 1432 487 tui.
1511 455 1616 495 Quam
1632 459 1668 488 tu
1684 455 1770 498 ipse]
1796 455 1990 500 Repetitio.

1374 503 1405 548 ἓ.
1429 504 1489 538 33.
1530 506 1618 545 Quid
1646 506 1685 538 de
1715 505 1900 551 fratribus]
1940 504 2063 546 πάθος
2089 517 2152 540 seu
2186 517 2262 539 am·

1272 555 1458 600 plisicatio:
1502 555 1529 588 si
1560 556 1687 589 fratres
1714 557 1802 590 adeo
1831 557 1997 591 laborent
2026 570 2091 602 pro
2123 569 2184 598 eo,
2223 564 2262 591 ut

1273 607 1378 639 etiam
1408 606 1582 639 exulaturi
1617 606 1706 646 sint,
1753 607 1822 642 nisi
1856 609 2062 642 restituatur
2088 607 2263 653 Ligarius.

1273 660 1314 692 Si
1335 654 1506 704 fraterne]
1532 657 1633 703 quasi
1656 657 1767 692 dIcat:
1803 658 1943 693 Habent
1969 660 2096 693 iustam
2122 671 2263 694 causam

1274 708 1500 753 deprecandi.
1578 708 1716 742 Minor:
1768 710 1954 751 Secundo,
1997 711 2053 744 isti
2085 717 2167 744 sunt
2201 710 2266 744 tui.

1279 760 1409 803 Valeat]
1437 759 1507 791 Alii
1524 757 1659 804 Ligarii
1674 772 1748 793 non
1772 762 1916 795 suerunt
1940 763 1977 795 in
2000 761 2122 795 castris
2139 761 2266 796 Caesa-

1275 811 1334 845 ris.
1395 810 1589 855 l'ompeius
1615 812 1890 846 denuntiaverat
1915 813 1993 846 illos
2017 813 2081 846 sibi
2106 810 2264 847 hostium

1275 862 1353 895 loco
1371 861 1466 902 sore,
1495 862 1555 907 qui
1570 862 1802 907 quiescerent.
1856 865 1986 898 Caesar
2000 876 2121 898 rursus
2146 863 2267 903 edixit,

1276 926 1311 947 se
1327 913 1405 946 loco
1424 924 1569 946 suorum
1590 912 1794 947 habiturum
1813 927 1884 950 esse
1909 928 1988 954 eos,
2025 915 2084 961 qui
2111 915 2265 960 quiesce-

1276 970 1366 998 rent.
1425 962 1510 996 lnde
1535 964 1649 998 obiter
1675 966 1909 1000 ratiocinatur
1934 967 2076 1006 Cicero,
2104 965 2266 1010 Ligarios

1278 1028 1350 1049 esse
1380 1014 1624 1049 Caesarianos.
1723 1019 1832 1062 Atque
1858 1018 1926 1062 his]
1959 1017 2051 1050 Vere
2083 1024 2165 1050 sunt
2198 1017 2266 1051 tui:

1279 1078 1382 1110 ergO,
1418 1065 1447 1099 si
1477 1065 1706 1111 Pompeianis
1735 1067 1868 1101 suerint
1899 1067 2001 1107 odio,
2045 1068 2109 1101 tibi
2141 1069 2269 1101 debent

1279 1115 1460 1150 chariores
1477 1129 1561 1151 esse.
1615 1117 1738 1151 Cicero
1757 1130 1797 1152 ex
1812 1119 1871 1152 illa
1892 1119 2081 1152 collatione
2100 1119 2202 1159 facit,
2230 1126 2269 1152 ut

1280 1168 1411 1202 Caesar
1433 1168 1544 1212 magis
1567 1180 1626 1203 eos
1652 1169 1829 1214 respiciat.
1919 1173 1960 1204 [Ἰ
1983 1170 2268 1216 quemadmodum]

1280 1220 1401 1258 idest,
1430 1231 1501 1252 non
1520 1220 1633 1253 solum
1654 1227 1732 1254 tuos
1751 1233 1843 1261 esse,
1877 1221 1938 1266 qui
1961 1228 2076 1254 tecum
2102 1221 2138 1254 in
2162 1221 2269 1254 arinis

1279 1271 1368 1310 sint,
1395 1271 1454 1304 scd
1474 1270 1580 1304 etiam
1597 1271 1658 1316 qui
1675 1272 1868 1317 quiescant.

1385 1321 1471 1366 Cap.
1487 1321 1560 1356 XII.
1596 1321 1626 1366 §-
1644 1322 1704 1358 34.
1739 1325 1831 1365 Quod
1855 1325 1885 1357 si
1908 1323 2060 1368 penitus]
2092 1321 2198 1355 Redit
2224 1323 2266 1355 ad

1280 1373 1475 1416 Ligarium.
1548 1375 1764 1419 Consensum]
1792 1373 1923 1408 scilicet
1958 1374 2039 1420 qnia
2061 1375 2150 1406 liene
2177 1373 2268 1406 inter

1282 1438 1340 1458 cos
1360 1424 1545 1464 convenit,
1572 1438 1647 1458 non
1670 1426 1810 1465 dubita,
1847 1425 1934 1470 quin
1959 1424 2118 1458 omnium
2146 1425 2269 1458 eadem

1281 1476 1403 1510 fuisset
1418 1475 1603 1510 sententia.
1683 1478 1767 1518 Qui,
1789 1479 1820 1510 εἰ
1836 1477 1988 1521 consilio]
2016 1473 2210 1520 παῤῥησία.

1387 1525 1416 1571 ἓ.
1441 1525 1501 1561 35.
1542 1529 1612 1562 Sed
1633 1529 1729 1572 ierit]
1766 1528 1954 1562 Concessio
1977 1539 2018 1560 ex
2041 1527 2192 1559 maiore:
2233 1526 2271 1560 Si

1283 1579 1443 1612 consulto
1464 1578 1584 1612 ivisset
1603 1579 1647 1611 ad
1663 1579 1895 1623 Pompeium,
1922 1579 2065 1612 deberes
2085 1584 2203 1611 tamen
2221 1577 2274 1610 illi

1284 1630 1481 1673 ignoscere,
1509 1630 1612 1674 quia,
1640 1630 1667 1664 si
1685 1629 1774 1663 mihi
1790 1630 1975 1674 ignovisti,
2003 1635 2137 1675 quanto
2158 1629 2270 1672 magis

1284 1681 1389 1714 debes
1405 1681 1584 1725 ignoscere
1604 1681 1653 1720 ei,
1682 1682 1743 1726 qui
1765 1693 1846 1714 casu
1872 1681 1996 1714 incidit
2019 1680 2054 1712 in
2079 1680 2114 1712 id
2138 1680 2270 1713 bellum

1284 1732 1396 1765 civile.
1470 1732 1646 1777 Equidem]
1662 1732 1715 1765 Ex
1731 1733 1859 1771 officio,
1888 1732 1983 1777 quod
2001 1731 2148 1764 debetur
2166 1743 2272 1776 quae-

1284 1782 1382 1816 stori.
1452 1782 1629 1827 Quaestor
1658 1795 1797 1827 semper
1831 1790 1880 1816 cst
1915 1782 2071 1826 praetori
2096 1782 2172 1815 loco
2196 1782 2271 1816 filii.

1285 1833 1458 1877 Pompeio
1487 1846 1560 1866 non
1584 1834 1683 1866 licuit
1707 1846 1870 1867 accusare
1890 1833 2152 1880 Albuciumffi),
2188 1833 2271 1878 quia

1285 1885 1405 1918 suisset
1422 1885 1494 1918 eius
1510 1885 1684 1929 praetoris
1699 1892 1877 1931 quaestor.
1930 1885 2052 1918 Cicero
2067 1890 2170 1918 vocat
2191 1884 2273 1917 reli-

1286 1936 1426 1980 gionem
1445 1936 1560 1969 sortis.
1615 1936 1738 1969 Cicero
1763 1937 1799 1969 in
1824 1936 2061 1969 divinatione:
2098 1936 2154 1970 Sic
2177 1936 2272 1969 enim

1287 2000 1304 2020 a
1337 1987 1532 2020 maioribus
1566 1988 1694 2021 nostris
1720 1989 1917 2032 accepimus
1940 1993 2140 2032 praetorem
2166 2000 2272 2032 quae-

1287 2039 1373 2072 stori
1393 2051 1456 2071 suo
1475 2039 1632 2082 parentis
1648 2039 1725 2072 loco
1744 2051 1815 2073 esse
1841 2046 2025 2083 oportere,
2053 2039 2186 2072 nullam
2211 2050 2273 2071 ne-

1288 2102 1355 2134 que
1375 2090 1555 2122 iustiorem
1575 2102 1689 2134 neque
1707 2091 1906 2133 graviorem
1924 2102 2063 2123 causam
2086 2089 2274 2123 necessitu-

1288 2140 1379 2174 dinis
1397 2153 1497 2184 posse
1514 2141 1681 2184 reperiri,
1718 2154 1823 2187 quam
1847 2141 2132 2174 coniunctionem
2157 2141 2273 2176 sortis.

1289 2204 1395 2237 quam
1421 2192 1646 2236 proxinciae,
1679 2206 1784 2238 qnam
1811 2192 1935 2231 offleii,
1969 2205 2074 2237 quam
2096 2192 2273 2236 publicam

1288 2243 1446 2277 muneriS
1465 2243 1681 2277 societatem.
1758 2246 1928 2278 Dlemoria
1950 2243 2059 2287 teneo]
2088 2244 2119 2275 A
2142 2243 2275 2277 meritis

1288 2293 1436 2338 Ligarii.
1523 2295 1699 2338 Quaestor]
1735 2296 1834 2340 quasi
1861 2295 1968 2327 dicat:
2004 2294 2084 2327 Fuit
2108 2301 2275 2339 quaestor

1289 2352 1386 2379 tuus:
1416 2357 1498 2389 ergo
1514 2346 1619 2379 debes
1636 2358 1706 2379 csse
1726 2346 1760 2378 in
1779 2347 1875 2379 illum
1897 2345 2113 2379 clementior.
2181 2347 2273 2380 Obli-

1290 2397 1385 2441 visci]
1410 2397 1618 2430 Transitum
1636 2397 1719 2429 facit
1734 2410 1751 2430 a
1771 2410 1833 2430 sua
1853 2407 2002 2442 persona
2020 2397 2063 2429 ad
2084 2395 2191 2430 illius:
2227 2396 2273 2430 Es

1291 2448 1473 2481 excellenti
1497 2447 1639 2487 animo,
1672 2455 1710 2481 ut
1740 2449 1828 2481 bene
1859 2447 2061 2481 memineris
2086 2445 2272 2481 hominum

1289 2499 1379 2532 bene
1397 2505 1458 2532 aut
1472 2511 1569 2533 secus
1586 2500 1689 2533 facta.

1326 2609 1374 2636 81)
1395 2609 1571 2637 Verecunde]
1591 2608 1639 2632 Ed.
1662 2608 1735 2632 1568.
1756 2613 1850 2631 errore
1868 2609 1994 2638 typozra
2021 2607 2208 2632 Verecundae.

1327 2650 1376 2678 82)
1396 2650 1424 2673 Τ.
1445 2650 1573 2673 Albucius
1595 2652 1757 2680 propraetor
1776 2650 1918 2673 sardiniae
1939 2656 1962 2673 a.
1984 2656 2009 2672 u.
2028 2656 2050 2674 c.
2065 2650 2141 2673 649..
2159 2655 2174 2673 a
2189 2650 2218 2675 C.
2231 2650 2276 2674 Iu·

1363 2685 1398 2707 1Ᾱο
1419 2684 1539 2707 Caesare
1559 2686 1693 2707 Strabone
1714 2685 1923 2713 repetundarum
1949 2685 2102 2713 postulatos
2129 2687 2186 2707 est:
2222 2686 2274 2708 vid.

1366 2719 1462 2742 urenti
1482 2722 1507 2742 et
1526 2719 1627 2742 Baiter-i
1647 2720 1785 2742 onomast.
1805 2719 1919 2742 Tulliam.
1941 2718 1968 2742 Ρ,
1983 2718 2016 2742 n.
2036 2725 2058 2747 p.
2073 2718 2114 2742 27.
