2347 3000
198 111 291 145 1191

610 197 681 231 Aut
708 195 768 231 sir.

300 262 336 297 Si
356 274 429 296 non
446 270 526 297 ante
543 264 690 297 fundum
707 262 925 302 dimicasset,
952 265 1010 298 sed
1026 270 1064 297 ut
1081 262 1187 296 inter-

201 315 286 347 dum
305 314 364 348 alii
384 327 424 348 ex
441 314 660 359 possessione
677 314 900 348 adversarios
918 314 1093 359 ingressos
1118 314 1188 348 iam

201 366 296 398 intra
315 367 417 400 aedes
436 373 495 399 aut
510 366 636 400 fundos
660 367 869 405 extrudunt,
902 363 997 399 hunc
1021 366 1189 400 usitatum

202 429 340 450 morem
363 417 390 451 si
416 423 553 451 secutus
573 422 680 457 esset,
709 417 830 451 suisset
852 416 888 450 in
913 417 1115 451 dimicando
1139 417 1191 450 in—

203 467 332 501 ferior:
359 468 407 502 sic
423 474 542 512 sperat
560 474 594 501 et
610 480 703 501 nunc
720 468 755 501 in
782 468 912 502 iudicio
935 469 1071 503 facilius
1097 467 1192 502 eludi

206 519 462 553 adversarium.
514 518 647 553 Verum
666 517 752 553 mihi
769 521 887 566 aliqua
909 533 949 554 ex
969 527 1069 566 parte
1087 520 1194 565 prod-

208 576 259 603 est
284 568 369 602 baec
398 569 506 614 ipsius
537 570 771 615 impudentia.
825 571 918 616 Quia
943 572 1037 605 enim
1064 572 1194 605 sactum

208 622 394 654 confitetur
412 621 504 666 ipse,
528 634 603 656 non
627 628 731 656 erunt
754 623 935 657 metuendi
958 629 1060 657 testes
1086 623 1129 656 ab
1154 634 1195 655 eo

209 672 384 708 instructi.

555 757 634 791 Alia
661 757 848 792 sententia.

314 824 438 871 Neque
466 831 585 859 tamen
615 824 705 859 nibil
736 825 874 860 consilii
900 823 1042 866 habuit,
1079 836 1140 858 cur
1165 835 1201 858 se

213 888 285 910 non
310 877 394 910 facti
418 877 650 918 infitiatione,
689 879 749 911 sed
776 878 1000 911 cavillatione
1023 875 1203 910 interdicti

213 929 401 961 defendere
421 935 566 962 conatus
579 929 640 967 sit;
666 929 925 962 dubitationem
942 929 1042 962 vobis
1060 928 1204 961 iniicere

216 979 340 1014 voluit.
393 979 483 1013 Nam
506 981 548 1012 de
567 981 657 1013 facto
675 980 869 1024 perspicuis
887 980 1100 1014 testimoniis
1123 990 1206 1012 con-

216 1030 309 1063 vinci
326 1042 360 1064 se
376 1044 476 1075 posse
493 1031 636 1065 sciebat.
687 1031 723 1064 Si
743 1044 825 1063 vero
843 1032 885 1064 de
900 1031 1078 1064 interdicti
1099 1030 1207 1062 inter-

216 1082 415 1126 pretatione
434 1082 648 1125 ‹lisputaret,
670 1082 813 1114 videbat
831 1080 936 1122 haec,
958 1088 996 1115 ut
1012 1087 1094 1115 sunt
1113 1080 1208 1113 flexi-

217 1133 301 1165 bilia
314 1159 324 1173 ,
351 1139 531 1166 certamen
549 1133 641 1166 inter
661 1132 793 1166 iudices
808 1134 965 1177 paritura
985 1145 1078 1173 esse,
1106 1138 1139 1165 et
1156 1132 1209 1164 fu-

220 1191 337 1223 turos,
365 1184 426 1229 qui
443 1184 699 1218 assentirentur
715 1184 919 1224 disserenti,
947 1196 1020 1217 non
1038 1184 1209 1216 violatum

221 1247 293 1268 esse
328 1234 575 1275 interdictum,
623 1236 681 1269 sed
718 1235 830 1268 rii-zain
866 1247 938 1269 esse
973 1235 1211 1268 commissam.

222 1285 346 1331 quue
367 1285 453 1319 inibi
470 1287 547 1331 plus
564 1286 697 1319 accedit
716 1287 852 1326 oneris,
887 1287 969 1332 quia
988 1299 1062 1319 non
1080 1286 1151 1318 iam
1169 1286 1211 1317 de

222 1337 364 1370 Aebutii
385 1338 527 1381 negotio
541 1364 548 1378 ,
577 1339 636 1371 sed
654 1338 696 1371 de
714 1338 807 1378 inre,
843 1344 877 1371 et
899 1337 1079 1371 interdicti
1101 1337 1137 1370 vi
1161 1336 1213 1369 di-

225 1389 374 1421 cendum
413 1396 474 1423 est.
544 1389 697 1422 Multum
731 1390 825 1422 enim
856 1389 988 1422 valebit
1019 1389 1212 1423 iudicatum

226 1439 390 1484 deinceps
408 1441 442 1473 in
460 1440 632 1474 similibus
649 1441 780 1481 causis,
806 1441 835 1474 si
852 1453 946 1474 nunc
967 1441 1145 1485 patiemur
1163 1440 1215 1472 in-

227 1490 365 1523 terdicti
392 1492 619 1525 autoritatem
646 1492 757 1531 eludi,
794 1494 889 1537 quod
916 1499 964 1526 est
991 1505 1112 1525 murus
1137 1504 1216 1536 pos-

227 1541 421 1575 sessionum
466 1550 499 1576 et
535 1544 665 1576 vallum
703 1545 869 1577 adversus
905 1544 1078 1577 violentos
1115 1544 1217 1576 cives.

229 1593 354 1626 Postea
372 1600 488 1637 spreta
501 1594 546 1639 ¹¹)
564 1594 738 1627 interdicti
757 1595 958 1633 autoritate,
987 1595 1091 1628 simili
1112 1596 1218 1627 modo

231 1644 289 1676 alii
309 1644 345 1676 in
370 1647 531 1678 fortunas
554 1652 587 1678 et
612 1657 762 1689 corpora
789 1646 965 1693 nostram)
993 1647 1144 1690 impetus
1171 1646 1219 1678 fa-

231 1694 334 1729 cient.

507 1776 752 1824 Reprehensio
780 1780 948 1815 iudicum.

337 1846 442 1891 Quod
466 1859 550 1879 vero
576 1844 746 1882 hactenus
770 1849 929 1881 nondum
953 1850 1223 1893 pronuntiastis,

238 1898 476 1932 contentionis
506 1896 610 1931 huius
645 1911 786 1932 causam
811 1900 916 1933 fuisse
942 1901 1115 1942 arbitror,
1152 1914 1224 1934 non

238 1951 280 1981 de
301 1949 376 1982 iure
400 1949 681 1989 dubitationem,
715 1951 774 1983 sed
800 1953 893 1996 quod
922 1952 1094 1986 ridebatis
1110 1953 1225 1987 Aebu-

239 2000 288 2034 tio
308 2002 543 2034 condemnato
563 2014 603 2033 ex
620 2001 808 2034 interdicto
827 2003 926 2035 Unde
946 2004 995 2043 xi,
1025 2011 1144 2048 postea
1163 2005 1226 2037 im-

239 2053 392 2095 pendere
425 2052 587 2093 graviora
616 2053 771 2095 pericula
795 2054 910 2086 famae
937 2061 970 2087 et
990 2056 1228 2095 sortunznuin,

241 2103 269 2136 si
287 2103 450 2147 deinceps
470 2110 694 2136 accusaretur
711 2105 751 2136 de
771 2104 815 2137 xi.
869 2105 990 2138 Solent
1015 2107 1105 2139 enim
1136 2120 1228 2140 nunc

242 2153 374 2188 iudices
408 2156 541 2187 tardius
575 2155 827 2198 pronuntiare,
862 2168 939 2189 cum
964 2159 1232 2191 condemnatio-

244 2217 325 2238 nem
349 2206 494 2238 infamia
522 2206 703 2250 sequitur,
743 2207 874 2240 scilicet
898 2208 1000 2248 sacti,
1037 2222 1109 2242 non
1136 2210 1232 2243 iuris.

246 2257 347 2301 Quae
367 2257 492 2290 lenitas
512 2257 573 2290 etsi
594 2263 643 2290 est
661 2257 809 2298 usitata,
845 2263 963 2291 tamen
979 2260 1112 2306 aliquid
1129 2259 1234 2294 babet

246 2308 477 2341 incommodi.
530 2307 659 2342 Iudicia
679 2309 772 2341 enim
791 2309 908 2342 omnia
929 2312 1117 2345 constituta
1142 2319 1235 2353 sunt,

249 2366 288 2392 ut
305 2365 366 2393 aut
388 2365 508 2392 nostra
532 2366 713 2394 teneamus
738 2367 798 2394 aut
821 2361 944 2404 poenis
966 2363 1233 2397 malefactorum

249 2410 433 2444 muniatur
453 2411 651 2445 communis
673 2412 928 2457 tranquillitas;
965 2426 1114 2460 cumque
1132 2416 1238 2448 celer-

251 2462 339 2495 rime
358 2463 612 2495 occurrendum
629 2463 672 2496 sit
687 2463 877 2496 violentiae
902 2463 938 2496 in
962 2465 1002 2498 iis
1026 2466 1156 2506 causis,
1184 2479 1238 2500 res

255 2512 326 2557 ipsa
344 2513 517 2556 postulat,
546 2513 645 2547 citius
663 2514 704 2546 de
720 2514 844 2558 poenis
865 2517 1112 2559 pronuntiari,
1140 2518 1239 2551 casti-

293 2631 337 2662 11)
358 2633 465 2661 sprota]
485 2631 522 2655 sis:
538 2632 619 2657 mitt.
638 2633 721 2660 1553..Υ
743 2633 833 2664 ¹554.;
853 2633 901 2659 Ed.
917 2635 990 2658 1568.
1005 2641 1101 2660 errore
1114 2638 1241 2668 typogr.:

323 2672 412 2696 spera.

292 2719 338 2747 12)
357 2719 468 2747 nostra]
487 2718 526 2742 sic
545 2717 592 2743 Ed.
606 2718 697 2749 15:2⁴4
717 2718 852 2746 Ed.1553.
871 2722 982 2753 castra3
1000 2721 1048 2747 Ed.
1063 2722 1139 2748 1568.
1159 2725 1244 2748 casta.

768 110 890 147 PHlL.
927 109 1039 146 MEL.
1076 107 1277 144 SCRIPTA
1311 108 1648 147 PHILOLOGICA.

1239 195 1314 239 gari
1340 202 1457 230 sontes
1490 204 1523 230 et
1553 198 1724 232 deterreri
1756 199 1951 244 improbos.

1241 247 1492 282 contrmersiis
1516 261 1617 282 mora
1643 250 1761 285 minus
1784 252 1899 285 adfert
1923 250 2082 296 periculi.

1242 301 1285 332 de
1313 298 1492 343 emptione
1516 300 1695 343 litigatur,
1727 315 1808 335 mox
1833 303 1999 337 dicuntur
2021 302 2232 340 sententiae;

1244 362 1323 383 cum
1346 350 1514 383 iudicium
1533 358 1583 384 est
1601 352 1643 384 de
1660 353 1742 386 dolo
1766 354 1880 394 malo,
1915 367 1970 388 res
1995 354 2055 387 diu
2081 351 2235 387 extrahi-

1245 409 1321 441 tur,
1358 413 1437 434 cum
1462 402 1642 447 expediret
1666 403 1932 449 improbitatem
1958 406 2027 439 cito
2054 404 2172 450 puniri
2202 410 2237 437 et

1245 451 1437 487 coherceri.

1247 555 1421 589 sententia
1445 555 1635 591 interdicti.

1250 606 1358 640 tentia
1376 606 1565 641 interdicti.

1252 760 1505 804 pronuntient,
1531 761 1701 806 quoniam
1718 761 1870 796 laeditur
1888 761 2114 797 existimatio.

1253 812 1414 845 iudicium
1444 810 1635 859 pertinere]
1669 812 1819 854 scilicet,
1862 814 1945 860 quia
1976 819 2098 859 postea
2128 816 2246 857 posset

1256 862 1411 896 accusari
1428 864 1471 895 de
1488 862 1535 897 vi.
1610 864 1616 866 ”

1257 914 1299 946 de
1322 914 1555 958 possessione.

2129 115 2227 151 1192

2018 198 2060 233 ln
2084 200 2229 235 caeteris

2141 251 2230 285 Cum

1350 504 1436 549 Cap.
1453 502 1495 538 ll.
1523 501 1553 548 ξ.
1571 503 1605 539 4.
1616 503 1672 552 ¹³).
1700 507 1753 540 De
1775 505 2004 555 improbitate]
2034 506 2068 540 id
2096 513 2165 545 est,
2194 506 2237 538 de

1721 559 1775 591 De
1799 556 1891 605 iure]
1925 558 1962 592 id
1986 564 2057 599 est,
2090 558 2132 591 de
2160 568 2239 591 sen-

1353 657 1383 702 §0
1402 656 1436 691 5.
1464 657 1809 707 Demonstratur¹⁴)]
1838 659 1969 694 scilicet
1986 660 2130 694 sactum.

1354 708 1384 753 ξ.
1396 709 1429 743 6,
1449 711 1653 756 Quamquam
1664 707 1740 756 eqo]
1758 710 2013 755 Reprehensio,
2030 711 2126 756 quod
2144 709 2244 743 tarde

2174 763 2245 795 Hoc

1587 863 1690 897 lNunc
1711 864 1804 897 enim
1830 871 1969 899 tantum
1991 863 2247 910 pronuntiatur

1614 914 1686 948 Nec
1709 917 1966 951 condemnatus
1990 929 2031 949 ex
2056 915 2245 949 interdicto

1261 965 1363 998 Unde
1386 965 1439 1004 vi,
1468 971 1518 998 est
1543 965 1684 998 infamis
1707 965 1851 1000 infamia
1878 967 1981 1005 iuris;
2015 966 2129 1001 sed·si
2152 976 2248 999 com—

1260 1016 1354 1050 misit
1381 1016 1623 1055 atrocitatem,
1659 1023 1778 1060 postea
1806 1019 1849 1050 de
1872 1019 1908 1050 vi
1937 1017 2094 1051 accusari
2121 1022 2249 1062 potest.

1260 1066 1305 1100 Et
1323 1068 1579 1100 condemnatus
1597 1068 1640 1099 de
1660 1067 1693 1098 vi
1712 1069 1848 1111 privata
1861 1095 1870 1109 ,
1898 1075 1975 1102 erat
1996 1067 2138 1102 infamis
2162 1067 2251 1100 infa-

1262 1118 1333 1150 mia
1363 1118 1467 1158 iuris,
1510 1124 1543 1151 et
1572 1118 1790 1152 multabatur
1811 1119 1914 1153 tertia
1938 1125 2039 1164 parte
2060 1119 2253 1153 bonorum.

1263 1168 1325 1202 vis
1356 1169 1495 1213 privata
1537 1181 1656 1202 rerum
1691 1170 1840 1214 deponit
1877 1172 1920 1204 de
1959 1170 2084 1204 ordine
2119 1181 2252 1203 rernm.

1265 1218 1494 1267 Querendum]
1522 1219 1641 1260 idest,
1669 1220 1943 1266 deplorandum.
2015 1218 2191 1268 Alterum]
2220 1219 2257 1252 id

1265 1278 1316 1305 est
1333 1271 1398 1318 ¹⁵),
1438 1271 1731 1316 persecutorium.
1840 1270 2093 1320 Disceptatore]
2129 1272 2165 1305 id
2192 1277 2256 1312 est,

1266 1322 1414 1357 arbitro.
1491 1320 1666 1370 Alterum]
1693 1323 1729 1356 id
1754 1330 1823 1365 est,
1858 1324 2022 1368 poenale.
2099 1325 2255 1358 Honora-

1267 1372 1375 1422 rz'am]
1402 1374 1438 1408 id
1462 1380 1530 1414 est,
1558 1374 1798 1410 arbitrariam.
1849 1375 1974 1409 Edicta
1996 1375 2173 1420 praetoris
2196 1385 2258 1406 vo-

1269 1432 1394 1459 cantur
1411 1426 1463 1459 ius
1480 1423 1729 1460 honorarium.

1374 1476 1459 1522 Cap.
1474 1476 1530 1510 lll.
1558 1475 1588 1521 §-
1605 1476 1639 1510 7.
1667 1478 1824 1512 Fiduciae
1840 1473 2026 1524 rationem]
2046 1474 2152 1510 Ratio
2171 1475 2260 1509 fidu·

1271 1528 1344 1561 ctae
1381 1536 1432 1562 est
1464 1534 1665 1563 contractus
1698 1527 1863 1562 tradendi
1896 1527 2031 1574 aliquid
2063 1528 2109 1562 ad
2143 1526 2262 1561 fideles

1273 1592 1409 1613 manus.

1378 1629 1408 1674 ξ.
1425 1630 1459 1664 8.
1491 1632 1602 1673 Turpe
1618 1626 1800 1675 iudicium]
1831 1628 1865 1662 id
1881 1635 1944 1669 est,
1972 1628 2116 1663 infame.

1273 1683 1386 1715 bonos
1406 1682 1493 1714 bene
1511 1681 1637 1725 agitur.

1276 1732 1423 1767 exordii.

2167 1626 2263 1661 Inter

1702 1683 1749 1714 At
1759 1680 1803 1726 16)
1817 1682 1849 1714 si
1864 1678 1957 1728 quis]
1978 1680 2163 1715 Postrema
2180 1690 2264 1725 pars

1550 1813 1718 1859 Sequitur
1745 1810 1996 1861 παράφρασις.

1380 1882 1487 1927 Quod
1505 1893 1589 1914 vero
1608 1880 1771 1921 obiicitis,
1801 1893 1858 1914 me
1875 1881 2030 1926 potuisse
2047 1881 2114 1915 alia
2132 1882 2268 1916 leniore

1279 1934 1417 1968 actione
1444 1933 1516 1973 uti,
1551 1932 1763 1966 iniuriarum
1787 1932 1967 1973 videlicet,
2003 1933 2058 1966 vel
2079 1933 2133 1966 rei
2154 1933 2269 1967 vindi-

1281 1987 1439 2024 catione,
1466 1983 1560 2018 scitis
1577 1984 1679 2017 nobis
1695 1984 1845 2018 liberum
1869 1996 1961 2024 esse,
1988 1990 2112 2018 nostro
2138 1984 2271 2019 iudicio

1282 2038 1456 2071 actionem
1487 2036 1635 2069 liberam
1667 2035 1806 2079 eligere.
1870 2035 2008 2069 Deinde
2034 2041 2156 2070 nostra
2179 2036 2273 2070 actio

1284 2096 1420 2122 tantum
1437 2089 1478 2121 de
1496 2087 1715 2132 possessione
1733 2086 1896 2127 dimicat,
1931 2099 2010 2120 cum
2037 2087 2274 2132 potuissemus

1285 2154 1387 2185 agere
1406 2140 1518 2173 multo
1539 2139 1681 2178 durius,
1710 2139 1751 2171 de
1769 2138 1804 2171 vi
1821 2138 1953 2172 scilicet
1971 2145 2108 2172 armata
2130 2145 2192 2173 aut
2206 2150 2272 2183 pu·

1284 2193 1386 2226 blica.
1440 2190 1558 2236 Quare
1575 2202 1648 2223 non
1665 2189 1778 2222 videri
1795 2195 1911 2234 potest
1926 2189 2077 2223 Caecina
2099 2190 2156 2224 vel
2170 2196 2273 2224 atrox

1287 2244 1342 2276 vel
1359 2254 1498 2277 summo
1519 2241 1594 2275 iure
1611 2242 1835 2275 contendere.
1896 2240 2138 2287 Quaecunque
2155 2247 2275 2275 autem

1286 2295 1352 2329 suit
1369 2306 1472 2328 causa
1491 2300 1625 2326 vestrae
1638 2292 1681 2339 ¹⁷)
1699 2291 1953 2332 cunctationis,
1981 2305 2044 2337 ego
2062 2292 2148 2326 iuris
2167 2304 2276 2339 quae-

1288 2347 1439 2381 stionem
1456 2346 1502 2378 ita
1528 2344 1729 2389 explicabo,
1764 2350 1803 2377 ut
1822 2343 2004 2388 perspicue
2028 2345 2211 2377 ostendam
2235 2355 2278 2378 ex

1291 2398 1476 2432 interdicto
1488 2395 1592 2429 Unde
1610 2395 1645 2428 vi
1658 2395 1850 2429 Aebutium
1866 2395 2177 2429 condemnandum
2193 2407 2278 2431 esse.

1328 2516 1374 2545 13)
1392 2515 1489 2546 Capita
1508 2517 1536 2539 et
1554 2515 1743 2546 paragraphos
1760 2513 1907 2538 secundum
1926 2513 1974 2539 Ed.
1995 2513 2082 2539 orell.
2099 2512 2246 2545 adscripsi.

1329 2559 1375 2585 14]
1394 2557 1636 2586 Demonstratur]
1655 2557 1696 2580 sic
1712 2555 1794 2580 Editt.
1811 2555 1896 2587 1553„
1917 2555 2004 2587 1554„
2023 2555 2115 2587 1568.;
2132 2555 2180 2581 Ed.
2193 2555 2280 2582 orell.

1360 2593 1582 2617 demonstretur.

1330 2636 1376 2664 15)
1394 2636 1421 2660 id
1440 2637 1498 2665 est]
1517 2635 1566 2660 Ed.
1583 2634 1657 2658 1568.
1677 2633 1788 2657 scilicet.

1331 2679 1378 2707 16)
1396 2678 1449 2708 At]
1468 2678 1509 2702 sic
1526 2677 1608 2702 Editt.
1627 2676 1713 2708 155³„
1734 2676 1822 2706 1554„
1843 2675 1916 2700 1568.
1937 2677 1964 2699 et
1982 2675 2035 2705 at.;
2055 2674 2103 2700 Ed.
2125 2674 2213 2700 orell.
2230 2675 2278 2702 Ac.

1333 2722 1379 2752 17)
1397 2723 1524 2752 vestrae]
1544 2721 1584 2746 sic
1604 2719 1792 2751 Editt.155³.‚
1812 2719 1887 2745 ¹554.
1896 2726 1906 2751 3
1932 2719 1981 2745 Ed.
1997 2718 2072 2745 1568.
2089 2720 2205 2745 nostrae
