2347 3000
115 108 188 144 905
343 108 433 146 VIII.

111 202 179 230 tur.
245 195 326 230 Non
351 196 444 229 enim
470 195 652 229 dissimulo
677 207 732 227 me
758 194 794 228 in
815 194 938 228 studiis
961 195 1093 227 littera—

110 260 188 280 rum
203 248 355 287 versari,
382 246 589 292 praesertim
609 259 687 279 cum
714 259 770 279 me
796 258 910 291 neque
933 259 950 278 a
976 246 1093 289 reipu-

110 298 219 331 blicae
230 299 295 343 ⁵⁷),
323 310 436 343 neque
455 298 499 331 ab
517 297 714 331 amicorum
730 298 880 339 negotiis
904 298 1091 329 abducant.

109 349 301 394 Nunquam
327 349 420 382 enim
444 361 499 381 ine
523 349 579 381 vel
605 350 790 381 commoda
818 361 915 388 mea,
950 349 1004 381 vel
1028 347 1091 380 otii

110 401 299 445 cupiditas,
335 400 388 432 vel
414 399 561 440 inertia,
590 400 644 432 vel
667 401 865 444 voluptates
892 405 1090 432 remoratae

109 452 260 497 sunt³⁸),
290 464 359 496 quo
385 451 501 484 minus
525 457 586 483 aut
609 451 843 495 reipublicae,
874 457 934 484 aut
957 449 1090 489 amicis,

109 501 303 535 necessario
332 502 491 545 ipsorum
522 509 701 546 tempore,
744 514 888 546 operam
919 500 1090 534 dederim.

108 553 227 597 Quare
255 553 399 585 concedi
426 551 511 585 milii
535 559 636 597 peto,
671 553 699 586 si
725 559 896 598 quantum
921 551 1090 595 temporis

109 604 167 636 alii
188 611 325 647 ponunt
342 605 377 636 111
403 605 496 643 alea,
533 604 569 636 in
592 604 836 649 com-iviis⁴“²’)‚
872 604 907 635 in
931 609 1091 647 spectan-

109 655 160 688 dis
178 655 340 700 indisffl),
366 662 502 688 tantum
522 668 584 699 ego
610 655 645 687 in
672 655 796 688 litteris
821 655 967 687 colloco.
1036 652 1091 685 Id-

110 719 178 750 que
210 719 285 738 eam
321 707 365 738 ob
398 718 537 738 causam
563 706 710 750 aequius
734 712 784 739 est
807 703 894 737 milii
922 703 1090 749 permitti,

108 757 189 802 quia
209 758 253 789 ad
270 757 356 790 alios
374 758 453 789 inde
471 769 543 788 non
563 757 684 799 exigua
702 756 833 789 utilitas
850 755 952 788 redit.
997 755 1090 787 Haec

109 808 201 840 euim
222 808 335 840 oratio
356 809 392 840 tit
410 807 552 840 uberior
574 820 614 839 ex
632 807 699 839 illis
717 806 859 845 studiis,
895 817 984 851 quae
1002 805 1091 838 mul-

109 866 225 891 torum
252 860 396 892 salutem
423 858 609 890 defendere
626 857 751 891 solent.
802 857 991 890 Praeterea
1018 868 1092 888 ma-

110 910 218 942 iorem
238 910 340 942 etiam
359 908 547 941 utilitatem
565 907 685 941 exiliis
702 908 827 941 litteris
843 908 957 952 capio.
1000 907 1092 941 Nam

109 961 298 993 autoritate
314 972 435 992 earum
458 965 676 999 commotus,
703 956 793 991 nihil
818 959 998 1004 antiquius
1023 958 1092 990 vir-

109 1017 180 1044 tute
199 1012 302 1044 duco,
354 1009 498 1044 Nullum
515 1022 579 1054 pro
598 1010 708 1043 salute
732 1010 946 1054 reipublicae
972 1009 1093 1043 discri-

108 1074 189 1094 men
207 1062 304 1094 adire
320 1061 536 1107 unquamffl)
557 1061 734 1101 dubitavi,
761 1073 825 1094 nec
850 1074 905 1094 me
931 1073 950 1094 a
975 1061 1093 1093 desen-

106 1113 204 1146 sione
237 1113 450 1157 reipublicae
483 1113 644 1155 voluptas
674 1124 852 1157 unquam,
890 1118 951 1145 aut
979 1118 1093 1144 metus

106 1165 197 1197 ullus
216 1163 373 1196 retraxit.
416 1163 528 1195 Video
544 1163 690 1195 enimin
706 1163 831 1196 litteris
847 1161 1092 1196 honestissima

109 1222 292 1260 praecepta
312 1214 516 1259 proposita,
544 1214 647 1246 video
666 1215 823 1258 exempla
850 1227 868 1246 a
894 1214 1006 1247 doctis
1029 1211 1093 1246 lio-

109 1266 262 1300 minibus
280 1267 447 1298 mandata
466 1265 660 1298 memoriae
680 1263 771 1298 lianc
794 1266 839 1298 ob
861 1278 1021 1305 causam,
1055 1271 1094 1297 ut

109 1330 148 1350 ea
167 1317 445 1361 exprimeremus
461 1323 567 1362 atque
586 1316 809 1350 imitaremur
832 1316 868 1348 in
894 1315 992 1349 onmi
1009 1315 1093 1348 vita.

110 1368 146 1401 ln
164 1380 254 1413 quae
270 1382 333 1412 ego
353 1368 511 1407 intuens,
538 1368 583 1399 ad
600 1367 767 1400 virtutem
785 1373 819 1400 et
840 1368 884 1400 ad
907 1368 1012 1400 decus
1038 1379 1094 1399 ex—

111 1420 301 1464 petendum
319 1419 462 1452 accendi
478 1431 534 1451 me
550 1418 676 1452 sentio.

207 1470 276 1504 Sed
294 1470 375 1516 quia
395 1469 466 1502 1-1111
483 1467 609 1502 harum
633 1467 763 1502 artium
786 1474 970 1512 tantopere
994 1479 1094 1511 prae-

109 1521 202 1554 dicas
215 1548 223 1561 ‚
252 1527 398 1566 quaeret
415 1520 542 1566 aliquis
560 1520 726 1559 fortasse,
751 1531 796 1551 an
810 1531 916 1552 nemo
935 1531 1093 1564 unquam

110 1572 318 1618 extiteritffi)
344 1572 399 1604 vir
424 1584 573 1615 magnus
596 1571 670 1604 sine
697 1570 881 1610 doctrina,
915 1582 994 1603 cum
1018 1569 1094 1614 qui-

108 1625 187 1656 dem
206 1623 242 1655 in
261 1621 325 1656 hac
344 1622 523 1666 republica
543 1628 695 1661 constet,
728 1621 802 1654 sine
820 1621 946 1654 litteris
964 1621 1094 1653 multos

106 1674 315 1708 fortissimos
334 1680 368 1706 et
394 1672 697 1706 moderatissimos
719 1671 833 1712 viros,
869 1678 903 1704 et
926 1671 1094 1716 peritissi-

107 1738 184 1759 mos
214 1725 428 1769 reipublicae
461 1725 634 1768 regendae
663 1722 793 1757 fnisse?
850 1721 925 1766 Ego
951 1735 1035 1755 vero
1047 1722 1093 1767 G¹)

105 1789 181 1810 non
203 1789 315 1820 nego,
355 1777 485 1809 multos
509 1782 658 1808 naturae
680 1774 870 1813 beneficio,
913 1786 953 1807 ac
981 1786 1093 1818 paene

106 1827 275 1861 divinitus
286 1854 294 1867 ‚
322 1827 367 1860 ad
384 1827 550 1860 virtutem
566 1828 695 1866 factos,
725 1825 800 1858 sine
816 1825 978 1858 doctrina
992 1837 1094 1868 prae-

106 1886 238 1916 stantes
254 1879 349 1912 viros
366 1878 533 1912 extitisse.
587 1877 716 1920 Magna
735 1876 828 1908 enim
852 1876 888 1908 in
913 1876 1011 1908 omni
1037 1888 1093 1919 ge-

107 1944 191 1966 nere
208 1937 356 1964 naturae
373 1929 446 1968 vis,
473 1930 560 1962 adeo
582 1934 620 1961 ut
644 1928 722 1972 plus
749 1928 793 1959 ad
818 1927 985 1960 virtutem
1012 1939 1094 1959 con-

107 1983 323 2029 sequendam
358 1980 465 2013 foelix
496 1986 623 2013 natura
659 1979 734 2012 sine
770 1978 931 2011 doctrina
966 1978 1094 2017 valeat,

108 2047 215 2081 quam
232 2034 305 2067 sola
326 2032 506 2071 doctrina,
533 2036 754 2075 repugnante
772 2029 914 2073 ingenio
932 2035 965 2061 et
982 2028 1092 2061 invita

106 2086 291 2124 Minerva,
331 2084 427 2128 qnod
451 2082 561 2116 aiunt.
632 2081 860 2126 Quamquam
885 2086 1003 2114 autem
1025 2077 1093 2112 hoc

107 2138 156 2171 ita
173 2137 237 2177 sit,
264 2142 383 2169 tamen
401 2134 488 2167 iilud
511 2133 617 2166 etiam
634 2132 812 2165 affirmare
839 2131 951 2165 ausim
964 2158 973 2172 ‚
1015 2143 1094 2175 per-

109 2190 235 2223 fectam
268 2185 479 2231 sapientiam
513 2197 553 2217 ac
574 2183 740 2217 virtutem
771 2183 819 2216 ita
852 2183 994 2215 demum
1024 2182 1094 2215 cxi-

108 2247 217 2280 stere,
245 2251 324 2272 cum
343 2238 387 2270 ad
405 2237 535 2270 bonam
553 2242 718 2268 naturam
743 2234 835 2268 ratio
861 2234 1093 2279 doctrinaque

144 2354 191 2386 57)
210 2352 386 2384 reipublicae]
405 2349 488 2374 Editt.
506 2349 578 2374 1539.
592 2349 639 2379 P.‚
660 2349 733 2373 1592.
753 2349 899 2379 republica.

145 2399 192 2426 58)
212 2396 364 2421 remoratae
384 2394 461 2422 sunt]
480 2393 528 2416 Ed.
548 2392 621 2416 1592.
642 2394 826 2416 removerunt.

144 2442 193 2470 59)
212 2439 356 2467 conviviis]
374 2438 422 2461 Ed.
439 2437 514 2460 1545.
534 2437 645 2466 typogr.
665 2441 776 2459 errore:
801 2434 915 2458 conviis.

144 2486 192 2511 60)
212 2481 367 2512 spectandis
384 2479 470 2507 ludis]
488 2479 537 2503 Ed.
554 2478 626 2502 1536.
641 2477 670 2502 P.
690 2477 846 2508 spectandis
864 2479 930 2506 (om.
952 2476 1094 2509 „ludis”);

178 2518 227 2542 Ed.
244 2516 317 2540 1539.
331 2515 360 2540 P.
379 2513 550 2544 spectaculis.

143 2562 192 2590 61)
213 2559 318 2588 solent]
336 2557 377 2581 sie
396 2558 471 2580 recte
488 2555 538 2580 Ed.
556 2555 648 2585 1592.;
679 2556 742 2579 cett.
761 2554 846 2578 Editt.
865 2559 960 2579 omnes
978 2554 1093 2580 liabent:

176 2596 259 2620 solet.

140 2638 190 2668 62)
209 2636 341 2667 unquam]
361 2634 410 2658 Ed.
426 2633 502 2658 1568.
520 2633 605 2658 male:
630 2632 748 2664 iuquam.

142 2682 191 2710 63)
209 2678 347 2707 extiterit]
366 2677 415 2700 Ed.
432 2676 506 2700 1553.
522 2676 634 2708 typogr.
654 2681 768 2701 errore:
794 2674 913 2700 extierit.

142 2725 191 2754 64)
208 2722 289 2752 vero]
312 2720 361 2746 Ed.
378 2719 453 2745 1568.
470 2723 546 2743 vere.

487 107 770 145 ENARRATIO
805 107 1064 143 OiiATioix'is
1099 103 1349 140 CiCEROMS
1388 105 1487 140 Plio
1520 105 1698 141 ARCHIA
1734 108 1906 144 POETA.

2062 111 2135 145 906

1146 191 1339 225 accesserit.
1397 192 1512 225 Sumit
1536 192 1630 226 enim
1657 193 1807 237 impetus
1831 196 1999 238 quosdam
2027 208 2044 227 a
2072 208 2130 227 na-

1145 248 1223 275 tura
1240 243 1369 283 virtus,
1397 256 1487 287 quae
1503 243 1627 278 litteris
1649 251 1682 277 et
1706 245 1921 291 do‹·ti·ina‘¹'³)
1951 247 2129 288 periicien·

1145 294 1187 325 da
1204 293 1249 338 66)
1283 300 1344 327 cst.
1412 294 1586 328 Viderunt
1622 302 1738 339 patres
1774 296 1886 329 nostri
1912 296 2130 333 Africanum,

1144 343 1302 377 Laelium
1321 350 1354 376 et
1372 344 1564 386 Catonem,
1592 347 1653 392 qui
1669 348 1880 380 acerrimum
1906 348 2059 380 studium
2086 350 2128 379 ad

1143 392 1205 428 lias
1225 401 1317 428 artes
1334 397 1570 431 contulerunt.
1621 398 1743 443 Neque
1763 411 1844 431 vero
1862 398 2053 431 existimari
2072 400 2129 429 de-

1142 446 1219 484 bet,
1250 446 1336 478 tales
1362 447 1457 480 viros
1480 447 1516 479 in
1542 454 1638 480 tanta
1666 449 1835 482 varietate
1857 449 2129 493 occupationum

1142 494 1228 529 llaec
1248 496 1362 529 studia
1381 497 1551 541 attingere
1577 500 1746 540 voluisse,
1781 501 1847 533 nisi
1875 501 2061 534 sensissent
2088 512 2127 531 ea

1143 559 1310 590 magnum
1327 555 1547 581 momentum
1560 548 1605 595 G⁷)
1625 552 1667 582 ad
1683 553 1866 584 colendam
1886 553 2050 584 xirtutcm
2071 552 2130 582 ad-

1142 599 1244 631 ferre.
1316 598 1385 631 Sed
1410 604 1448 630 nt
1473 600 1569 632 nulla
1595 601 1709 634 maior
1732 603 1864 636 utilitas
1890 603 1971 635 inde
1999 601 2132 646 percipi

1144 655 1261 693 posset
1273 647 1338 693 G⁸),
1374 656 1492 681 tamen
1519 654 1710 694 expetenda
1738 654 1903 686 videntur
1929 653 2131 686 delectatio-

1144 700 1198 733 nis
1215 712 1330 733 causa.
1388 700 1479 733 Nam
1498 701 1586 733 aliae
1606 703 1803 746 voluptates
1819 717 1891 737 non
1908 711 1987 738 sunt
2008 716 2131 748 perpe-

1144 757 1236 784 tuae.
1288 749 1389 795 Atffl)
1416 749 1500 784 haec
1524 752 1638 785 studia
1657 754 1832 787 delectant
1848 755 1884 788 in
1903 756 2000 788 omni
2019 761 2131 787 aetate

1145 807 1250 845 atque
1270 801 1425 835 fortuna.
1478 802 1653 836 Exercent
1670 806 1963 845 adolescentiam,
2000 804 2130 838 exhila-

1144 858 1225 884 rant
1240 857 1472 892 senectutem,
1501 856 1670 888 secundas
1692 868 1746 889 res
1771 864 1920 897 ornant,
1948 857 1984 889 in
2008 858 2131 889 adver-

1144 902 1189 936 sis
1212 903 1351 936 leniunt
1374 903 1484 936 animi
1507 917 1620 939 curas.
1684 906 1861 941 Hactenus
1887 909 1929 941 de
1961 920 2017 940 me
2049 907 2134 946 dixi,

1145 965 1206 987 cur
1223 951 1390 986 Archiam
1410 955 1552 998 plurimi
1572 957 1710 992 faciam.
1762 959 1843 992 Non
1861 959 1984 992 dubito
2005 964 2134 996 autem,

1146 1004 1233 1049 quin
1249 1011 1284 1038 et
1304 1017 1366 1038 vos
1395 1006 1425 1038 ei
1446 1013 1593 1050 propter
1619 1009 1703 1042 artis
1729 1010 1939 1043 suavitatem
1964 1011 2053 1043 bene
2077 1021 2133 1041 cu-

1145 1055 1260 1099 piatis.
1330 1055 1379 1088 Ut
1405 1057 1499 1089 enim
1522 1057 1691 1092 Roscium
1704 1059 1749 1106 ⁷⁰)
1779 1074 1901 1095 omnes
1933 1061 2133 1094 admiraba-

1146 1119 1247 1146 mur,
1275 1118 1314 1139 ac
1330 1107 1560 1151 diligebamus
1588 1117 1732 1154 propter
1756 1119 1998 1152 venustatem,
2026 1123 2133 1156 quam

1146 1157 1183 1189 in
1207 1157 1366 1201 corporis
1392 1165 1492 1192 motu
1518 1158 1726 1195 adhibebat:
1769 1163 1816 1196 ita
1847 1163 1884 1196 in
1913 1162 1980 1196 hoc
2002 1162 2135 1205 ingenii

1146 1208 1304 1242 celeritas
1320 1209 1480 1242 favorem
1501 1218 1668 1246 meretur.
1721 1214 1832 1258 Saepe
1858 1215 1950 1247 enim
1978 1214 2051 1246 vidi
2071 1213 2138 1246 Ar-

1149 1257 1264 1292 chiam
1284 1271 1325 1292 ex
1344 1266 1503 1304 tempore
1516 1274 1684 1306 magnum
1703 1277 1891 1298 numerum
1909 1277 2074 1299 versuum
2092 1265 2139 1297 ef-

1146 1311 1372 1351 fundentem,
1409 1324 1489 1345 cum
1512 1313 1668 1347 litteram
1695 1316 1830 1349 nullam
1852 1317 2066 1361 scripsisset,
2094 1328 2134 1348 ac

1146 1373 1267 1394 rursus
1284 1363 1432 1395 eandem
1452 1365 1662 1398 sententiam
1689 1368 1915 1402 commutatis
1940 1367 2056 1401 verbis
2080 1379 2136 1399 or-

1146 1411 1328 1445 natissime
1345 1413 1589 1457 explicantem.
1634 1415 1674 1449 In
1691 1415 1745 1450 his
1761 1430 1844 1450 vero
1856 1445 1865 1458 ,
1893 1431 1984 1464 quae
2001 1418 2136 1451 maiore

1147 1475 1231 1496 cura
1253 1463 1375 1496 scribit
1398 1476 1438 1497 ac
1464 1466 1666 1509 componit,
1708 1480 1752 1501 ne
1781 1470 1958 1503 veteribus
1993 1469 2135 1515 quidem

1147 1514 1217 1547 ulla
1233 1526 1274 1547 ex
1290 1521 1390 1558 parte
1406 1516 1509 1549 cedit.
1569 1517 1657 1561 Quis
1683 1518 1790 1562 igitur
1813 1532 1893 1553 eum
1919 1532 1994 1553 non
2018 1519 2136 1552 amet?

1148 1565 1226 1610 quis
1241 1577 1316 1598 non
1332 1566 1524 1600 defendat?
1559 1568 1636 1612 quis
1659 1582 1732 1602 non
1756 1571 1855 1603 omni
1880 1571 1985 1604 officii
2009 1583 2136 1615 geni-re

1147 1616 1315 1672 prosequi
1342 1618 1452 1650 velit?
1504 1618 1551 1651 At
1581 1620 1735 1665 reliquas
1766 1628 1859 1655 artes
1887 1623 2006 1656 ferunt
2037 1634 2138 1666 prae-

1148 1674 1256 1711 ceptls
1283 1675 1465 1708 constare,
1506 1676 1629 1713 poetas
1652 1684 1737 1705 vero
1771 1673 1891 1707 divina
1922 1674 2077 1719 quadam
2102 1673 2136 1705 vi

1147 1719 1377 1752 commoveri.
1444 1721 1689 1765 Quamobrem
1718 1723 1856 1758 Ennius
1889 1737 1948 1758 eos
1981 1725 2137 1769 appellat

1146 1775 1305 1810 sanctos,
1351 1768 1418 1802 hoc
1452 1778 1520 1811 est,
1560 1773 1731 1816 religione
1767 1776 1922 1820 quadam
1958 1776 2136 1809 colendos.

1145 1820 1357 1878 Proindeet
1377 1834 1443 1855 nos
1469 1825 1665 1857 reverentia
1688 1828 1842 1870 quadam
1869 1827 2000 1871 poetici
2023 1826 2139 1859 nomi-

1146 1884 1200 1905 nis
1216 1878 1314 1915 tangi
1331 1873 1516 1913 convenit,
1545 1877 1750 1917 pracsertim
1776 1890 1855 1910 cum
1878 1878 2035 1910 carmine
2060 1889 2136 1910 mo-

1147 1929 1298 1955 xeantur
1316 1936 1397 1956 saxa
1416 1924 1522 1956 etiam
1543 1938 1582 1958 ac
1600 1927 1748 1960 bestiae:
1778 1935 1912 1973 quanto
1928 1929 2040 1972 magis
2059 1941 2135 1967 nos,

1147 1975 1191 2006 ad
1206 1971 1465 2008 humanitatem
1486 1976 1619 2020 optima
1638 1978 1821 2022 disciplina
1840 1980 2030 2020 institutos,
2051 1992 2137 2012 1000

1147 2031 1334 2069 poetarum
1346 2025 1391 2072 ⁷¹)
1409 2027 1545 2059 moveri
1567 2029 1691 2062 decet?

1248 2076 1446 2110 Homerum
1475 2079 1607 2112 multae
1641 2080 1799 2114 civitates
1831 2088 2013 2119 mortuum
2038 2093 2137 2124 repe-

1146 2133 1242 2167 tunt,
1270 2133 1440 2174 tanquam
1459 2131 1635 2178 suum⁷²):
1664 2144 1729 2166 nos
1745 2144 1855 2165 unum
1868 2131 2050 2172 Archiam,
2077 2131 2138 2176 qui

1179 2255 1229 2283 65)
1248 2254 1388 2283 doctrina]
1407 2254 1490 2278 Editt.
1508 2254 1581 2279 1592.
1601 2256 1628 2278 et
1647 2255 1758 2280 Colon.:
1784 2256 1926 2282 doctrinis.

1183 2306 1232 2334 66)
1250 2305 1430 2335 perficienda]
1448 2305 1497 2329 Ed.
1516 2306 1590 2329 1592.
1610 2306 1792 2336 percipienda,

1179 2356 1228 2385 67)
1250 2356 1428 2384 momentum]
1449 2356 1499 2380 Ed.
1519 2356 1593 2379 1568.
1612 2358 1821 2382 monumentum.

1180 2409 1227 2465 683
1247 2408 1356 2437 posset]
1374 2407 1417 2464 'Stic
1435 2413 1528 2431 omnes
1545 2408 1628 2433 Ediit.
1651 2409 1766 2438 excepta
1783 2409 1833 2433 Ed.
1850 2409 1922 2434 1539.
1938 2410 1986 2442 P„
2004 2411 2049 2436 ubi
2066 2412 2137 2444 iegi-

1228 2449 1274 2465 ιιι-ε
1311 2448 1400 2466 nessi.

1180 2484 1227 2516 69)
1247 2449 1457 2514 Α1]ΙΕ11.1545.
1478 2484 1565 2508 male:
1590 2485 1640 2509 Ad.

1180 2528 1229 2557 70)
1249 2528 1281 2556 Q.
1302 2527 1419 2551 Roscius
1440 2527 1611 2556 Comoediis,
1638 2528 1804 2553 Lanuvinus.

1180 2571 1229 2598 71)
1248 2576 1315 2593 voce
1338 2570 1494 2599 poetarum]
1520 2569 1561 2592 sic
1587 2569 1669 2594 Editt.
1694 2571 1784 2601 1533.‚
1811 2571 1904 2601 1536.‚
1931 2573 2024 2603 1532,
2053 2575 2137 2599 1553..

1218 2605 1311 2634 1554„
1340 2604 1433 2634 1568.;
1469 2603 1553 2627 Editt.
1577 2604 1668 2634 1545„
1696 2605 1770 2629 1592.
1798 2608 1825 2629 ct
1849 2607 1959 2632 Colon.:
1997 2610 2138 2638 poetarum

1215 2644 1290 2662 voce.

1179 2680 1227 2712 72)
1246 2679 1387 2704 Distichon
1402 2686 1419 2704 a
1430 2680 1518 2704 Gellio
1532 2680 1610 2706 Noct.
1624 2682 1680 2705 Att.
1692 2681 1737 2711 111,
1754 2682 1793 2705 11.
1808 2683 1946 2710 laudatum
1961 2687 2064 2716 septem
2080 2692 2137 2710 ine-

1214 2716 1305 2742 010101
1322 2716 1404 2741 urbes
1423 2715 1457 2740 de
1475 2714 1561 2746 stirpe
1578 2715 1690 2741 Homeri
1709 2717 1863 2742 certantes:
