<?xml version="1.0" encoding="UTF-8"?>
<!DOCTYPE html PUBLIC "-//W3C//DTD XHTML 1.0 Transitional//EN"
    "http://www.w3.org/TR/xhtml1/DTD/xhtml1-transitional.dtd">
<html xmlns="http://www.w3.org/1999/xhtml" xml:lang="en" lang="en">
 <head>
  <title>
</title>
<meta http-equiv="Content-Type" content="text/html;charset=utf-8" />
  <meta name='ocr-system' content='tesseract 3.04.00' />
  <meta name='ocr-capabilities' content='ocr_page ocr_carea ocr_par ocr_line ocrx_word'/>
</head>
<body>
  <div class='ocr_page' id='page_1' title='image "./operaquaesupersu16melauoft/operaquaesupersu16melauoft_0050.png"; bbox 0 0 2347 3000; ppageno 0'>
   <div class='ocr_carea' id='block_1_1' title="bbox 228 160 273 193">
    <p class='ocr_par' dir='ltr' id='par_1_1' title="bbox 228 160 273 193">
     <span class='ocr_line' id='line_1_1' title="bbox 228 160 273 193; baseline 0 0"><span class='ocrx_word' id='word_1_1' title='bbox 228 160 273 193; x_wconf 75' lang='lat'>71</span> 
     </span>
    </p>
   </div>
   <div class='ocr_carea' id='block_1_2' title="bbox 228 233 1220 2787">
    <p class='ocr_par' dir='ltr' id='par_1_2' title="bbox 228 233 1220 1660">
     <span class='ocr_line' id='line_1_2' title="bbox 228 233 1212 288; baseline -0.012 -11"><span class='ocrx_word' id='word_1_2' title='bbox 228 240 439 288; x_wconf 82' lang='lat' dir='ltr'>Philosophi</span> <span class='ocrx_word' id='word_1_3' title='bbox 459 254 542 275; x_wconf 73' lang='lat' dir='ltr'>vero</span> <span class='ocrx_word' id='word_1_4' title='bbox 565 253 638 274; x_wconf 91' lang='lat' dir='ltr'>non</span> <span class='ocrx_word' id='word_1_5' title='bbox 662 246 744 274; x_wconf 89' lang='lat' dir='ltr'>sunt</span> <span class='ocrx_word' id='word_1_6' title='bbox 763 239 818 273; x_wconf 90' lang='lat' dir='ltr'>usi</span> <span class='ocrx_word' id='word_1_7' title='bbox 840 237 987 271; x_wconf 69' lang='lat' dir='ltr'>diversis</span> <span class='ocrx_word' id='word_1_8' title='bbox 1006 233 1212 279; x_wconf 88' lang='lat' dir='ltr'>appellatio-</span> 
     </span>
     <span class='ocr_line' id='line_1_3' title="bbox 229 287 1213 336; baseline -0.013 -8"><span class='ocrx_word' id='word_1_9' title='bbox 229 296 334 328; x_wconf 80' lang='lat' dir='ltr'>nibus</span> <span class='ocrx_word' id='word_1_10' title='bbox 346 321 354 335; x_wconf 93' lang='lat'>,</span> <span class='ocrx_word' id='word_1_11' title='bbox 382 295 443 327; x_wconf 85' lang='lat' dir='ltr'>sed</span> <span class='ocrx_word' id='word_1_12' title='bbox 458 298 586 326; x_wconf 69' lang='lat' dir='ltr'>vocant</span> <span class='ocrx_word' id='word_1_13' title='bbox 602 299 793 336; x_wconf 85' lang='lat' dir='ltr'>utrumque</span> <span class='ocrx_word' id='word_1_14' title='bbox 811 290 959 331; x_wconf 75' lang='lat' dir='ltr'>gradum</span> <span class='ocrx_word' id='word_1_15' title='bbox 978 287 1030 319; x_wconf 87' lang='lat' dir='ltr'>ius</span> <span class='ocrx_word' id='word_1_16' title='bbox 1051 291 1213 325; x_wconf 85' lang='lat' dir='ltr'>naturae,</span> 
     </span>
     <span class='ocr_line' id='line_1_4' title="bbox 232 334 1214 392; baseline -0.01 -13"><span class='ocrx_word' id='word_1_17' title='bbox 232 347 314 392; x_wconf 88' lang='lat' dir='ltr'>quia</span> <span class='ocrx_word' id='word_1_18' title='bbox 332 345 533 388; x_wconf 77' lang='lat' dir='ltr'>intelligunt</span> <span class='ocrx_word' id='word_1_19' title='bbox 550 343 602 376; x_wconf 90' lang='lat' dir='ltr'>ius</span> <span class='ocrx_word' id='word_1_20' title='bbox 621 355 693 376; x_wconf 84' lang='lat' dir='ltr'>csse</span> <span class='ocrx_word' id='word_1_21' title='bbox 715 341 859 374; x_wconf 89' lang='lat' dir='ltr'>notitias</span> <span class='ocrx_word' id='word_1_22' title='bbox 872 366 880 378; x_wconf 93' lang='lat'>,</span> <span class='ocrx_word' id='word_1_23' title='bbox 908 345 942 371; x_wconf 90' lang='lat' dir='ltr'>ct</span> <span class='ocrx_word' id='word_1_24' title='bbox 967 334 1138 369; x_wconf 84' lang='lat' dir='ltr'>inchoant</span> <span class='ocrx_word' id='word_1_25' title='bbox 1160 335 1214 369; x_wconf 89' lang='lat' dir='ltr'>ius</span> 
     </span>
     <span class='ocr_line' id='line_1_5' title="bbox 230 387 1215 436; baseline -0.01 -6"><span class='ocrx_word' id='word_1_26' title='bbox 230 403 380 430; x_wconf 86' lang='lat' dir='ltr'>naturae</span> <span class='ocrx_word' id='word_1_27' title='bbox 398 408 417 428; x_wconf 86' lang='lat' dir='ltr'>a</span> <span class='ocrx_word' id='word_1_28' title='bbox 432 401 548 428; x_wconf 86' lang='lat' dir='ltr'>mente</span> <span class='ocrx_word' id='word_1_29' title='bbox 567 401 601 427; x_wconf 87' lang='lat' dir='ltr'>et</span> <span class='ocrx_word' id='word_1_30' title='bbox 615 393 794 436; x_wconf 68' lang='lat' dir='ltr'>agnitione</span> <span class='ocrx_word' id='word_1_31' title='bbox 812 390 887 422; x_wconf 84' lang='lat' dir='ltr'>Dei.</span> <span class='ocrx_word' id='word_1_32' title='bbox 939 387 1022 421; x_wconf 89' lang='lat' dir='ltr'>Ideo</span> <span class='ocrx_word' id='word_1_33' title='bbox 1047 399 1121 420; x_wconf 90' lang='lat' dir='ltr'>non</span> <span class='ocrx_word' id='word_1_34' title='bbox 1145 387 1215 420; x_wconf 78' lang='lat' dir='ltr'>dis-</span> 
     </span>
     <span class='ocr_line' id='line_1_6' title="bbox 234 438 1214 492; baseline -0.01 -12"><span class='ocrx_word' id='word_1_35' title='bbox 234 453 361 492; x_wconf 90' lang='lat' dir='ltr'>putant</span> <span class='ocrx_word' id='word_1_36' title='bbox 379 448 421 480; x_wconf 89' lang='lat' dir='ltr'>de</span> <span class='ocrx_word' id='word_1_37' title='bbox 446 446 619 490; x_wconf 78' lang='lat' dir='ltr'><strong>pecudum</strong></span> <span class='ocrx_word' id='word_1_38' title='bbox 636 443 827 476; x_wconf 74' lang='lat' dir='ltr'>all&#39;ectibus.</span> <span class='ocrx_word' id='word_1_39' title='bbox 853 440 1006 481; x_wconf 46' lang='lat' dir='ltr'>,Omnes</span> <span class='ocrx_word' id='word_1_40' title='bbox 1023 439 1116 471; x_wconf 86' lang='lat' dir='ltr'>enim</span> <span class='ocrx_word' id='word_1_41' title='bbox 1136 438 1214 470; x_wconf 89' lang='lat' dir='ltr'>illae</span> 
     </span>
     <span class='ocr_line' id='line_1_7' title="bbox 233 490 1214 541; baseline -0.011 -9"><span class='ocrx_word' id='word_1_42' title='bbox 233 498 382 532; x_wconf 83' lang='lat' dir='ltr'>notitiae</span> <span class='ocrx_word' id='word_1_43' title='bbox 409 503 491 531; x_wconf 90' lang='lat' dir='ltr'>sunt</span> <span class='ocrx_word' id='word_1_44' title='bbox 514 496 691 541; x_wconf 85' lang='lat' dir='ltr'>quoddam</span> <span class='ocrx_word' id='word_1_45' title='bbox 718 491 903 535; x_wconf 74' lang='lat' dir='ltr'>vestigium</span> <span class='ocrx_word' id='word_1_46' title='bbox 923 490 986 523; x_wconf 86' lang='lat' dir='ltr'>Dei</span> <span class='ocrx_word' id='word_1_47' title='bbox 1005 490 1214 534; x_wconf 84' lang='lat' dir='ltr'>impressum</span> 
     </span>
     <span class='ocr_line' id='line_1_8' title="bbox 233 540 1217 592; baseline -0.009 -10"><span class='ocrx_word' id='word_1_48' title='bbox 233 549 430 587; x_wconf 85' lang='lat' dir='ltr'>mentibus,</span> <span class='ocrx_word' id='word_1_49' title='bbox 459 548 553 592; x_wconf 87' lang='lat' dir='ltr'>quod</span> <span class='ocrx_word' id='word_1_50' title='bbox 580 551 726 578; x_wconf 87' lang='lat' dir='ltr'>testatur</span> <span class='ocrx_word' id='word_1_51' title='bbox 749 555 821 576; x_wconf 88' lang='lat' dir='ltr'>esse</span> <span class='ocrx_word' id='word_1_52' title='bbox 840 542 976 582; x_wconf 84' lang='lat' dir='ltr'>Deum,</span> <span class='ocrx_word' id='word_1_53' title='bbox 1004 547 1038 574; x_wconf 91' lang='lat' dir='ltr'>et</span> <span class='ocrx_word' id='word_1_54' title='bbox 1061 554 1151 587; x_wconf 91' lang='lat' dir='ltr'>quae</span> <span class='ocrx_word' id='word_1_55' title='bbox 1172 540 1217 574; x_wconf 90' lang='lat' dir='ltr'>sit</span> 
     </span>
     <span class='ocr_line' id='line_1_9' title="bbox 236 592 1217 638; baseline -0.008 -6"><span class='ocrx_word' id='word_1_56' title='bbox 236 601 398 633; x_wconf 78' lang='lat' dir='ltr'>voluntas</span> <span class='ocrx_word' id='word_1_57' title='bbox 416 598 480 631; x_wconf 76' lang='lat' dir='ltr'>Dei</span> <span class='ocrx_word' id='word_1_58' title='bbox 499 598 592 630; x_wconf 63' lang='lat' dir='ltr'>imata</span> <span class='ocrx_word' id='word_1_59' title='bbox 609 597 742 636; x_wconf 68' lang='lat' dir='ltr'>legem,</span> <span class='ocrx_word' id='word_1_60' title='bbox 768 592 835 627; x_wconf 85' lang='lat' dir='ltr'>hoc</span> <span class='ocrx_word' id='word_1_61' title='bbox 850 599 918 634; x_wconf 90' lang='lat' dir='ltr'>est,</span> <span class='ocrx_word' id='word_1_62' title='bbox 947 593 1044 638; x_wconf 88' lang='lat' dir='ltr'>quod</span> <span class='ocrx_word' id='word_1_63' title='bbox 1060 593 1156 626; x_wconf 90' lang='lat' dir='ltr'>Deus</span> <span class='ocrx_word' id='word_1_64' title='bbox 1173 592 1217 625; x_wconf 93' lang='lat' dir='ltr'>sit</span> 
     </span>
     <span class='ocr_line' id='line_1_10' title="bbox 235 642 1218 694; baseline -0.008 -10"><span class='ocrx_word' id='word_1_65' title='bbox 235 651 391 694; x_wconf 88' lang='lat' dir='ltr'>sapiens,</span> <span class='ocrx_word' id='word_1_66' title='bbox 426 650 559 687; x_wconf 85' lang='lat' dir='ltr'>bonus,</span> <span class='ocrx_word' id='word_1_67' title='bbox 593 646 722 685; x_wconf 88' lang='lat' dir='ltr'>iustus,</span> <span class='ocrx_word' id='word_1_68' title='bbox 757 645 908 689; x_wconf 91' lang='lat' dir='ltr'>puniens</span> <span class='ocrx_word' id='word_1_69' title='bbox 947 644 1090 678; x_wconf 86' lang='lat' dir='ltr'>scelera.</span> <span class='ocrx_word' id='word_1_70' title='bbox 1167 642 1218 676; x_wconf 87' lang='lat' dir='ltr'>Ut</span> 
     </span>
     <span class='ocr_line' id='line_1_11' title="bbox 235 692 1217 743; baseline -0.008 -9"><span class='ocrx_word' id='word_1_71' title='bbox 235 702 330 735; x_wconf 89' lang='lat' dir='ltr'>enim</span> <span class='ocrx_word' id='word_1_72' title='bbox 355 699 576 743; x_wconf 76' lang='lat' dir='ltr'>agnoscimus</span> <span class='ocrx_word' id='word_1_73' title='bbox 598 710 663 731; x_wconf 89' lang='lat' dir='ltr'>nos</span> <span class='ocrx_word' id='word_1_74' title='bbox 681 695 810 729; x_wconf 86' lang='lat' dir='ltr'>babere</span> <span class='ocrx_word' id='word_1_75' title='bbox 828 701 1002 736; x_wconf 84' lang='lat' dir='ltr'>mentem,</span> <span class='ocrx_word' id='word_1_76' title='bbox 1030 701 1065 728; x_wconf 91' lang='lat' dir='ltr'>et</span> <span class='ocrx_word' id='word_1_77' title='bbox 1091 695 1127 727; x_wconf 93' lang='lat' dir='ltr'>in</span> <span class='ocrx_word' id='word_1_78' title='bbox 1151 692 1217 727; x_wconf 83' lang='lat' dir='ltr'>bac</span> 
     </span>
     <span class='ocr_line' id='line_1_12' title="bbox 234 746 1216 789; baseline -0.007 -4"><span class='ocrx_word' id='word_1_79' title='bbox 234 758 351 785; x_wconf 84' lang='lat' dir='ltr'>mente</span> <span class='ocrx_word' id='word_1_80' title='bbox 375 752 490 783; x_wconf 88' lang='lat' dir='ltr'>lucere</span> <span class='ocrx_word' id='word_1_81' title='bbox 506 749 643 789; x_wconf 87' lang='lat' dir='ltr'>Deum,</span> <span class='ocrx_word' id='word_1_82' title='bbox 671 748 718 781; x_wconf 91' lang='lat' dir='ltr'>ita</span> <span class='ocrx_word' id='word_1_83' title='bbox 740 747 995 780; x_wconf 73' lang='lat' dir='ltr'>ratiocinamur</span> <span class='ocrx_word' id='word_1_84' title='bbox 1012 746 1127 779; x_wconf 82' lang='lat' dir='ltr'>Deum</span> <span class='ocrx_word' id='word_1_85' title='bbox 1145 758 1216 779; x_wconf 83' lang='lat' dir='ltr'>esse</span> 
     </span>
     <span class='ocr_line' id='line_1_13' title="bbox 234 798 1216 846; baseline -0.007 -10"><span class='ocrx_word' id='word_1_86' title='bbox 234 809 389 836; x_wconf 80' lang='lat' dir='ltr'>meatem</span> <span class='ocrx_word' id='word_1_87' title='bbox 407 801 598 846; x_wconf 86' lang='lat' dir='ltr'>quandam.</span> <span class='ocrx_word' id='word_1_88' title='bbox 651 798 737 832; x_wconf 92' lang='lat' dir='ltr'>Item</span> <span class='ocrx_word' id='word_1_89' title='bbox 756 812 834 831; x_wconf 91' lang='lat' dir='ltr'>cum</span> <span class='ocrx_word' id='word_1_90' title='bbox 858 798 1017 831; x_wconf 71' lang='lat' dir='ltr'>videmus</span> <span class='ocrx_word' id='word_1_91' title='bbox 1041 798 1078 830; x_wconf 89' lang='lat' dir='ltr'>in</span> <span class='ocrx_word' id='word_1_92' title='bbox 1094 804 1216 830; x_wconf 88' lang='lat' dir='ltr'>nostra</span> 
     </span>
     <span class='ocr_line' id='line_1_14' title="bbox 234 846 1218 889; baseline -0.006 -3"><span class='ocrx_word' id='word_1_93' title='bbox 234 860 351 886; x_wconf 83' lang='lat' dir='ltr'>mente</span> <span class='ocrx_word' id='word_1_94' title='bbox 369 865 441 886; x_wconf 84' lang='lat' dir='ltr'>esse</span> <span class='ocrx_word' id='word_1_95' title='bbox 466 851 631 884; x_wconf 89' lang='lat' dir='ltr'>notitiam</span> <span class='ocrx_word' id='word_1_96' title='bbox 657 850 811 889; x_wconf 85' lang='lat' dir='ltr'>ordinis,</span> <span class='ocrx_word' id='word_1_97' title='bbox 839 856 873 882; x_wconf 92' lang='lat' dir='ltr'>et</span> <span class='ocrx_word' id='word_1_98' title='bbox 894 849 1084 881; x_wconf 77' lang='lat' dir='ltr'>discrimen</span> <span class='ocrx_word' id='word_1_99' title='bbox 1108 846 1218 881; x_wconf 91' lang='lat' dir='ltr'>hone-</span> 
     </span>
     <span class='ocr_line' id='line_1_15' title="bbox 235 898 1215 946; baseline -0.007 -8"><span class='ocrx_word' id='word_1_100' title='bbox 235 912 370 938; x_wconf 84' lang='lat' dir='ltr'>storum</span> <span class='ocrx_word' id='word_1_101' title='bbox 397 910 429 936; x_wconf 89' lang='lat' dir='ltr'>et</span> <span class='ocrx_word' id='word_1_102' title='bbox 453 903 629 946; x_wconf 86' lang='lat' dir='ltr'>turpium,</span> <span class='ocrx_word' id='word_1_103' title='bbox 657 901 912 934; x_wconf 83' lang='lat' dir='ltr'>ratiocinamur</span> <span class='ocrx_word' id='word_1_104' title='bbox 938 898 1027 932; x_wconf 89' lang='lat' dir='ltr'>hanc</span> <span class='ocrx_word' id='word_1_105' title='bbox 1051 906 1215 932; x_wconf 87' lang='lat' dir='ltr'>naturam</span> 
     </span>
     <span class='ocr_line' id='line_1_16' title="bbox 234 951 1219 997; baseline -0.006 -9"><span class='ocrx_word' id='word_1_106' title='bbox 234 968 309 988; x_wconf 90' lang='lat' dir='ltr'>non</span> <span class='ocrx_word' id='word_1_107' title='bbox 339 954 490 988; x_wconf 72' lang='lat' dir='ltr'>extitisse</span> <span class='ocrx_word' id='word_1_108' title='bbox 514 966 606 987; x_wconf 89' lang='lat' dir='ltr'>casu.</span> <span class='ocrx_word' id='word_1_109' title='bbox 683 951 770 985; x_wconf 81' lang='lat' dir='ltr'>item</span> <span class='ocrx_word' id='word_1_110' title='bbox 801 953 896 997; x_wconf 89' lang='lat' dir='ltr'>quod</span> <span class='ocrx_word' id='word_1_111' title='bbox 922 951 1013 984; x_wconf 87' lang='lat' dir='ltr'>Deus</span> <span class='ocrx_word' id='word_1_112' title='bbox 1043 951 1219 984; x_wconf 86' lang='lat' dir='ltr'>discernat</span> 
     </span>
     <span class='ocr_line' id='line_1_17' title="bbox 234 999 1218 1046; baseline -0.008 -6"><span class='ocrx_word' id='word_1_113' title='bbox 234 1007 325 1040; x_wconf 89' lang='lat' dir='ltr'>iusta</span> <span class='ocrx_word' id='word_1_114' title='bbox 344 1012 377 1039; x_wconf 91' lang='lat' dir='ltr'>et</span> <span class='ocrx_word' id='word_1_115' title='bbox 396 1003 538 1044; x_wconf 83' lang='lat' dir='ltr'>iniusta,</span> <span class='ocrx_word' id='word_1_116' title='bbox 558 1003 704 1037; x_wconf 85' lang='lat' dir='ltr'>honesta</span> <span class='ocrx_word' id='word_1_117' title='bbox 724 1009 757 1036; x_wconf 89' lang='lat' dir='ltr'>et</span> <span class='ocrx_word' id='word_1_118' title='bbox 773 1003 906 1046; x_wconf 74' lang='lat' dir='ltr'>turpia:</span> <span class='ocrx_word' id='word_1_119' title='bbox 937 1002 983 1035; x_wconf 87' lang='lat' dir='ltr'>ita</span> <span class='ocrx_word' id='word_1_120' title='bbox 1003 999 1218 1046; x_wconf 76' lang='lat' dir='ltr'>philosophi,</span> 
     </span>
     <span class='ocr_line' id='line_1_18' title="bbox 236 1051 1217 1101; baseline -0.007 -10"><span class='ocrx_word' id='word_1_121' title='bbox 236 1071 316 1091; x_wconf 90' lang='lat' dir='ltr'>cum</span> <span class='ocrx_word' id='word_1_122' title='bbox 335 1055 502 1090; x_wconf 88' lang='lat' dir='ltr'>inchoent</span> <span class='ocrx_word' id='word_1_123' title='bbox 512 1056 571 1101; x_wconf 45' lang='lat' dir='ltr'>:ius</span> <span class='ocrx_word' id='word_1_124' title='bbox 588 1061 735 1088; x_wconf 86' lang='lat' dir='ltr'>naturae</span> <span class='ocrx_word' id='word_1_125' title='bbox 754 1067 771 1086; x_wconf 90' lang='lat' dir='ltr'>a</span> <span class='ocrx_word' id='word_1_126' title='bbox 793 1060 910 1086; x_wconf 79' lang='lat' dir='ltr'>mente.</span> <span class='ocrx_word' id='word_1_127' title='bbox 931 1051 1098 1092; x_wconf 83' lang='lat' dir='ltr'>bominis,</span> <span class='ocrx_word' id='word_1_128' title='bbox 1125 1059 1159 1085; x_wconf 88' lang='lat' dir='ltr'>et</span> <span class='ocrx_word' id='word_1_129' title='bbox 1175 1053 1217 1084; x_wconf 88' lang='lat' dir='ltr'>ab</span> 
     </span>
     <span class='ocr_line' id='line_1_19' title="bbox 236 1104 1218 1153; baseline -0.007 -11"><span class='ocrx_word' id='word_1_130' title='bbox 236 1108 416 1153; x_wconf 75' lang='lat' dir='ltr'>agnitione</span> <span class='ocrx_word' id='word_1_131' title='bbox 431 1107 518 1148; x_wconf 90' lang='lat' dir='ltr'>Dei,</span> <span class='ocrx_word' id='word_1_132' title='bbox 546 1113 580 1139; x_wconf 89' lang='lat' dir='ltr'>et</span> <span class='ocrx_word' id='word_1_133' title='bbox 595 1112 732 1140; x_wconf 88' lang='lat' dir='ltr'>tantum</span> <span class='ocrx_word' id='word_1_134' title='bbox 750 1105 944 1150; x_wconf 84' lang='lat' dir='ltr'>loquantur</span> <span class='ocrx_word' id='word_1_135' title='bbox 961 1105 1003 1137; x_wconf 85' lang='lat' dir='ltr'>de</span> <span class='ocrx_word' id='word_1_136' title='bbox 1021 1104 1218 1137; x_wconf 89' lang='lat' dir='ltr'>actionibus</span> 
     </span>
     <span class='ocr_line' id='line_1_20' title="bbox 234 1155 1218 1200; baseline -0.007 -6"><span class='ocrx_word' id='word_1_137' title='bbox 234 1158 400 1194; x_wconf 87' lang='lat' dir='ltr'>humanis</span> <span class='ocrx_word' id='word_1_138' title='bbox 412 1185 421 1199; x_wconf 95' lang='lat'>,</span> <span class='ocrx_word' id='word_1_139' title='bbox 455 1170 529 1191; x_wconf 91' lang='lat' dir='ltr'>non</span> <span class='ocrx_word' id='word_1_140' title='bbox 542 1155 674 1190; x_wconf 87' lang='lat' dir='ltr'>hahent</span> <span class='ocrx_word' id='word_1_141' title='bbox 690 1157 845 1189; x_wconf 72' lang='lat' dir='ltr'>diversas</span> <span class='ocrx_word' id='word_1_142' title='bbox 861 1155 1115 1200; x_wconf 82' lang='lat' dir='ltr'>appellationes</span> <span class='ocrx_word' id='word_1_143' title='bbox 1133 1155 1218 1187; x_wconf 85' lang='lat' dir='ltr'>iuris</span> 
     </span>
     <span class='ocr_line' id='line_1_21' title="bbox 235 1207 1218 1253; baseline -0.007 -9"><span class='ocrx_word' id='word_1_144' title='bbox 235 1217 384 1244; x_wconf 87' lang='lat' dir='ltr'>naturae</span> <span class='ocrx_word' id='word_1_145' title='bbox 403 1216 436 1242; x_wconf 85' lang='lat' dir='ltr'>et</span> <span class='ocrx_word' id='word_1_146' title='bbox 457 1209 624 1253; x_wconf 83' lang='lat' dir='ltr'>gentium.</span> <span class='ocrx_word' id='word_1_147' title='bbox 677 1208 727 1241; x_wconf 78' lang='lat' dir='ltr'>Ac</span> <span class='ocrx_word' id='word_1_148' title='bbox 754 1207 1072 1240; x_wconf 84' lang='lat' dir='ltr'>demonstrationes</span> <span class='ocrx_word' id='word_1_149' title='bbox 1097 1218 1218 1239; x_wconf 87' lang='lat' dir='ltr'>omncs</span> 
     </span>
     <span class='ocr_line' id='line_1_22' title="bbox 236 1257 1219 1305; baseline -0.007 -11"><span class='ocrx_word' id='word_1_150' title='bbox 236 1274 339 1296; x_wconf 74' lang='lat' dir='ltr'>verae</span> <span class='ocrx_word' id='word_1_151' title='bbox 358 1261 395 1294; x_wconf 91' lang='lat' dir='ltr'>in</span> <span class='ocrx_word' id='word_1_152' title='bbox 411 1257 637 1305; x_wconf 71' lang='lat' dir='ltr'>philosophia</span> <span class='ocrx_word' id='word_1_153' title='bbox 654 1258 781 1291; x_wconf 89' lang='lat' dir='ltr'>morali</span> <span class='ocrx_word' id='word_1_154' title='bbox 809 1264 890 1291; x_wconf 88' lang='lat' dir='ltr'>sunt</span> <span class='ocrx_word' id='word_1_155' title='bbox 916 1257 1059 1301; x_wconf 86' lang='lat' dir='ltr'>proprie</span> <span class='ocrx_word' id='word_1_156' title='bbox 1082 1257 1134 1289; x_wconf 87' lang='lat' dir='ltr'>ius</span> <span class='ocrx_word' id='word_1_157' title='bbox 1157 1268 1219 1288; x_wconf 86' lang='lat' dir='ltr'>na-</span> 
     </span>
     <span class='ocr_line' id='line_1_23' title="bbox 235 1307 1220 1355; baseline -0.01 -8"><span class='ocrx_word' id='word_1_158' title='bbox 235 1320 335 1347; x_wconf 91' lang='lat' dir='ltr'>turae</span> <span class='ocrx_word' id='word_1_159' title='bbox 358 1325 419 1346; x_wconf 88' lang='lat' dir='ltr'>seu</span> <span class='ocrx_word' id='word_1_160' title='bbox 441 1311 620 1355; x_wconf 81' lang='lat' dir='ltr'>gentium,</span> <span class='ocrx_word' id='word_1_161' title='bbox 649 1316 682 1341; x_wconf 89' lang='lat' dir='ltr'>et</span> <span class='ocrx_word' id='word_1_162' title='bbox 705 1322 782 1342; x_wconf 87' lang='lat' dir='ltr'>cnm</span> <span class='ocrx_word' id='word_1_163' title='bbox 805 1307 1125 1341; x_wconf 71' lang='lat' dir='ltr'>demonstrationes</span> <span class='ocrx_word' id='word_1_164' title='bbox 1150 1307 1220 1339; x_wconf 88' lang='lat' dir='ltr'>sint</span> 
     </span>
     <span class='ocr_line' id='line_1_24' title="bbox 234 1358 1219 1397; baseline -0.008 0"><span class='ocrx_word' id='word_1_165' title='bbox 234 1362 444 1397; x_wconf 81' lang='lat' dir='ltr'>hauddubie</span> <span class='ocrx_word' id='word_1_166' title='bbox 457 1361 698 1394; x_wconf 72' lang='lat' dir='ltr'>ordinationes</span> <span class='ocrx_word' id='word_1_167' title='bbox 714 1359 882 1392; x_wconf 65' lang='lat' dir='ltr'>divinitus</span> <span class='ocrx_word' id='word_1_168' title='bbox 897 1360 1009 1391; x_wconf 83' lang='lat' dir='ltr'>factae</span> <span class='ocrx_word' id='word_1_169' title='bbox 1026 1358 1064 1390; x_wconf 91' lang='lat' dir='ltr'>in</span> <span class='ocrx_word' id='word_1_170' title='bbox 1077 1364 1219 1396; x_wconf 88' lang='lat' dir='ltr'>natura,</span> 
     </span>
     <span class='ocr_line' id='line_1_25' title="bbox 235 1410 1219 1449; baseline -0.008 -1"><span class='ocrx_word' id='word_1_171' title='bbox 235 1427 296 1449; x_wconf 91' lang='lat' dir='ltr'>seu</span> <span class='ocrx_word' id='word_1_172' title='bbox 311 1414 459 1447; x_wconf 87' lang='lat' dir='ltr'>notitiae</span> <span class='ocrx_word' id='word_1_173' title='bbox 475 1413 615 1446; x_wconf 61' lang='lat' dir='ltr'>dix-inae</span> <span class='ocrx_word' id='word_1_174' title='bbox 631 1410 866 1444; x_wconf 72' lang='lat' dir='ltr'>ordinationis</span> <span class='ocrx_word' id='word_1_175' title='bbox 890 1410 927 1442; x_wconf 90' lang='lat' dir='ltr'>in</span> <span class='ocrx_word' id='word_1_176' title='bbox 945 1415 1091 1448; x_wconf 89' lang='lat' dir='ltr'>natura&#39;,</span> <span class='ocrx_word' id='word_1_177' title='bbox 1126 1414 1219 1441; x_wconf 91' lang='lat' dir='ltr'>recte</span> 
     </span>
     <span class='ocr_line' id='line_1_26' title="bbox 235 1460 1220 1499; baseline -0.008 0"><span class='ocrx_word' id='word_1_178' title='bbox 235 1466 364 1499; x_wconf 89' lang='lat' dir='ltr'>dicitur</span> <span class='ocrx_word' id='word_1_179' title='bbox 381 1465 434 1498; x_wconf 90' lang='lat' dir='ltr'>ius</span> <span class='ocrx_word' id='word_1_180' title='bbox 450 1463 610 1496; x_wconf 88' lang='lat' dir='ltr'>naturale</span> <span class='ocrx_word' id='word_1_181' title='bbox 631 1474 702 1495; x_wconf 88' lang='lat' dir='ltr'>esse</span> <span class='ocrx_word' id='word_1_182' title='bbox 720 1462 772 1495; x_wconf 87' lang='lat' dir='ltr'>ins</span> <span class='ocrx_word' id='word_1_183' title='bbox 787 1461 961 1499; x_wconf 72' lang='lat' dir='ltr'>divinum,</span> <span class='ocrx_word' id='word_1_184' title='bbox 984 1460 1071 1493; x_wconf 88' lang='lat' dir='ltr'>sicut</span> <span class='ocrx_word' id='word_1_185' title='bbox 1089 1460 1220 1493; x_wconf 87' lang='lat' dir='ltr'>Paulus</span> 
     </span>
     <span class='ocr_line' id='line_1_27' title="bbox 236 1510 1219 1561; baseline -0.007 -11"><span class='ocrx_word' id='word_1_186' title='bbox 236 1523 356 1561; x_wconf 85' lang='lat' dir='ltr'>aperte</span> <span class='ocrx_word' id='word_1_187' title='bbox 373 1511 670 1557; x_wconf 66' lang='grc' dir='ltr'>νοεῑιῐδικαίωμα</span> <span class='ocrx_word' id='word_1_188' title='bbox 688 1513 780 1547; x_wconf 77' lang='grc' dir='ltr'><em>θεοῦ</em></span> <span class='ocrx_word' id='word_1_189' title='bbox 791 1512 844 1545; x_wconf 88' lang='lat' dir='ltr'>ius</span> <span class='ocrx_word' id='word_1_190' title='bbox 854 1512 933 1551; x_wconf 80' lang='lat' dir='ltr'>Dei,</span> <span class='ocrx_word' id='word_1_191' title='bbox 949 1511 1052 1544; x_wconf 71' lang='lat' dir='ltr'>Rom.</span> <span class='ocrx_word' id='word_1_192' title='bbox 1066 1510 1117 1556; x_wconf 86' lang='lat'>(1,</span> <span class='ocrx_word' id='word_1_193' title='bbox 1131 1510 1219 1555; x_wconf 56' lang='lat'>32).</span> 
     </span>
     <span class='ocr_line' id='line_1_28' title="bbox 234 1561 1220 1609; baseline -0.005 -10"><span class='ocrx_word' id='word_1_194' title='bbox 234 1568 327 1601; x_wconf 76' lang='lat' dir='ltr'>Vera</span> <span class='ocrx_word' id='word_1_195' title='bbox 351 1572 402 1600; x_wconf 87' lang='lat' dir='ltr'>est</span> <span class='ocrx_word' id='word_1_196' title='bbox 424 1565 531 1609; x_wconf 78' lang='lat' dir='ltr'>igitur</span> <span class='ocrx_word' id='word_1_197' title='bbox 551 1564 692 1608; x_wconf 79' lang='lat' dir='ltr'>regula,</span> <span class='ocrx_word' id='word_1_198' title='bbox 720 1576 810 1608; x_wconf 84' lang='lat' dir='ltr'>quae</span> <span class='ocrx_word' id='word_1_199' title='bbox 836 1563 968 1608; x_wconf 83' lang='lat' dir='ltr'>inquit:</span> <span class='ocrx_word' id='word_1_200' title='bbox 996 1561 1053 1596; x_wconf 86' lang='lat' dir='ltr'>lus</span> <span class='ocrx_word' id='word_1_201' title='bbox 1071 1569 1220 1595; x_wconf 87' lang='lat' dir='ltr'>naturae</span> 
     </span>
     <span class='ocr_line' id='line_1_29' title="bbox 235 1615 816 1660; baseline -0.01 -8"><span class='ocrx_word' id='word_1_202' title='bbox 235 1619 427 1652; x_wconf 80' lang='lat' dir='ltr'>violantem</span> <span class='ocrx_word' id='word_1_203' title='bbox 446 1628 590 1660; x_wconf 87' lang='lat' dir='ltr'>peccare</span> <span class='ocrx_word' id='word_1_204' title='bbox 607 1615 816 1648; x_wconf 87' lang='lat' dir='ltr'>mortaliter.</span> 
     </span>
    </p>

    <p class='ocr_par' dir='ltr' id='par_1_3' title="bbox 229 1664 1220 2787">
     <span class='ocr_line' id='line_1_30' title="bbox 337 1664 1220 1712; baseline -0.006 -10"><span class='ocrx_word' id='word_1_205' title='bbox 337 1668 394 1702; x_wconf 87' lang='lat' dir='ltr'>Ius</span> <span class='ocrx_word' id='word_1_206' title='bbox 433 1668 625 1712; x_wconf 62' lang='lat' dir='ltr'>positivum</span> <span class='ocrx_word' id='word_1_207' title='bbox 667 1672 717 1699; x_wconf 89' lang='lat' dir='ltr'>est</span> <span class='ocrx_word' id='word_1_208' title='bbox 760 1665 933 1698; x_wconf 89' lang='lat' dir='ltr'>sententia</span> <span class='ocrx_word' id='word_1_209' title='bbox 980 1664 1220 1707; x_wconf 79' lang='lat' dir='ltr'>magistratus,</span> 
     </span>
     <span class='ocr_line' id='line_1_31' title="bbox 235 1715 1219 1766; baseline -0.006 -13"><span class='ocrx_word' id='word_1_210' title='bbox 235 1733 324 1766; x_wconf 91' lang='lat' dir='ltr'>quae</span> <span class='ocrx_word' id='word_1_211' title='bbox 341 1719 439 1753; x_wconf 90' lang='lat' dir='ltr'>addit</span> <span class='ocrx_word' id='word_1_212' title='bbox 455 1720 500 1752; x_wconf 88' lang='lat' dir='ltr'>ad</span> <span class='ocrx_word' id='word_1_213' title='bbox 514 1718 565 1752; x_wconf 91' lang='lat' dir='ltr'>ius</span> <span class='ocrx_word' id='word_1_214' title='bbox 580 1723 729 1751; x_wconf 81' lang='lat' dir='ltr'>naturae</span> <span class='ocrx_word' id='word_1_215' title='bbox 745 1715 1046 1750; x_wconf 80' lang='lat' dir='ltr'>circumstantiam</span> <span class='ocrx_word' id='word_1_216' title='bbox 1062 1715 1219 1760; x_wconf 80' lang='lat' dir='ltr'>aliquam</span> 
     </span>
     <span class='ocr_line' id='line_1_32' title="bbox 233 1767 1218 1815; baseline -0.006 -10"><span class='ocrx_word' id='word_1_217' title='bbox 233 1772 372 1805; x_wconf 87' lang='lat' dir='ltr'>ratione</span> <span class='ocrx_word' id='word_1_218' title='bbox 392 1769 588 1815; x_wconf 81' lang='lat' dir='ltr'>probabili,</span> <span class='ocrx_word' id='word_1_219' title='bbox 614 1781 688 1801; x_wconf 89' lang='lat' dir='ltr'>non</span> <span class='ocrx_word' id='word_1_220' title='bbox 704 1767 919 1807; x_wconf 88' lang='lat' dir='ltr'>necessaria,</span> <span class='ocrx_word' id='word_1_221' title='bbox 944 1773 983 1800; x_wconf 92' lang='lat' dir='ltr'>ut</span> <span class='ocrx_word' id='word_1_222' title='bbox 1000 1767 1052 1800; x_wconf 87' lang='lat' dir='ltr'>ius</span> <span class='ocrx_word' id='word_1_223' title='bbox 1069 1773 1218 1799; x_wconf 84' lang='lat' dir='ltr'>naturae</span> 
     </span>
     <span class='ocr_line' id='line_1_33' title="bbox 234 1818 1219 1865; baseline -0.007 -9"><span class='ocrx_word' id='word_1_224' title='bbox 234 1824 336 1856; x_wconf 88' lang='lat' dir='ltr'>docet</span> <span class='ocrx_word' id='word_1_225' title='bbox 354 1823 391 1855; x_wconf 90' lang='lat' dir='ltr'>in</span> <span class='ocrx_word' id='word_1_226' title='bbox 407 1834 534 1865; x_wconf 80' lang='lat' dir='ltr'>genere</span> <span class='ocrx_word' id='word_1_227' title='bbox 552 1822 644 1853; x_wconf 77' lang='lat' dir='ltr'>furta</span> <span class='ocrx_word' id='word_1_228' title='bbox 665 1820 844 1864; x_wconf 88' lang='lat' dir='ltr'>punienda</span> <span class='ocrx_word' id='word_1_229' title='bbox 865 1830 949 1851; x_wconf 87' lang='lat' dir='ltr'>esse.</span> <span class='ocrx_word' id='word_1_230' title='bbox 989 1818 1128 1850; x_wconf 85' lang='lat' dir='ltr'>Deinde</span> <span class='ocrx_word' id='word_1_231' title='bbox 1145 1830 1219 1850; x_wconf 85' lang='lat' dir='ltr'>ma-</span> 
     </span>
     <span class='ocr_line' id='line_1_34' title="bbox 235 1870 1218 1919; baseline -0.006 -13"><span class='ocrx_word' id='word_1_232' title='bbox 235 1876 400 1919; x_wconf 86' lang='lat' dir='ltr'>gistratus</span> <span class='ocrx_word' id='word_1_233' title='bbox 418 1873 515 1906; x_wconf 80' lang='lat' dir='ltr'>addit</span> <span class='ocrx_word' id='word_1_234' title='bbox 534 1871 704 1916; x_wconf 87' lang='lat' dir='ltr'>speciem,</span> <span class='ocrx_word' id='word_1_235' title='bbox 730 1870 893 1903; x_wconf 69' lang='lat' dir='ltr'>videlicet</span> <span class='ocrx_word' id='word_1_236' title='bbox 906 1870 1058 1905; x_wconf 84' lang='lat' dir='ltr'>modum</span> <span class='ocrx_word' id='word_1_237' title='bbox 1071 1881 1218 1913; x_wconf 84' lang='lat' dir='ltr'>poenae,</span> 
     </span>
     <span class='ocr_line' id='line_1_35' title="bbox 234 1920 1218 1970; baseline -0.006 -12"><span class='ocrx_word' id='word_1_238' title='bbox 234 1926 272 1958; x_wconf 84' lang='lat' dir='ltr'>in</span> <span class='ocrx_word' id='word_1_239' title='bbox 299 1938 369 1970; x_wconf 90' lang='lat' dir='ltr'>quo</span> <span class='ocrx_word' id='word_1_240' title='bbox 401 1923 648 1958; x_wconf 85' lang='lat' dir='ltr'>constituendo</span> <span class='ocrx_word' id='word_1_241' title='bbox 676 1922 835 1967; x_wconf 82' lang='lat' dir='ltr'>seqnitur</span> <span class='ocrx_word' id='word_1_242' title='bbox 859 1920 1080 1965; x_wconf 85' lang='lat' dir='ltr'>probabilem</span> <span class='ocrx_word' id='word_1_243' title='bbox 1109 1920 1218 1953; x_wconf 90' lang='lat' dir='ltr'>ratio-</span> 
     </span>
     <span class='ocr_line' id='line_1_36' title="bbox 234 1972 1218 2020; baseline -0.005 -11"><span class='ocrx_word' id='word_1_244' title='bbox 234 1989 336 2016; x_wconf 90' lang='lat' dir='ltr'>nem,</span> <span class='ocrx_word' id='word_1_245' title='bbox 370 1975 512 2020; x_wconf 81' lang='lat' dir='ltr'>ingenia</span> <span class='ocrx_word' id='word_1_246' title='bbox 541 1973 715 2007; x_wconf 84' lang='lat' dir='ltr'>ferociora</span> <span class='ocrx_word' id='word_1_247' title='bbox 751 1972 955 2006; x_wconf 86' lang='lat' dir='ltr'>durioribus</span> <span class='ocrx_word' id='word_1_248' title='bbox 982 1972 1132 2005; x_wconf 60' lang='lat' dir='ltr'>vinculis</span> <span class='ocrx_word' id='word_1_249' title='bbox 1161 1983 1218 2004; x_wconf 92' lang='lat' dir='ltr'>co-</span> 
     </span>
     <span class='ocr_line' id='line_1_37' title="bbox 234 2021 1218 2067; baseline -0.006 -6"><span class='ocrx_word' id='word_1_250' title='bbox 234 2026 409 2061; x_wconf 88' lang='lat' dir='ltr'>hercenda</span> <span class='ocrx_word' id='word_1_251' title='bbox 433 2033 525 2060; x_wconf 84' lang='lat' dir='ltr'>sunt.</span> <span class='ocrx_word' id='word_1_252' title='bbox 578 2024 749 2058; x_wconf 79' lang='lat' dir='ltr'>Germani</span> <span class='ocrx_word' id='word_1_253' title='bbox 773 2036 847 2057; x_wconf 91' lang='lat' dir='ltr'>non</span> <span class='ocrx_word' id='word_1_254' title='bbox 870 2029 1017 2067; x_wconf 85' lang='lat' dir='ltr'>possunt</span> <span class='ocrx_word' id='word_1_255' title='bbox 1037 2021 1218 2056; x_wconf 81' lang='lat' dir='ltr'>coherceri</span> 
     </span>
     <span class='ocr_line' id='line_1_38' title="bbox 233 2074 1216 2123; baseline -0.005 -11"><span class='ocrx_word' id='word_1_256' title='bbox 233 2078 369 2112; x_wconf 78' lang='lat' dir='ltr'>levibus</span> <span class='ocrx_word' id='word_1_257' title='bbox 385 2077 520 2123; x_wconf 88' lang='lat' dir='ltr'>poenis.</span> <span class='ocrx_word' id='word_1_258' title='bbox 555 2075 651 2120; x_wconf 76' lang='lat' dir='ltr'>Ergo</span> <span class='ocrx_word' id='word_1_259' title='bbox 671 2082 720 2109; x_wconf 82' lang='lat' dir='ltr'>est</span> <span class='ocrx_word' id='word_1_260' title='bbox 738 2076 909 2109; x_wconf 86' lang='lat' dir='ltr'>utendum</span> <span class='ocrx_word' id='word_1_261' title='bbox 931 2074 1073 2118; x_wconf 88' lang='lat' dir='ltr'>capitali</span> <span class='ocrx_word' id='word_1_262' title='bbox 1089 2086 1216 2118; x_wconf 77' lang='lat' dir='ltr'>poena.</span> 
     </span>
     <span class='ocr_line' id='line_1_39' title="bbox 233 2125 1216 2170; baseline -0.006 -7"><span class='ocrx_word' id='word_1_263' title='bbox 233 2130 340 2163; x_wconf 76' lang='lat' dir='ltr'>Ratio</span> <span class='ocrx_word' id='word_1_264' title='bbox 359 2128 530 2162; x_wconf 87' lang='lat' dir='ltr'>naturalis</span> <span class='ocrx_word' id='word_1_265' title='bbox 547 2127 643 2160; x_wconf 86' lang='lat' dir='ltr'>iubet</span> <span class='ocrx_word' id='word_1_266' title='bbox 660 2133 823 2170; x_wconf 77' lang='lat' dir='ltr'>parentes</span> <span class='ocrx_word' id='word_1_267' title='bbox 842 2125 976 2170; x_wconf 86' lang='lat' dir='ltr'>aliquid</span> <span class='ocrx_word' id='word_1_268' title='bbox 993 2137 1115 2158; x_wconf 86' lang='lat' dir='ltr'>curare</span> <span class='ocrx_word' id='word_1_269' title='bbox 1131 2125 1216 2158; x_wconf 90' lang='lat' dir='ltr'>libe-</span> 
     </span>
     <span class='ocr_line' id='line_1_40' title="bbox 232 2175 1216 2225; baseline -0.005 -10"><span class='ocrx_word' id='word_1_270' title='bbox 232 2182 300 2220; x_wconf 88' lang='lat' dir='ltr'>ris,</span> <span class='ocrx_word' id='word_1_271' title='bbox 326 2181 355 2215; x_wconf 92' lang='lat' dir='ltr'>si</span> <span class='ocrx_word' id='word_1_272' title='bbox 373 2185 553 2225; x_wconf 79' lang='lat' dir='ltr'>praestent</span> <span class='ocrx_word' id='word_1_273' title='bbox 570 2178 735 2222; x_wconf 89' lang='lat' dir='ltr'>pietatem</span> <span class='ocrx_word' id='word_1_274' title='bbox 754 2177 921 2224; x_wconf 75' lang='lat' dir='ltr'>debitam.</span> <span class='ocrx_word' id='word_1_275' title='bbox 974 2175 1070 2219; x_wconf 80' lang='lat' dir='ltr'>Ergo</span> <span class='ocrx_word' id='word_1_276' title='bbox 1087 2177 1216 2210; x_wconf 87' lang='lat' dir='ltr'>debent</span> 
     </span>
     <span class='ocr_line' id='line_1_41' title="bbox 229 2230 1215 2277; baseline -0.005 -11"><span class='ocrx_word' id='word_1_277' title='bbox 229 2239 396 2277; x_wconf 87' lang='lat' dir='ltr'>parentes</span> <span class='ocrx_word' id='word_1_278' title='bbox 439 2231 487 2264; x_wconf 92' lang='lat' dir='ltr'>eis</span> <span class='ocrx_word' id='word_1_279' title='bbox 521 2230 722 2275; x_wconf 78' lang='lat' dir='ltr'>relinquere</span> <span class='ocrx_word' id='word_1_280' title='bbox 758 2234 921 2274; x_wconf 81' lang='lat' dir='ltr'>quartam</span> <span class='ocrx_word' id='word_1_281' title='bbox 957 2234 1113 2272; x_wconf 85' lang='lat' dir='ltr'>partem,</span> <span class='ocrx_word' id='word_1_282' title='bbox 1154 2240 1215 2261; x_wconf 88' lang='lat' dir='ltr'>seu</span> 
     </span>
     <span class='ocr_line' id='line_1_42' title="bbox 232 2278 1213 2328; baseline -0.005 -11"><span class='ocrx_word' id='word_1_283' title='bbox 232 2285 417 2323; x_wconf 89' lang='lat' dir='ltr'>trientem,</span> <span class='ocrx_word' id='word_1_284' title='bbox 448 2294 538 2328; x_wconf 88' lang='lat' dir='ltr'>quae</span> <span class='ocrx_word' id='word_1_285' title='bbox 563 2281 756 2313; x_wconf 75' lang='lat' dir='ltr'>vocabatur</span> <span class='ocrx_word' id='word_1_286' title='bbox 780 2279 959 2324; x_wconf 79' lang='lat' dir='ltr'>legitima,</span> <span class='ocrx_word' id='word_1_287' title='bbox 992 2279 1110 2311; x_wconf 87' lang='lat' dir='ltr'>debita</span> <span class='ocrx_word' id='word_1_288' title='bbox 1137 2278 1213 2312; x_wconf 89' lang='lat' dir='ltr'>iure</span> 
     </span>
     <span class='ocr_line' id='line_1_43' title="bbox 232 2330 1213 2379; baseline -0.006 -11"><span class='ocrx_word' id='word_1_289' title='bbox 232 2334 407 2374; x_wconf 88' lang='lat' dir='ltr'>naturali,</span> <span class='ocrx_word' id='word_1_290' title='bbox 435 2345 541 2379; x_wconf 87' lang='lat' dir='ltr'>quam</span> <span class='ocrx_word' id='word_1_291' title='bbox 568 2338 732 2375; x_wconf 84' lang='lat' dir='ltr'>parentes</span> <span class='ocrx_word' id='word_1_292' title='bbox 755 2344 829 2364; x_wconf 92' lang='lat' dir='ltr'>non</span> <span class='ocrx_word' id='word_1_293' title='bbox 850 2336 999 2374; x_wconf 87' lang='lat' dir='ltr'>possunt</span> <span class='ocrx_word' id='word_1_294' title='bbox 1017 2330 1152 2374; x_wconf 86' lang='lat' dir='ltr'>eripere</span> <span class='ocrx_word' id='word_1_295' title='bbox 1173 2330 1213 2362; x_wconf 91' lang='lat' dir='ltr'>li-</span> 
     </span>
     <span class='ocr_line' id='line_1_44' title="bbox 232 2381 1213 2428; baseline -0.006 -9"><span class='ocrx_word' id='word_1_296' title='bbox 232 2387 345 2425; x_wconf 90' lang='lat' dir='ltr'>beris,</span> <span class='ocrx_word' id='word_1_297' title='bbox 371 2385 439 2418; x_wconf 89' lang='lat' dir='ltr'>nisi</span> <span class='ocrx_word' id='word_1_298' title='bbox 460 2390 606 2428; x_wconf 89' lang='lat' dir='ltr'>propter</span> <span class='ocrx_word' id='word_1_299' title='bbox 624 2389 718 2416; x_wconf 90' lang='lat' dir='ltr'>certa</span> <span class='ocrx_word' id='word_1_300' title='bbox 741 2383 883 2416; x_wconf 87' lang='lat' dir='ltr'>scelera.</span> <span class='ocrx_word' id='word_1_301' title='bbox 934 2381 999 2413; x_wconf 86' lang='lat' dir='ltr'>Hic</span> <span class='ocrx_word' id='word_1_302' title='bbox 1016 2387 1213 2426; x_wconf 86' lang='lat' dir='ltr'>sequuntur</span> 
     </span>
     <span class='ocr_line' id='line_1_45' title="bbox 233 2433 1212 2474; baseline -0.006 -3"><span class='ocrx_word' id='word_1_303' title='bbox 233 2435 474 2471; x_wconf 82' lang='lat' dir='ltr'>conclusiones</span> <span class='ocrx_word' id='word_1_304' title='bbox 497 2448 571 2468; x_wconf 88' lang='lat' dir='ltr'>non</span> <span class='ocrx_word' id='word_1_305' title='bbox 594 2434 792 2468; x_wconf 89' lang='lat' dir='ltr'>necessario</span> <span class='ocrx_word' id='word_1_306' title='bbox 804 2461 813 2474; x_wconf 93' lang='lat'>‚</span> <span class='ocrx_word' id='word_1_307' title='bbox 840 2433 901 2466; x_wconf 88' lang='lat' dir='ltr'>sed</span> <span class='ocrx_word' id='word_1_308' title='bbox 918 2439 1037 2466; x_wconf 91' lang='lat' dir='ltr'>tamen</span> <span class='ocrx_word' id='word_1_309' title='bbox 1054 2439 1136 2466; x_wconf 90' lang='lat' dir='ltr'>sunt</span> <span class='ocrx_word' id='word_1_310' title='bbox 1153 2433 1212 2465; x_wconf 87' lang='lat' dir='ltr'>de-</span> 
     </span>
     <span class='ocr_line' id='line_1_46' title="bbox 230 2484 1210 2531; baseline -0.007 -8"><span class='ocrx_word' id='word_1_311' title='bbox 230 2487 498 2523; x_wconf 86' lang='lat' dir='ltr'>terminationes</span> <span class='ocrx_word' id='word_1_312' title='bbox 515 2486 687 2531; x_wconf 84' lang='lat' dir='ltr'>quaedam</span> <span class='ocrx_word' id='word_1_313' title='bbox 707 2484 924 2529; x_wconf 82' lang='lat' dir='ltr'>generalium</span> <span class='ocrx_word' id='word_1_314' title='bbox 941 2484 1210 2524; x_wconf 83' lang='lat' dir='ltr'>sententiarum,</span> 
     </span>
     <span class='ocr_line' id='line_1_47' title="bbox 232 2534 1210 2585; baseline -0.007 -11"><span class='ocrx_word' id='word_1_315' title='bbox 232 2554 272 2574; x_wconf 79' lang='lat' dir='ltr'>ex</span> <span class='ocrx_word' id='word_1_316' title='bbox 290 2539 416 2585; x_wconf 86' lang='lat' dir='ltr'>quibus</span> <span class='ocrx_word' id='word_1_317' title='bbox 431 2544 638 2583; x_wconf 82' lang='lat' dir='ltr'>sequuntur.</span> <span class='ocrx_word' id='word_1_318' title='bbox 681 2537 731 2571; x_wconf 91' lang='lat' dir='ltr'>Ut</span> <span class='ocrx_word' id='word_1_319' title='bbox 747 2536 841 2570; x_wconf 84' lang='lat' dir='ltr'>enim</span> <span class='ocrx_word' id='word_1_320' title='bbox 859 2535 985 2569; x_wconf 87' lang='lat' dir='ltr'>medici</span> <span class='ocrx_word' id='word_1_321' title='bbox 1003 2535 1039 2567; x_wconf 87' lang='lat' dir='ltr'>in</span> <span class='ocrx_word' id='word_1_322' title='bbox 1058 2534 1210 2568; x_wconf 89' lang='lat' dir='ltr'>curatio—</span> 
     </span>
     <span class='ocr_line' id='line_1_48' title="bbox 232 2586 1209 2634; baseline -0.007 -9"><span class='ocrx_word' id='word_1_323' title='bbox 232 2593 333 2626; x_wconf 85' lang='lat' dir='ltr'>nibus</span> <span class='ocrx_word' id='word_1_324' title='bbox 362 2595 507 2634; x_wconf 88' lang='lat' dir='ltr'>propter</span> <span class='ocrx_word' id='word_1_325' title='bbox 536 2588 743 2622; x_wconf 71' lang='lat' dir='ltr'>varietatem</span> <span class='ocrx_word' id='word_1_326' title='bbox 773 2586 1117 2620; x_wconf 83' lang='lat' dir='ltr'>circumstantiarum</span> <span class='ocrx_word' id='word_1_327' title='bbox 1148 2598 1209 2618; x_wconf 87' lang='lat' dir='ltr'>au-</span> 
     </span>
     <span class='ocr_line' id='line_1_49' title="bbox 229 2637 1207 2687; baseline -0.006 -12"><span class='ocrx_word' id='word_1_328' title='bbox 229 2649 311 2687; x_wconf 80' lang='lat' dir='ltr'>gent</span> <span class='ocrx_word' id='word_1_329' title='bbox 335 2647 395 2674; x_wconf 89' lang='lat' dir='ltr'>aut</span> <span class='ocrx_word' id='word_1_330' title='bbox 421 2641 654 2672; x_wconf 88' lang='lat' dir='ltr'>moderantur</span> <span class='ocrx_word' id='word_1_331' title='bbox 679 2639 827 2672; x_wconf 85' lang='lat' dir='ltr'>remedii</span> <span class='ocrx_word' id='word_1_332' title='bbox 856 2639 1008 2671; x_wconf 86' lang='lat' dir='ltr'>formam</span> <span class='ocrx_word' id='word_1_333' title='bbox 1031 2637 1207 2682; x_wconf 86' lang='lat' dir='ltr'>probabili</span> 
     </span>
     <span class='ocr_line' id='line_1_50' title="bbox 229 2687 1206 2735; baseline -0.008 -7"><span class='ocrx_word' id='word_1_334' title='bbox 229 2695 366 2728; x_wconf 88' lang='lat' dir='ltr'>ratione.</span> <span class='ocrx_word' id='word_1_335' title='bbox 380 2718 389 2731; x_wconf 90' lang='lat'>‚</span> <span class='ocrx_word' id='word_1_336' title='bbox 418 2691 463 2723; x_wconf 92' lang='lat' dir='ltr'>ita</span> <span class='ocrx_word' id='word_1_337' title='bbox 482 2691 730 2735; x_wconf 83' lang='lat' dir='ltr'>legumlatores</span> <span class='ocrx_word' id='word_1_338' title='bbox 749 2697 895 2735; x_wconf 88' lang='lat' dir='ltr'>propter</span> <span class='ocrx_word' id='word_1_339' title='bbox 910 2689 1116 2722; x_wconf 79' lang='lat' dir='ltr'>varietatem</span> <span class='ocrx_word' id='word_1_340' title='bbox 1141 2687 1206 2721; x_wconf 88' lang='lat' dir='ltr'>cir-</span> 
     </span>
     <span class='ocr_line' id='line_1_51' title="bbox 229 2741 1207 2787; baseline -0.006 -7"><span class='ocrx_word' id='word_1_341' title='bbox 229 2742 519 2780; x_wconf 86' lang='lat' dir='ltr'>cumstantiarum</span> <span class='ocrx_word' id='word_1_342' title='bbox 543 2748 753 2787; x_wconf 83' lang='lat' dir='ltr'>exasperant</span> <span class='ocrx_word' id='word_1_343' title='bbox 779 2748 839 2776; x_wconf 88' lang='lat' dir='ltr'>aut</span> <span class='ocrx_word' id='word_1_344' title='bbox 872 2741 1037 2785; x_wconf 75' lang='lat' dir='ltr'>mitigant</span> <span class='ocrx_word' id='word_1_345' title='bbox 1062 2751 1207 2785; x_wconf 81' lang='lat' dir='ltr'>gencra-</span> 
     </span>
    </p>
   </div>
   <div class='ocr_carea' id='block_1_3' title="bbox 490 142 1976 190">
    <p class='ocr_par' dir='ltr' id='par_1_4' title="bbox 490 142 1976 190">
     <span class='ocr_line' id='line_1_52' title="bbox 490 142 1976 190; baseline -0.008 0"><span class='ocrx_word' id='word_1_346' title='bbox 490 154 690 190; x_wconf 59' lang='lat' dir='ltr'>scalam</span> <span class='ocrx_word' id='word_1_347' title='bbox 717 153 791 187; x_wconf 85' lang='lat' dir='ltr'>PII.</span> <span class='ocrx_word' id='word_1_348' title='bbox 818 152 930 186; x_wconf 66' lang='lat' dir='ltr'>MEL.</span> <span class='ocrx_word' id='word_1_349' title='bbox 958 151 1022 184; x_wconf 68' lang='lat' dir='ltr'>AD</span> <span class='ocrx_word' id='word_1_350' title='bbox 1050 147 1258 183; x_wconf 57' lang='lat' dir='ltr'>tfi&#39;rmffljs</span> <span class='ocrx_word' id='word_1_351' title='bbox 1285 146 1349 180; x_wconf 75' lang='lat' dir='ltr'>ET</span> <span class='ocrx_word' id='word_1_352' title='bbox 1377 144 1634 180; x_wconf 76' lang='lat' dir='ltr'>POLITICEN</span> <span class='ocrx_word' id='word_1_353' title='bbox 1665 142 1976 179; x_wconf 72' lang='lat' dir='ltr'>SPECTANTIA.</span> 
     </span>
    </p>
   </div>
   <div class='ocr_carea' id='block_1_4' title="bbox 2197 142 2246 177">
    <p class='ocr_par' dir='ltr' id='par_1_5' title="bbox 2197 142 2246 177">
     <span class='ocr_line' id='line_1_53' title="bbox 2197 142 2246 177; baseline 0.02 -1"><span class='ocrx_word' id='word_1_354' title='bbox 2197 142 2246 177; x_wconf 74' lang='lat'>72</span> 
     </span>
    </p>
   </div>
   <div class='ocr_carea' id='block_1_5' title="bbox 1264 226 2256 1147">
    <p class='ocr_par' dir='ltr' id='par_1_6' title="bbox 1264 226 2256 1147">
     <span class='ocr_line' id='line_1_54' title="bbox 1264 226 2249 277; baseline -0.007 -12"><span class='ocrx_word' id='word_1_355' title='bbox 1264 232 1313 266; x_wconf 92' lang='lat' dir='ltr'>les</span> <span class='ocrx_word' id='word_1_356' title='bbox 1330 232 1485 267; x_wconf 86' lang='lat' dir='ltr'>notitias.</span> <span class='ocrx_word' id='word_1_357' title='bbox 1537 232 1600 265; x_wconf 79' lang='lat' dir='ltr'>Est</span> <span class='ocrx_word' id='word_1_358' title='bbox 1615 232 1722 276; x_wconf 85' lang='lat' dir='ltr'>igitur</span> <span class='ocrx_word' id='word_1_359' title='bbox 1745 232 1798 266; x_wconf 90' lang='lat' dir='ltr'>ius</span> <span class='ocrx_word' id='word_1_360' title='bbox 1817 230 2010 277; x_wconf 79' lang='lat' dir='ltr'>positivum</span> <span class='ocrx_word' id='word_1_361' title='bbox 2028 226 2173 273; x_wconf 89' lang='lat' dir='ltr'>proprie</span> <span class='ocrx_word' id='word_1_362' title='bbox 2189 228 2249 259; x_wconf 84' lang='lat' dir='ltr'>de-</span> 
     </span>
     <span class='ocr_line' id='line_1_55' title="bbox 1265 280 2251 329; baseline -0.007 -12"><span class='ocrx_word' id='word_1_363' title='bbox 1265 283 1470 317; x_wconf 84' lang='lat' dir='ltr'>terminatio</span> <span class='ocrx_word' id='word_1_364' title='bbox 1503 284 1677 329; x_wconf 81' lang='lat' dir='ltr'>quaedam</span> <span class='ocrx_word' id='word_1_365' title='bbox 1704 285 1790 318; x_wconf 87' lang='lat' dir='ltr'>iuris</span> <span class='ocrx_word' id='word_1_366' title='bbox 1823 281 2014 320; x_wconf 87' lang='lat' dir='ltr'>naturalis,</span> <span class='ocrx_word' id='word_1_367' title='bbox 2049 280 2092 312; x_wconf 89' lang='lat' dir='ltr'>ad</span> <span class='ocrx_word' id='word_1_368' title='bbox 2116 284 2251 311; x_wconf 88' lang='lat' dir='ltr'>certum</span> 
     </span>
     <span class='ocr_line' id='line_1_56' title="bbox 1266 327 2253 381; baseline -0.006 -14"><span class='ocrx_word' id='word_1_369' title='bbox 1266 335 1432 374; x_wconf 89' lang='lat' dir='ltr'>modum,</span> <span class='ocrx_word' id='word_1_370' title='bbox 1459 341 1606 379; x_wconf 86' lang='lat' dir='ltr'>propter</span> <span class='ocrx_word' id='word_1_371' title='bbox 1622 335 1758 381; x_wconf 83' lang='lat' dir='ltr'>aliquas</span> <span class='ocrx_word' id='word_1_372' title='bbox 1775 331 2068 369; x_wconf 85' lang='lat' dir='ltr'>circumstantias.</span> <span class='ocrx_word' id='word_1_373' title='bbox 2105 327 2253 362; x_wconf 81' lang='lat' dir='ltr'>Ethaec</span> 
     </span>
     <span class='ocr_line' id='line_1_57' title="bbox 1268 381 2253 432; baseline -0.005 -15"><span class='ocrx_word' id='word_1_374' title='bbox 1268 386 1343 430; x_wconf 88' lang='lat' dir='ltr'>ipsa</span> <span class='ocrx_word' id='word_1_375' title='bbox 1366 385 1615 418; x_wconf 80' lang='lat' dir='ltr'>determinatio</span> <span class='ocrx_word' id='word_1_376' title='bbox 1642 384 1748 420; x_wconf 89' lang='lat' dir='ltr'>babet</span> <span class='ocrx_word' id='word_1_377' title='bbox 1771 386 1927 432; x_wconf 85' lang='lat' dir='ltr'>aliquam</span> <span class='ocrx_word' id='word_1_378' title='bbox 1951 381 2173 428; x_wconf 86' lang='lat' dir='ltr'>probabilem</span> <span class='ocrx_word' id='word_1_379' title='bbox 2195 392 2253 413; x_wconf 84' lang='lat' dir='ltr'>ra-</span> 
     </span>
     <span class='ocr_line' id='line_1_58' title="bbox 1268 431 2252 482; baseline -0.005 -13"><span class='ocrx_word' id='word_1_380' title='bbox 1268 437 1422 475; x_wconf 91' lang='lat' dir='ltr'>tionem,</span> <span class='ocrx_word' id='word_1_381' title='bbox 1457 436 1545 469; x_wconf 88' lang='lat' dir='ltr'>sicut</span> <span class='ocrx_word' id='word_1_382' title='bbox 1570 437 1613 469; x_wconf 83' lang='lat' dir='ltr'>(lc</span> <span class='ocrx_word' id='word_1_383' title='bbox 1635 438 1721 470; x_wconf 88' lang='lat' dir='ltr'>snrti</span> <span class='ocrx_word' id='word_1_384' title='bbox 1747 450 1862 482; x_wconf 84' lang='lat' dir='ltr'>poena</span> <span class='ocrx_word' id='word_1_385' title='bbox 1887 437 2019 470; x_wconf 87' lang='lat' dir='ltr'>dictum</span> <span class='ocrx_word' id='word_1_386' title='bbox 2046 439 2107 468; x_wconf 86' lang='lat' dir='ltr'>cst.</span> <span class='ocrx_word' id='word_1_387' title='bbox 2161 431 2252 465; x_wconf 88' lang='lat' dir='ltr'>Cum</span> 
     </span>
     <span class='ocr_line' id='line_1_59' title="bbox 1269 482 2253 533; baseline -0.004 -13"><span class='ocrx_word' id='word_1_388' title='bbox 1269 494 1386 521; x_wconf 90' lang='lat' dir='ltr'>antem</span> <span class='ocrx_word' id='word_1_389' title='bbox 1413 487 1697 521; x_wconf 81' lang='lat' dir='ltr'>circumstantiae</span> <span class='ocrx_word' id='word_1_390' title='bbox 1722 489 1880 529; x_wconf 68' lang='lat' dir='ltr'>varient,</span> <span class='ocrx_word' id='word_1_391' title='bbox 1908 486 2085 533; x_wconf 83' lang='lat' dir='ltr'>quaedam</span> <span class='ocrx_word' id='word_1_392' title='bbox 2101 482 2253 517; x_wconf 85' lang='lat' dir='ltr'>dissimi-</span> 
     </span>
     <span class='ocr_line' id='line_1_60' title="bbox 1268 535 2254 583; baseline -0.004 -12"><span class='ocrx_word' id='word_1_393' title='bbox 1268 539 1380 572; x_wconf 87' lang='lat' dir='ltr'>litudo</span> <span class='ocrx_word' id='word_1_394' title='bbox 1407 545 1457 572; x_wconf 88' lang='lat' dir='ltr'>est</span> <span class='ocrx_word' id='word_1_395' title='bbox 1480 538 1566 572; x_wconf 87' lang='lat' dir='ltr'>iuris</span> <span class='ocrx_word' id='word_1_396' title='bbox 1591 539 1734 583; x_wconf 73' lang='lat' dir='ltr'>positivi</span> <span class='ocrx_word' id='word_1_397' title='bbox 1752 539 1788 572; x_wconf 86' lang='lat' dir='ltr'>in</span> <span class='ocrx_word' id='word_1_398' title='bbox 1804 539 1951 572; x_wconf 77' lang='lat' dir='ltr'>diversis</span> <span class='ocrx_word' id='word_1_399' title='bbox 1965 535 2191 574; x_wconf 84' lang='lat' dir='ltr'>nationibus,</span> <span class='ocrx_word' id='word_1_400' title='bbox 2205 539 2254 567; x_wconf 83' lang='lat' dir='ltr'>.et</span> 
     </span>
     <span class='ocr_line' id='line_1_61' title="bbox 1269 588 2254 635; baseline -0.006 -12"><span class='ocrx_word' id='word_1_401' title='bbox 1269 594 1388 623; x_wconf 85' lang='lat' dir='ltr'>tamen</span> <span class='ocrx_word' id='word_1_402' title='bbox 1405 589 1456 622; x_wconf 91' lang='lat' dir='ltr'>ius</span> <span class='ocrx_word' id='word_1_403' title='bbox 1470 590 1661 634; x_wconf 74' lang='lat' dir='ltr'>positivum</span> <span class='ocrx_word' id='word_1_404' title='bbox 1675 590 1865 633; x_wconf 81' lang='lat' dir='ltr'>gubernari</span> <span class='ocrx_word' id='word_1_405' title='bbox 1881 590 1998 635; x_wconf 87' lang='lat' dir='ltr'>aliqua</span> <span class='ocrx_word' id='word_1_406' title='bbox 2012 588 2133 632; x_wconf 82' lang='lat' dir='ltr'>regula</span> <span class='ocrx_word' id='word_1_407' title='bbox 2149 595 2254 629; x_wconf 89' lang='lat' dir='ltr'>opor-</span> 
     </span>
     <span class='ocr_line' id='line_1_62' title="bbox 1270 636 2254 686; baseline -0.004 -13"><span class='ocrx_word' id='word_1_408' title='bbox 1270 647 1336 681; x_wconf 89' lang='lat' dir='ltr'>tet,</span> <span class='ocrx_word' id='word_1_409' title='bbox 1359 641 1539 682; x_wconf 78' lang='lat' dir='ltr'>videlicet,</span> <span class='ocrx_word' id='word_1_410' title='bbox 1562 653 1606 674; x_wconf 91' lang='lat' dir='ltr'>ne</span> <span class='ocrx_word' id='word_1_411' title='bbox 1623 648 1753 686; x_wconf 80' lang='lat' dir='ltr'>pugnet</span> <span class='ocrx_word' id='word_1_412' title='bbox 1772 654 1851 675; x_wconf 90' lang='lat' dir='ltr'>cnm</span> <span class='ocrx_word' id='word_1_413' title='bbox 1870 641 1945 674; x_wconf 89' lang='lat' dir='ltr'>iure</span> <span class='ocrx_word' id='word_1_414' title='bbox 1964 639 2132 673; x_wconf 90' lang='lat' dir='ltr'>naturali.</span> <span class='ocrx_word' id='word_1_415' title='bbox 2161 636 2254 670; x_wconf 89' lang='lat' dir='ltr'>Con—</span> 
     </span>
     <span class='ocr_line' id='line_1_63' title="bbox 1270 687 2255 737; baseline -0.005 -12"><span class='ocrx_word' id='word_1_416' title='bbox 1270 692 1367 725; x_wconf 74' lang='lat' dir='ltr'>venit</span> <span class='ocrx_word' id='word_1_417' title='bbox 1382 694 1425 725; x_wconf 90' lang='lat' dir='ltr'>ad</span> <span class='ocrx_word' id='word_1_418' title='bbox 1444 692 1718 737; x_wconf 78' lang='lat' dir='ltr'>descriptionem</span> <span class='ocrx_word' id='word_1_419' title='bbox 1740 693 1826 726; x_wconf 90' lang='lat' dir='ltr'>iuris</span> <span class='ocrx_word' id='word_1_420' title='bbox 1843 691 2006 737; x_wconf 78' lang='lat' dir='ltr'>positivi,</span> <span class='ocrx_word' id='word_1_421' title='bbox 2033 688 2190 724; x_wconf 84' lang='lat' dir='ltr'>definitio</span> <span class='ocrx_word' id='word_1_422' title='bbox 2206 687 2255 721; x_wconf 90' lang='lat' dir='ltr'>le-</span> 
     </span>
     <span class='ocr_line' id='line_1_64' title="bbox 1270 739 2253 788; baseline -0.004 -13"><span class='ocrx_word' id='word_1_423' title='bbox 1270 744 1321 787; x_wconf 79' lang='lat' dir='ltr'>gis</span> <span class='ocrx_word' id='word_1_424' title='bbox 1343 745 1437 788; x_wconf 86' lang='lat' dir='ltr'>apud</span> <span class='ocrx_word' id='word_1_425' title='bbox 1451 742 1740 778; x_wconf 83' lang='lat' dir='ltr'>Demosthenem.</span> <span class='ocrx_word' id='word_1_426' title='bbox 1795 745 1956 777; x_wconf 85' lang='lat' dir='ltr'>Primum</span> <span class='ocrx_word' id='word_1_427' title='bbox 1976 741 2071 775; x_wconf 76' lang='lat' dir='ltr'>enirn</span> <span class='ocrx_word' id='word_1_428' title='bbox 2088 740 2185 786; x_wconf 88' lang='lat' dir='ltr'>quod</span> <span class='ocrx_word' id='word_1_429' title='bbox 2200 739 2253 772; x_wconf 88' lang='lat' dir='ltr'>in-</span> 
     </span>
     <span class='ocr_line' id='line_1_65' title="bbox 1271 795 2254 841; baseline -0.004 -14"><span class='ocrx_word' id='word_1_430' title='bbox 1271 795 1368 840; x_wconf 89' lang='lat' dir='ltr'>quit,</span> <span class='ocrx_word' id='word_1_431' title='bbox 1395 795 1506 838; x_wconf 83' lang='lat' dir='ltr'>legem</span> <span class='ocrx_word' id='word_1_432' title='bbox 1531 807 1603 828; x_wconf 84' lang='lat' dir='ltr'>esse</span> <span class='ocrx_word' id='word_1_433' title='bbox 1626 797 1760 828; x_wconf 87' lang='lat' dir='ltr'>donum</span> <span class='ocrx_word' id='word_1_434' title='bbox 1778 796 1844 828; x_wconf 88' lang='lat' dir='ltr'>Dei</span> <span class='ocrx_word' id='word_1_435' title='bbox 1859 795 1926 841; x_wconf 81' lang='lat'>⁰⁷),</span> <span class='ocrx_word' id='word_1_436' title='bbox 1953 799 2046 827; x_wconf 89' lang='lat' dir='ltr'>recte</span> <span class='ocrx_word' id='word_1_437' title='bbox 2063 797 2187 825; x_wconf 88' lang='lat' dir='ltr'>monet</span> <span class='ocrx_word' id='word_1_438' title='bbox 2199 802 2254 824; x_wconf 88' lang='lat' dir='ltr'>re-</span> 
     </span>
     <span class='ocr_line' id='line_1_66' title="bbox 1271 841 2255 891; baseline -0.005 -13"><span class='ocrx_word' id='word_1_439' title='bbox 1271 847 1388 889; x_wconf 76' lang='lat' dir='ltr'>gulam</span> <span class='ocrx_word' id='word_1_440' title='bbox 1406 846 1567 880; x_wconf 89' lang='lat' dir='ltr'>omnium</span> <span class='ocrx_word' id='word_1_441' title='bbox 1591 847 1707 890; x_wconf 80' lang='lat' dir='ltr'>legum</span> <span class='ocrx_word' id='word_1_442' title='bbox 1725 853 1890 891; x_wconf 84' lang='lat' dir='ltr'>oportere</span> <span class='ocrx_word' id='word_1_443' title='bbox 1911 858 1983 879; x_wconf 82' lang='lat' dir='ltr'>csse</span> <span class='ocrx_word' id='word_1_444' title='bbox 2002 843 2148 877; x_wconf 84' lang='lat' dir='ltr'>notitias</span> <span class='ocrx_word' id='word_1_445' title='bbox 2166 841 2255 875; x_wconf 84' lang='lat' dir='ltr'>(livi-</span> 
     </span>
     <span class='ocr_line' id='line_1_67' title="bbox 1271 893 2256 943; baseline -0.004 -14"><span class='ocrx_word' id='word_1_446' title='bbox 1271 897 1365 930; x_wconf 85' lang='lat' dir='ltr'>nitus</span> <span class='ocrx_word' id='word_1_447' title='bbox 1388 897 1576 942; x_wconf 87' lang='lat' dir='ltr'>impressas</span> <span class='ocrx_word' id='word_1_448' title='bbox 1600 895 1817 932; x_wconf 84' lang='lat' dir='ltr'>bominibus.</span> <span class='ocrx_word' id='word_1_449' title='bbox 1870 898 1939 931; x_wconf 85' lang='lat' dir='ltr'>Sed</span> <span class='ocrx_word' id='word_1_450' title='bbox 1963 897 2059 943; x_wconf 90' lang='lat' dir='ltr'>qnod</span> <span class='ocrx_word' id='word_1_451' title='bbox 2083 893 2256 939; x_wconf 86' lang='lat' dir='ltr'>sequitur,</span> 
     </span>
     <span class='ocr_line' id='line_1_68' title="bbox 1273 948 2256 993; baseline -0.003 -14"><span class='ocrx_word' id='word_1_452' title='bbox 1273 948 1415 992; x_wconf 89' lang='lat' dir='ltr'>proprie</span> <span class='ocrx_word' id='word_1_453' title='bbox 1437 949 1591 993; x_wconf 85' lang='lat' dir='ltr'>pertinet</span> <span class='ocrx_word' id='word_1_454' title='bbox 1615 950 1659 982; x_wconf 91' lang='lat' dir='ltr'>ad</span> <span class='ocrx_word' id='word_1_455' title='bbox 1683 949 1735 983; x_wconf 91' lang='lat' dir='ltr'>ius</span> <span class='ocrx_word' id='word_1_456' title='bbox 1759 949 1970 993; x_wconf 73' lang='lat' dir='ltr'>positivum,</span> <span class='ocrx_word' id='word_1_457' title='bbox 1999 948 2179 980; x_wconf 89' lang='lat' dir='ltr'>decretum</span> <span class='ocrx_word' id='word_1_458' title='bbox 2201 956 2256 978; x_wconf 88' lang='lat' dir='ltr'>sa-</span> 
     </span>
     <span class='ocr_line' id='line_1_69' title="bbox 1273 994 2255 1044; baseline -0.004 -13"><span class='ocrx_word' id='word_1_459' title='bbox 1273 999 1450 1043; x_wconf 82' lang='lat' dir='ltr'>pientum,</span> <span class='ocrx_word' id='word_1_460' title='bbox 1473 1006 1506 1033; x_wconf 90' lang='lat' dir='ltr'>ct</span> <span class='ocrx_word' id='word_1_461' title='bbox 1523 1012 1711 1033; x_wconf 84' lang='lat' dir='ltr'>commune</span> <span class='ocrx_word' id='word_1_462' title='bbox 1730 1007 1871 1044; x_wconf 87' lang='lat' dir='ltr'>pactum</span> <span class='ocrx_word' id='word_1_463' title='bbox 1888 999 2050 1033; x_wconf 75' lang='lat' dir='ltr'>civitatis.</span> <span class='ocrx_word' id='word_1_464' title='bbox 2078 997 2143 1030; x_wconf 89' lang='lat' dir='ltr'>Hic</span> <span class='ocrx_word' id='word_1_465' title='bbox 2159 994 2255 1029; x_wconf 88' lang='lat' dir='ltr'>enim</span> 
     </span>
     <span class='ocr_line' id='line_1_70' title="bbox 1272 1048 2254 1095; baseline -0.004 -13"><span class='ocrx_word' id='word_1_466' title='bbox 1272 1051 1435 1093; x_wconf 68' lang='lat' dir='ltr'>intelligit</span> <span class='ocrx_word' id='word_1_467' title='bbox 1459 1051 1623 1084; x_wconf 90' lang='lat' dir='ltr'>notitiam</span> <span class='ocrx_word' id='word_1_468' title='bbox 1648 1052 1856 1095; x_wconf 70' lang='lat' dir='ltr'>explicatam</span> <span class='ocrx_word' id='word_1_469' title='bbox 1884 1058 1917 1085; x_wconf 86' lang='lat' dir='ltr'>et</span> <span class='ocrx_word' id='word_1_470' title='bbox 1937 1048 2210 1083; x_wconf 82' lang='lat' dir='ltr'>determinatam</span> <span class='ocrx_word' id='word_1_471' title='bbox 2234 1058 2254 1078; x_wconf 83' lang='lat' dir='ltr'>a</span> 
     </span>
     <span class='ocr_line' id='line_1_71' title="bbox 1271 1097 2256 1147; baseline -0.006 -12"><span class='ocrx_word' id='word_1_472' title='bbox 1271 1102 1501 1146; x_wconf 84' lang='lat' dir='ltr'>sapientibus,</span> <span class='ocrx_word' id='word_1_473' title='bbox 1524 1109 1557 1135; x_wconf 91' lang='lat' dir='ltr'>et</span> <span class='ocrx_word' id='word_1_474' title='bbox 1574 1103 1838 1147; x_wconf 78' lang='lat' dir='ltr'>promulgatam</span> <span class='ocrx_word' id='word_1_475' title='bbox 1854 1102 2044 1137; x_wconf 88' lang='lat' dir='ltr'>autoritate</span> <span class='ocrx_word' id='word_1_476' title='bbox 2061 1097 2256 1133; x_wconf 85' lang='lat' dir='ltr'>ordinaria.</span> 
     </span>
    </p>
   </div>
   <div class='ocr_carea' id='block_1_6' title="bbox 1322 1183 2206 1234">
    <p class='ocr_par' dir='ltr' id='par_1_7' title="bbox 1322 1183 2206 1234">
     <span class='ocr_line' id='line_1_72' title="bbox 1322 1183 2206 1234; baseline -0.001 -14"><span class='ocrx_word' id='word_1_477' title='bbox 1322 1189 1433 1221; x_wconf 70' lang='lat' dir='ltr'>Estne</span> <span class='ocrx_word' id='word_1_478' title='bbox 1450 1189 1511 1221; x_wconf 81' lang='lat' dir='ltr'>ius</span> <span class='ocrx_word' id='word_1_479' title='bbox 1528 1191 1691 1222; x_wconf 76' lang='lat' dir='ltr'>naturae</span> <span class='ocrx_word' id='word_1_480' title='bbox 1708 1187 1754 1234; x_wconf 72' lang='lat' dir='ltr'>ss)</span> <span class='ocrx_word' id='word_1_481' title='bbox 1782 1200 1928 1234; x_wconf 77' lang='lat' dir='ltr'>semper</span> <span class='ocrx_word' id='word_1_482' title='bbox 1945 1183 2206 1222; x_wconf 70' lang='lat' dir='ltr'>inmutabile?</span> 
     </span>
    </p>
   </div>
   <div class='ocr_carea' id='block_1_7' title="bbox 1264 1254 2265 2527">
    <p class='ocr_par' dir='ltr' id='par_1_8' title="bbox 1264 1254 2265 2527">
     <span class='ocr_line' id='line_1_73' title="bbox 1374 1254 2256 1296; baseline -0.001 -9"><span class='ocrx_word' id='word_1_483' title='bbox 1374 1254 1471 1287; x_wconf 88' lang='lat' dir='ltr'>Sicut</span> <span class='ocrx_word' id='word_1_484' title='bbox 1494 1254 1615 1286; x_wconf 89' lang='lat' dir='ltr'>lumen</span> <span class='ocrx_word' id='word_1_485' title='bbox 1639 1254 1676 1287; x_wconf 88' lang='lat' dir='ltr'>in</span> <span class='ocrx_word' id='word_1_486' title='bbox 1694 1255 1820 1296; x_wconf 89' lang='lat' dir='ltr'>oculis,</span> <span class='ocrx_word' id='word_1_487' title='bbox 1847 1257 1930 1290; x_wconf 89' lang='lat' dir='ltr'>dum</span> <span class='ocrx_word' id='word_1_488' title='bbox 1949 1262 2031 1289; x_wconf 91' lang='lat' dir='ltr'>sunt</span> <span class='ocrx_word' id='word_1_489' title='bbox 2050 1254 2256 1293; x_wconf 86' lang='lat' dir='ltr'>incolumes,</span> 
     </span>
     <span class='ocr_line' id='line_1_74' title="bbox 1272 1304 2265 1351; baseline 0.001 -15"><span class='ocrx_word' id='word_1_490' title='bbox 1272 1304 1364 1336; x_wconf 89' lang='lat' dir='ltr'>idem</span> <span class='ocrx_word' id='word_1_491' title='bbox 1380 1310 1519 1337; x_wconf 89' lang='lat' dir='ltr'>manet:</span> <span class='ocrx_word' id='word_1_492' title='bbox 1546 1304 1594 1337; x_wconf 90' lang='lat' dir='ltr'>ita</span> <span class='ocrx_word' id='word_1_493' title='bbox 1611 1305 1785 1348; x_wconf 86' lang='lat' dir='ltr'>principia</span> <span class='ocrx_word' id='word_1_494' title='bbox 1804 1307 1933 1339; x_wconf 87' lang='lat' dir='ltr'>artium</span> <span class='ocrx_word' id='word_1_495' title='bbox 1951 1308 2069 1340; x_wconf 90' lang='lat' dir='ltr'>lucent</span> <span class='ocrx_word' id='word_1_496' title='bbox 2084 1311 2265 1351; x_wconf 14' lang='lat' dir='ltr'>perpetuo*</span> 
     </span>
     <span class='ocr_line' id='line_1_75' title="bbox 1274 1355 2256 1390; baseline 0 -3"><span class='ocrx_word' id='word_1_497' title='bbox 1274 1355 1310 1387; x_wconf 89' lang='lat' dir='ltr'>in</span> <span class='ocrx_word' id='word_1_498' title='bbox 1337 1355 1515 1388; x_wconf 88' lang='lat' dir='ltr'>mentibus</span> <span class='ocrx_word' id='word_1_499' title='bbox 1538 1356 1644 1389; x_wconf 87' lang='lat' dir='ltr'>sanis.</span> <span class='ocrx_word' id='word_1_500' title='bbox 1702 1356 1846 1390; x_wconf 88' lang='lat' dir='ltr'>Dictum</span> <span class='ocrx_word' id='word_1_501' title='bbox 1878 1364 1928 1390; x_wconf 89' lang='lat' dir='ltr'>est</span> <span class='ocrx_word' id='word_1_502' title='bbox 1957 1364 2074 1390; x_wconf 88' lang='lat' dir='ltr'>autem</span> <span class='ocrx_word' id='word_1_503' title='bbox 2107 1357 2161 1390; x_wconf 88' lang='lat' dir='ltr'>ius</span> <span class='ocrx_word' id='word_1_504' title='bbox 2192 1367 2256 1388; x_wconf 90' lang='lat' dir='ltr'>na-</span> 
     </span>
     <span class='ocr_line' id='line_1_76' title="bbox 1273 1406 2255 1449; baseline 0 -11"><span class='ocrx_word' id='word_1_505' title='bbox 1273 1413 1393 1445; x_wconf 89' lang='lat' dir='ltr'>turae,</span> <span class='ocrx_word' id='word_1_506' title='bbox 1421 1418 1482 1439; x_wconf 90' lang='lat' dir='ltr'>seu</span> <span class='ocrx_word' id='word_1_507' title='bbox 1507 1406 1598 1449; x_wconf 73' lang='lat' dir='ltr'>leges</span> <span class='ocrx_word' id='word_1_508' title='bbox 1622 1413 1770 1440; x_wconf 84' lang='lat' dir='ltr'>natm-ae</span> <span class='ocrx_word' id='word_1_509' title='bbox 1798 1420 1870 1441; x_wconf 88' lang='lat' dir='ltr'>esse</span> <span class='ocrx_word' id='word_1_510' title='bbox 1892 1408 2038 1442; x_wconf 87' lang='lat' dir='ltr'>notitias</span> <span class='ocrx_word' id='word_1_511' title='bbox 2061 1406 2255 1445; x_wconf 87' lang='lat' dir='ltr'>naturales,</span> 
     </span>
     <span class='ocr_line' id='line_1_77' title="bbox 1273 1457 2256 1503; baseline 0 -14"><span class='ocrx_word' id='word_1_512' title='bbox 1273 1459 1315 1490; x_wconf 89' lang='lat' dir='ltr'>de</span> <span class='ocrx_word' id='word_1_513' title='bbox 1335 1457 1461 1502; x_wconf 88' lang='lat' dir='ltr'>quibus</span> <span class='ocrx_word' id='word_1_514' title='bbox 1486 1469 1566 1490; x_wconf 89' lang='lat' dir='ltr'>cum</span> <span class='ocrx_word' id='word_1_515' title='bbox 1592 1459 1793 1503; x_wconf 86' lang='lat' dir='ltr'>quaeritur,</span> <span class='ocrx_word' id='word_1_516' title='bbox 1822 1471 1867 1492; x_wconf 88' lang='lat' dir='ltr'>an</span> <span class='ocrx_word' id='word_1_517' title='bbox 1891 1459 1945 1493; x_wconf 88' lang='lat' dir='ltr'>ius</span> <span class='ocrx_word' id='word_1_518' title='bbox 1967 1466 2116 1492; x_wconf 90' lang='lat' dir='ltr'>naturae</span> <span class='ocrx_word' id='word_1_519' title='bbox 2133 1458 2177 1492; x_wconf 90' lang='lat' dir='ltr'>sit</span> <span class='ocrx_word' id='word_1_520' title='bbox 2190 1457 2256 1490; x_wconf 86' lang='lat' dir='ltr'>im-</span> 
     </span>
     <span class='ocr_line' id='line_1_78' title="bbox 1272 1509 2254 1553; baseline 0 -12"><span class='ocrx_word' id='word_1_521' title='bbox 1272 1509 1462 1549; x_wconf 85' lang='lat' dir='ltr'>mutabile,</span> <span class='ocrx_word' id='word_1_522' title='bbox 1503 1514 1596 1541; x_wconf 89' lang='lat' dir='ltr'>recte</span> <span class='ocrx_word' id='word_1_523' title='bbox 1627 1511 1862 1553; x_wconf 86' lang='lat' dir='ltr'>respondetur</span> <span class='ocrx_word' id='word_1_524' title='bbox 1891 1510 2149 1543; x_wconf 87' lang='lat' dir='ltr'>immutabilem</span> <span class='ocrx_word' id='word_1_525' title='bbox 2181 1520 2254 1541; x_wconf 89' lang='lat' dir='ltr'>esse</span> 
     </span>
     <span class='ocr_line' id='line_1_79' title="bbox 1274 1559 2256 1600; baseline -0.001 -7"><span class='ocrx_word' id='word_1_526' title='bbox 1274 1567 1386 1593; x_wconf 91' lang='lat' dir='ltr'>totum</span> <span class='ocrx_word' id='word_1_527' title='bbox 1417 1566 1628 1593; x_wconf 90' lang='lat' dir='ltr'>concentum</span> <span class='ocrx_word' id='word_1_528' title='bbox 1656 1561 1865 1594; x_wconf 88' lang='lat' dir='ltr'>notitiarum</span> <span class='ocrx_word' id='word_1_529' title='bbox 1892 1561 2131 1600; x_wconf 87' lang='lat' dir='ltr'>naturalium,</span> <span class='ocrx_word' id='word_1_530' title='bbox 2165 1559 2256 1593; x_wconf 89' lang='lat' dir='ltr'>sicut</span> 
     </span>
     <span class='ocr_line' id='line_1_80' title="bbox 1272 1610 2255 1655; baseline -0.001 -10"><span class='ocrx_word' id='word_1_531' title='bbox 1272 1612 1394 1645; x_wconf 90' lang='lat' dir='ltr'>lumen</span> <span class='ocrx_word' id='word_1_532' title='bbox 1415 1611 1453 1644; x_wconf 90' lang='lat' dir='ltr'>in</span> <span class='ocrx_word' id='word_1_533' title='bbox 1477 1611 1586 1644; x_wconf 89' lang='lat' dir='ltr'>oculis</span> <span class='ocrx_word' id='word_1_534' title='bbox 1609 1613 1702 1645; x_wconf 87' lang='lat' dir='ltr'>sanis</span> <span class='ocrx_word' id='word_1_535' title='bbox 1725 1612 1818 1645; x_wconf 88' lang='lat' dir='ltr'>idem</span> <span class='ocrx_word' id='word_1_536' title='bbox 1843 1619 1905 1646; x_wconf 90' lang='lat' dir='ltr'>est.</span> <span class='ocrx_word' id='word_1_537' title='bbox 1956 1612 2024 1645; x_wconf 88' lang='lat' dir='ltr'>Sed</span> <span class='ocrx_word' id='word_1_538' title='bbox 2047 1612 2139 1645; x_wconf 87' lang='lat' dir='ltr'>inter</span> <span class='ocrx_word' id='word_1_539' title='bbox 2162 1610 2255 1655; x_wconf 88' lang='lat' dir='ltr'>ipsas</span> 
     </span>
     <span class='ocr_line' id='line_1_81' title="bbox 1273 1662 2255 1708; baseline 0 -13"><span class='ocrx_word' id='word_1_540' title='bbox 1273 1662 1416 1696; x_wconf 91' lang='lat' dir='ltr'>notitias</span> <span class='ocrx_word' id='word_1_541' title='bbox 1439 1662 1584 1707; x_wconf 90' lang='lat' dir='ltr'>quidam</span> <span class='ocrx_word' id='word_1_542' title='bbox 1607 1664 1734 1706; x_wconf 86' lang='lat' dir='ltr'>gradus</span> <span class='ocrx_word' id='word_1_543' title='bbox 1755 1669 1855 1703; x_wconf 90' lang='lat' dir='ltr'>sunt,</span> <span class='ocrx_word' id='word_1_544' title='bbox 1882 1670 1915 1696; x_wconf 88' lang='lat' dir='ltr'>et</span> <span class='ocrx_word' id='word_1_545' title='bbox 1937 1663 2178 1708; x_wconf 86' lang='lat' dir='ltr'>superioribus</span> <span class='ocrx_word' id='word_1_546' title='bbox 2201 1674 2255 1695; x_wconf 87' lang='lat' dir='ltr'>cc·</span> 
     </span>
     <span class='ocr_line' id='line_1_82' title="bbox 1273 1714 2254 1758; baseline 0 -12"><span class='ocrx_word' id='word_1_547' title='bbox 1273 1715 1362 1747; x_wconf 91' lang='lat' dir='ltr'>dunt</span> <span class='ocrx_word' id='word_1_548' title='bbox 1386 1714 1588 1754; x_wconf 87' lang='lat' dir='ltr'>inferiores,</span> <span class='ocrx_word' id='word_1_549' title='bbox 1616 1721 1656 1747; x_wconf 92' lang='lat' dir='ltr'>ut</span> <span class='ocrx_word' id='word_1_550' title='bbox 1673 1715 1726 1747; x_wconf 81' lang='lat' dir='ltr'>lex</span> <span class='ocrx_word' id='word_1_551' title='bbox 1742 1721 1890 1748; x_wconf 89' lang='lat' dir='ltr'>naturae</span> <span class='ocrx_word' id='word_1_552' title='bbox 1910 1721 1976 1748; x_wconf 90' lang='lat' dir='ltr'>est:</span> <span class='ocrx_word' id='word_1_553' title='bbox 2005 1715 2128 1748; x_wconf 82' lang='lat' dir='ltr'>Redde</span> <span class='ocrx_word' id='word_1_554' title='bbox 2145 1714 2254 1758; x_wconf 85' lang='lat' dir='ltr'>depo-</span> 
     </span>
     <span class='ocr_line' id='line_1_83' title="bbox 1272 1763 2254 1811; baseline -0.002 -12"><span class='ocrx_word' id='word_1_555' title='bbox 1272 1765 1398 1806; x_wconf 88' lang='lat' dir='ltr'>situm,</span> <span class='ocrx_word' id='word_1_556' title='bbox 1425 1766 1485 1798; x_wconf 85' lang='lat' dir='ltr'>sed</span> <span class='ocrx_word' id='word_1_557' title='bbox 1501 1765 1530 1799; x_wconf 90' lang='lat' dir='ltr'>si</span> <span class='ocrx_word' id='word_1_558' title='bbox 1547 1765 1699 1799; x_wconf 85' lang='lat' dir='ltr'>furiosus</span> <span class='ocrx_word' id='word_1_559' title='bbox 1716 1772 1877 1811; x_wconf 87' lang='lat' dir='ltr'>reposcat</span> <span class='ocrx_word' id='word_1_560' title='bbox 1894 1766 2048 1809; x_wconf 71' lang='lat' dir='ltr'>gladium</span> <span class='ocrx_word' id='word_1_561' title='bbox 2060 1793 2069 1806; x_wconf 93' lang='lat'>,</span> <span class='ocrx_word' id='word_1_562' title='bbox 2096 1763 2188 1799; x_wconf 90' lang='lat' dir='ltr'>hanc</span> <span class='ocrx_word' id='word_1_563' title='bbox 2205 1764 2254 1797; x_wconf 89' lang='lat' dir='ltr'>le-</span> 
     </span>
     <span class='ocr_line' id='line_1_84' title="bbox 1272 1814 2253 1861; baseline 0 -12"><span class='ocrx_word' id='word_1_564' title='bbox 1272 1829 1349 1860; x_wconf 71' lang='lat' dir='ltr'>gem</span> <span class='ocrx_word' id='word_1_565' title='bbox 1368 1816 1512 1860; x_wconf 76' lang='lat' dir='ltr'>corrigit</span> <span class='ocrx_word' id='word_1_566' title='bbox 1525 1816 1593 1849; x_wconf 85' lang='lat' dir='ltr'>alia</span> <span class='ocrx_word' id='word_1_567' title='bbox 1610 1817 1788 1861; x_wconf 87' lang='lat' dir='ltr'>superior:</span> <span class='ocrx_word' id='word_1_568' title='bbox 1821 1817 2007 1851; x_wconf 63' lang='lat' dir='ltr'>Neminem</span> <span class='ocrx_word' id='word_1_569' title='bbox 2025 1818 2163 1856; x_wconf 88' lang='lat' dir='ltr'>laedas,</span> <span class='ocrx_word' id='word_1_570' title='bbox 2190 1814 2253 1861; x_wconf 77' lang='lat' dir='ltr'>qui</span> 
     </span>
     <span class='ocr_line' id='line_1_85' title="bbox 1272 1866 2252 1913; baseline -0.001 -13"><span class='ocrx_word' id='word_1_571' title='bbox 1272 1868 1358 1901; x_wconf 88' lang='lat' dir='ltr'>nulli</span> <span class='ocrx_word' id='word_1_572' title='bbox 1377 1868 1509 1901; x_wconf 88' lang='lat' dir='ltr'>nocuit.</span> <span class='ocrx_word' id='word_1_573' title='bbox 1562 1866 1660 1901; x_wconf 87' lang='lat' dir='ltr'>Licet</span> <span class='ocrx_word' id='word_1_574' title='bbox 1675 1868 1781 1913; x_wconf 78' lang='lat' dir='ltr'>igitur</span> <span class='ocrx_word' id='word_1_575' title='bbox 1797 1880 1871 1901; x_wconf 93' lang='lat' dir='ltr'>non</span> <span class='ocrx_word' id='word_1_576' title='bbox 1885 1870 2043 1902; x_wconf 89' lang='lat' dir='ltr'>reddere.</span> <span class='ocrx_word' id='word_1_577' title='bbox 2094 1867 2252 1901; x_wconf 86' lang='lat' dir='ltr'>Proinde</span> 
     </span>
     <span class='ocr_line' id='line_1_86' title="bbox 1271 1919 2252 1965; baseline -0.003 -12"><span class='ocrx_word' id='word_1_578' title='bbox 1271 1919 1319 1953; x_wconf 88' lang='lat' dir='ltr'>sic</span> <span class='ocrx_word' id='word_1_579' title='bbox 1343 1925 1393 1953; x_wconf 89' lang='lat' dir='ltr'>est</span> <span class='ocrx_word' id='word_1_580' title='bbox 1415 1919 1635 1952; x_wconf 87' lang='lat' dir='ltr'>immutabile</span> <span class='ocrx_word' id='word_1_581' title='bbox 1658 1919 1710 1953; x_wconf 90' lang='lat' dir='ltr'>ius</span> <span class='ocrx_word' id='word_1_582' title='bbox 1734 1925 1901 1960; x_wconf 85' lang='lat' dir='ltr'>naturae,</span> <span class='ocrx_word' id='word_1_583' title='bbox 1928 1926 1967 1953; x_wconf 92' lang='lat' dir='ltr'>ut</span> <span class='ocrx_word' id='word_1_584' title='bbox 1993 1920 2171 1965; x_wconf 84' lang='lat' dir='ltr'>quaelibet</span> <span class='ocrx_word' id='word_1_585' title='bbox 2186 1929 2252 1950; x_wconf 85' lang='lat' dir='ltr'>no-</span> 
     </span>
     <span class='ocr_line' id='line_1_87' title="bbox 1271 1969 2252 2015; baseline -0.001 -12"><span class='ocrx_word' id='word_1_586' title='bbox 1271 1971 1346 2003; x_wconf 87' lang='lat' dir='ltr'>titia</span> <span class='ocrx_word' id='word_1_587' title='bbox 1373 1982 1436 2003; x_wconf 91' lang='lat' dir='ltr'>suo</span> <span class='ocrx_word' id='word_1_588' title='bbox 1468 1971 1546 2004; x_wconf 89' lang='lat' dir='ltr'>loco</span> <span class='ocrx_word' id='word_1_589' title='bbox 1577 1976 1682 2015; x_wconf 83' lang='lat' dir='ltr'>atque</span> <span class='ocrx_word' id='word_1_590' title='bbox 1711 1971 1835 2004; x_wconf 86' lang='lat' dir='ltr'>ordine</span> <span class='ocrx_word' id='word_1_591' title='bbox 1860 1977 2098 2004; x_wconf 73' lang='lat' dir='ltr'>conservetur.</span> <span class='ocrx_word' id='word_1_592' title='bbox 2155 1969 2252 2002; x_wconf 83' lang='lat' dir='ltr'>Haec</span> 
     </span>
     <span class='ocr_line' id='line_1_88' title="bbox 1271 2020 2252 2066; baseline -0.002 -11"><span class='ocrx_word' id='word_1_593' title='bbox 1271 2021 1456 2066; x_wconf 75' lang='lat' dir='ltr'>explicatio</span> <span class='ocrx_word' id='word_1_594' title='bbox 1481 2027 1603 2065; x_wconf 76' lang='lat' dir='ltr'>arguta</span> <span class='ocrx_word' id='word_1_595' title='bbox 1630 2027 1700 2061; x_wconf 89' lang='lat' dir='ltr'>est,</span> <span class='ocrx_word' id='word_1_596' title='bbox 1734 2023 1849 2055; x_wconf 83' lang='lat' dir='ltr'>dicere</span> <span class='ocrx_word' id='word_1_597' title='bbox 1878 2029 1992 2056; x_wconf 91' lang='lat' dir='ltr'>totum</span> <span class='ocrx_word' id='word_1_598' title='bbox 2019 2021 2179 2055; x_wconf 86' lang='lat' dir='ltr'>ordinem</span> <span class='ocrx_word' id='word_1_599' title='bbox 2203 2020 2252 2053; x_wconf 89' lang='lat' dir='ltr'>le—</span> 
     </span>
     <span class='ocr_line' id='line_1_89' title="bbox 1269 2072 2250 2119; baseline -0.002 -13"><span class='ocrx_word' id='word_1_600' title='bbox 1269 2085 1351 2117; x_wconf 79' lang='lat' dir='ltr'>gum</span> <span class='ocrx_word' id='word_1_601' title='bbox 1371 2072 1628 2117; x_wconf 88' lang='lat' dir='ltr'>inspiciendum</span> <span class='ocrx_word' id='word_1_602' title='bbox 1646 2085 1730 2113; x_wconf 83' lang='lat' dir='ltr'>esse,</span> <span class='ocrx_word' id='word_1_603' title='bbox 1751 2080 1784 2106; x_wconf 89' lang='lat' dir='ltr'>et</span> <span class='ocrx_word' id='word_1_604' title='bbox 1800 2086 1863 2106; x_wconf 90' lang='lat' dir='ltr'>suo</span> <span class='ocrx_word' id='word_1_605' title='bbox 1882 2086 2060 2119; x_wconf 87' lang='lat' dir='ltr'>quamque</span> <span class='ocrx_word' id='word_1_606' title='bbox 2075 2073 2154 2106; x_wconf 91' lang='lat' dir='ltr'>loco</span> <span class='ocrx_word' id='word_1_607' title='bbox 2170 2083 2250 2116; x_wconf 87' lang='lat' dir='ltr'>per-</span> 
     </span>
     <span class='ocr_line' id='line_1_90' title="bbox 1270 2123 2250 2168; baseline 0 -13"><span class='ocrx_word' id='word_1_608' title='bbox 1270 2131 1411 2168; x_wconf 88' lang='lat' dir='ltr'>petuam</span> <span class='ocrx_word' id='word_1_609' title='bbox 1441 2136 1525 2157; x_wconf 84' lang='lat' dir='ltr'>esse.</span> <span class='ocrx_word' id='word_1_610' title='bbox 1577 2123 1633 2157; x_wconf 90' lang='lat' dir='ltr'>Sic</span> <span class='ocrx_word' id='word_1_611' title='bbox 1658 2124 1762 2157; x_wconf 86' lang='lat' dir='ltr'>etiam</span> <span class='ocrx_word' id='word_1_612' title='bbox 1796 2131 1847 2158; x_wconf 88' lang='lat' dir='ltr'>est</span> <span class='ocrx_word' id='word_1_613' title='bbox 1878 2125 1933 2158; x_wconf 76' lang='lat' dir='ltr'>lex</span> <span class='ocrx_word' id='word_1_614' title='bbox 1953 2131 2121 2165; x_wconf 87' lang='lat' dir='ltr'>naturae,</span> <span class='ocrx_word' id='word_1_615' title='bbox 2154 2134 2250 2156; x_wconf 89' lang='lat' dir='ltr'>com-</span> 
     </span>
     <span class='ocr_line' id='line_1_91' title="bbox 1268 2173 2249 2221; baseline -0.002 -14"><span class='ocrx_word' id='word_1_616' title='bbox 1268 2175 1424 2209; x_wconf 89' lang='lat' dir='ltr'>muniter</span> <span class='ocrx_word' id='word_1_617' title='bbox 1445 2175 1497 2209; x_wconf 89' lang='lat' dir='ltr'>uti</span> <span class='ocrx_word' id='word_1_618' title='bbox 1523 2175 1645 2215; x_wconf 86' lang='lat' dir='ltr'>rebus,</span> <span class='ocrx_word' id='word_1_619' title='bbox 1673 2181 1791 2209; x_wconf 87' lang='lat' dir='ltr'>tamen</span> <span class='ocrx_word' id='word_1_620' title='bbox 1818 2176 1900 2221; x_wconf 77' lang='lat' dir='ltr'>qula</span> <span class='ocrx_word' id='word_1_621' title='bbox 1925 2174 2011 2209; x_wconf 91' lang='lat' dir='ltr'>haec</span> <span class='ocrx_word' id='word_1_622' title='bbox 2028 2177 2083 2209; x_wconf 79' lang='lat' dir='ltr'>lex</span> <span class='ocrx_word' id='word_1_623' title='bbox 2101 2173 2249 2208; x_wconf 90' lang='lat' dir='ltr'>nuncin</span> 
     </span>
     <span class='ocr_line' id='line_1_92' title="bbox 1267 2224 2248 2272; baseline -0.001 -13"><span class='ocrx_word' id='word_1_624' title='bbox 1267 2228 1458 2271; x_wconf 78' lang='lat' dir='ltr'>depravata</span> <span class='ocrx_word' id='word_1_625' title='bbox 1478 2232 1603 2260; x_wconf 88' lang='lat' dir='ltr'>natura</span> <span class='ocrx_word' id='word_1_626' title='bbox 1619 2233 1754 2271; x_wconf 80' lang='lat' dir='ltr'>pugnat</span> <span class='ocrx_word' id='word_1_627' title='bbox 1771 2240 1850 2261; x_wconf 88' lang='lat' dir='ltr'>cum</span> <span class='ocrx_word' id='word_1_628' title='bbox 1867 2227 2042 2272; x_wconf 87' lang='lat' dir='ltr'>superiori</span> <span class='ocrx_word' id='word_1_629' title='bbox 2059 2227 2150 2269; x_wconf 85' lang='lat' dir='ltr'>lege:</span> <span class='ocrx_word' id='word_1_630' title='bbox 2178 2224 2248 2259; x_wconf 75' lang='lat' dir='ltr'>Ne—</span> 
     </span>
     <span class='ocr_line' id='line_1_93' title="bbox 1266 2277 2248 2323; baseline -0.001 -13"><span class='ocrx_word' id='word_1_631' title='bbox 1266 2278 1399 2311; x_wconf 85' lang='lat' dir='ltr'>minem</span> <span class='ocrx_word' id='word_1_632' title='bbox 1425 2278 1562 2318; x_wconf 84' lang='lat' dir='ltr'>laedas,</span> <span class='ocrx_word' id='word_1_633' title='bbox 1591 2278 1651 2323; x_wconf 90' lang='lat' dir='ltr'>qui</span> <span class='ocrx_word' id='word_1_634' title='bbox 1673 2278 1761 2311; x_wconf 89' lang='lat' dir='ltr'>nulli</span> <span class='ocrx_word' id='word_1_635' title='bbox 1781 2279 1922 2320; x_wconf 87' lang='lat' dir='ltr'>nocuit,</span> <span class='ocrx_word' id='word_1_636' title='bbox 1948 2279 2017 2311; x_wconf 85' lang='lat' dir='ltr'>iam</span> <span class='ocrx_word' id='word_1_637' title='bbox 2032 2277 2126 2311; x_wconf 89' lang='lat' dir='ltr'>ratio</span> <span class='ocrx_word' id='word_1_638' title='bbox 2145 2277 2248 2310; x_wconf 88' lang='lat' dir='ltr'>docet</span> 
     </span>
     <span class='ocr_line' id='line_1_94' title="bbox 1266 2327 2247 2375; baseline 0 -14"><span class='ocrx_word' id='word_1_639' title='bbox 1266 2329 1512 2372; x_wconf 82' lang='lat' dir='ltr'>distinguenda</span> <span class='ocrx_word' id='word_1_640' title='bbox 1537 2342 1609 2362; x_wconf 90' lang='lat' dir='ltr'>esse</span> <span class='ocrx_word' id='word_1_641' title='bbox 1633 2330 1812 2371; x_wconf 82' lang='lat' dir='ltr'>dominia,</span> <span class='ocrx_word' id='word_1_642' title='bbox 1844 2330 1926 2375; x_wconf 86' lang='lat' dir='ltr'>quia</span> <span class='ocrx_word' id='word_1_643' title='bbox 1954 2335 2139 2374; x_wconf 83' lang='lat' dir='ltr'>praetextu</span> <span class='ocrx_word' id='word_1_644' title='bbox 2160 2327 2247 2371; x_wconf 86' lang='lat' dir='ltr'>legis</span> 
     </span>
     <span class='ocr_line' id='line_1_95' title="bbox 1265 2378 2245 2425; baseline -0.001 -13"><span class='ocrx_word' id='word_1_645' title='bbox 1265 2381 1307 2413; x_wconf 93' lang='lat' dir='ltr'>de</span> <span class='ocrx_word' id='word_1_646' title='bbox 1334 2381 1603 2420; x_wconf 88' lang='lat' dir='ltr'>communione,</span> <span class='ocrx_word' id='word_1_647' title='bbox 1631 2381 1734 2414; x_wconf 89' lang='lat' dir='ltr'>multi</span> <span class='ocrx_word' id='word_1_648' title='bbox 1761 2382 1797 2414; x_wconf 89' lang='lat' dir='ltr'>in</span> <span class='ocrx_word' id='word_1_649' title='bbox 1816 2378 1882 2414; x_wconf 83' lang='lat' dir='ltr'>hac</span> <span class='ocrx_word' id='word_1_650' title='bbox 1904 2380 2158 2425; x_wconf 75' lang='lat' dir='ltr'>depravatione</span> <span class='ocrx_word' id='word_1_651' title='bbox 2182 2390 2245 2411; x_wconf 92' lang='lat' dir='ltr'>na-</span> 
     </span>
     <span class='ocr_line' id='line_1_96' title="bbox 1265 2430 2246 2477; baseline 0 -13"><span class='ocrx_word' id='word_1_652' title='bbox 1265 2438 1364 2465; x_wconf 86' lang='lat' dir='ltr'>turae</span> <span class='ocrx_word' id='word_1_653' title='bbox 1388 2431 1524 2465; x_wconf 85' lang='lat' dir='ltr'>incitati</span> <span class='ocrx_word' id='word_1_654' title='bbox 1548 2432 1686 2466; x_wconf 88' lang='lat' dir='ltr'>iniustis</span> <span class='ocrx_word' id='word_1_655' title='bbox 1703 2432 1951 2477; x_wconf 84' lang='lat' dir='ltr'>cupiditatibus</span> <span class='ocrx_word' id='word_1_656' title='bbox 1967 2437 2139 2465; x_wconf 86' lang='lat' dir='ltr'>nocerent</span> <span class='ocrx_word' id='word_1_657' title='bbox 2156 2430 2246 2464; x_wconf 84' lang='lat' dir='ltr'>aliis.</span> 
     </span>
     <span class='ocr_line' id='line_1_97' title="bbox 1264 2481 2243 2527; baseline -0.001 -11"><span class='ocrx_word' id='word_1_658' title='bbox 1264 2483 1353 2517; x_wconf 86' lang='lat' dir='ltr'>Cum</span> <span class='ocrx_word' id='word_1_659' title='bbox 1381 2483 1489 2527; x_wconf 80' lang='lat' dir='ltr'>igitur</span> <span class='ocrx_word' id='word_1_660' title='bbox 1514 2496 1596 2516; x_wconf 74' lang='lat' dir='ltr'>vera</span> <span class='ocrx_word' id='word_1_661' title='bbox 1623 2490 1657 2517; x_wconf 89' lang='lat' dir='ltr'>et</span> <span class='ocrx_word' id='word_1_662' title='bbox 1680 2490 1775 2517; x_wconf 86' lang='lat' dir='ltr'>recta</span> <span class='ocrx_word' id='word_1_663' title='bbox 1799 2483 1891 2517; x_wconf 88' lang='lat' dir='ltr'>ratio</span> <span class='ocrx_word' id='word_1_664' title='bbox 1921 2496 1961 2516; x_wconf 90' lang='lat' dir='ltr'>ac</span> <span class='ocrx_word' id='word_1_665' title='bbox 1985 2481 2243 2517; x_wconf 87' lang='lat' dir='ltr'>demonstratio</span> 
     </span>
    </p>
   </div>
   <div class='ocr_carea' id='block_1_8' title="bbox 1294 2598 2246 2734">
    <p class='ocr_par' dir='ltr' id='par_1_9' title="bbox 1294 2598 2246 2734">
     <span class='ocr_line' id='line_1_98' title="bbox 1294 2598 2243 2632; baseline 0.002 -8"><span class='ocrx_word' id='word_1_666' title='bbox 1294 2598 1341 2631; x_wconf 85' lang='lat'>97)</span> <span class='ocrx_word' id='word_1_667' title='bbox 1360 2600 1559 2624; x_wconf 83' lang='lat' dir='ltr'>Demosthenes</span> <span class='ocrx_word' id='word_1_668' title='bbox 1577 2599 1603 2623; x_wconf 87' lang='lat' dir='ltr'>in</span> <span class='ocrx_word' id='word_1_669' title='bbox 1622 2599 1746 2624; x_wconf 75' lang='lat' dir='ltr'>oratione</span> <span class='ocrx_word' id='word_1_670' title='bbox 1762 2598 1789 2622; x_wconf 85' lang='lat' dir='ltr'>in</span> <span class='ocrx_word' id='word_1_671' title='bbox 1802 2598 2017 2627; x_wconf 64' lang='lat' dir='ltr'>Aristogitonem</span> <span class='ocrx_word' id='word_1_672' title='bbox 2030 2600 2119 2630; x_wconf 82' lang='lat' dir='ltr'>prima</span> <span class='ocrx_word' id='word_1_673' title='bbox 2137 2600 2243 2632; x_wconf 78' lang='lat' dir='ltr'>(Opera</span> 
     </span>
     <span class='ocr_line' id='line_1_99' title="bbox 1329 2633 2242 2665; baseline 0.001 -7"><span class='ocrx_word' id='word_1_674' title='bbox 1329 2634 1370 2659; x_wconf 87' lang='lat' dir='ltr'>ed.</span> <span class='ocrx_word' id='word_1_675' title='bbox 1393 2634 1495 2657; x_wconf 75' lang='lat' dir='ltr'>neiske</span> <span class='ocrx_word' id='word_1_676' title='bbox 1518 2641 1542 2663; x_wconf 86' lang='lat' dir='ltr'>p.</span> <span class='ocrx_word' id='word_1_677' title='bbox 1561 2634 1639 2664; x_wconf 75' lang='lat'>774.;</span> <span class='ocrx_word' id='word_1_678' title='bbox 1672 2633 1712 2657; x_wconf 85' lang='lat' dir='ltr'>ed.</span> <span class='ocrx_word' id='word_1_679' title='bbox 1733 2633 1863 2657; x_wconf 77' lang='lat' dir='ltr'>schaeser</span> <span class='ocrx_word' id='word_1_680' title='bbox 1884 2634 1957 2658; x_wconf 89' lang='grc' dir='ltr'><strong>Τοηι.</strong></span> <span class='ocrx_word' id='word_1_681' title='bbox 1976 2634 1995 2658; x_wconf 89' lang='lat'>1.</span> <span class='ocrx_word' id='word_1_682' title='bbox 2022 2642 2045 2665; x_wconf 85' lang='lat' dir='ltr'>p.</span> <span class='ocrx_word' id='word_1_683' title='bbox 2067 2634 2139 2665; x_wconf 74' lang='lat'>491)</span> <span class='ocrx_word' id='word_1_684' title='bbox 2163 2636 2242 2660; x_wconf 75' lang='lat' dir='ltr'>dicit:</span> 
     </span>
     <span class='ocr_line' id='line_1_100' title="bbox 1331 2663 2246 2702; baseline 0.003 -11"><span class='ocrx_word' id='word_1_685' title='bbox 1331 2688 1336 2693; x_wconf 93' lang='lat'>.</span> <span class='ocrx_word' id='word_1_686' title='bbox 1351 2686 1356 2691; x_wconf 95' lang='lat'>.</span> <span class='ocrx_word' id='word_1_687' title='bbox 1373 2665 1412 2691; x_wconf 75' lang='grc' dir='ltr'>ὅτι</span> <span class='ocrx_word' id='word_1_688' title='bbox 1432 2668 1485 2695; x_wconf 71' lang='grc' dir='ltr'>πᾶ,-</span> <span class='ocrx_word' id='word_1_689' title='bbox 1503 2666 1560 2692; x_wconf 74' lang='grc' dir='ltr'><em>ἐσιὶ</em></span> <span class='ocrx_word' id='word_1_690' title='bbox 1579 2666 1663 2699; x_wconf 82' lang='grc' dir='ltr'>νόμος</span> <span class='ocrx_word' id='word_1_691' title='bbox 1681 2665 1786 2699; x_wconf 76' lang='grc' dir='ltr'><em>εὕρημα</em></span> <span class='ocrx_word' id='word_1_692' title='bbox 1799 2663 1853 2699; x_wconf 81' lang='grc' dir='ltr'>μὲν</span> <span class='ocrx_word' id='word_1_693' title='bbox 1865 2665 1911 2691; x_wconf 78' lang='grc' dir='ltr'>καὶ</span> <span class='ocrx_word' id='word_1_694' title='bbox 1925 2666 2014 2700; x_wconf 78' lang='grc' dir='ltr'><em>δῶρον</em></span> <span class='ocrx_word' id='word_1_695' title='bbox 2026 2669 2100 2693; x_wconf 56' lang='grc' dir='ltr'>θεῶν</span> <span class='ocrx_word' id='word_1_696' title='bbox 2113 2667 2203 2702; x_wconf 71' lang='grc' dir='ltr'><em>δόγμα</em></span> <span class='ocrx_word' id='word_1_697' title='bbox 2219 2667 2246 2694; x_wconf 71' lang='lat'>«1⁴</span> 
     </span>
     <span class='ocr_line' id='line_1_101' title="bbox 1327 2699 1660 2734; baseline -0.003 -8"><span class='ocrx_word' id='word_1_698' title='bbox 1327 2699 1486 2734; x_wconf 67' lang='grc' dir='ltr'>ἀνθρώπων</span> <span class='ocrx_word' id='word_1_699' title='bbox 1505 2703 1660 2734; x_wconf 70' lang='grc' dir='ltr'><em>ᾳρονίμων.</em></span> 
     </span>
    </p>
   </div>
   <div class='ocr_carea' id='block_1_9' title="bbox 1291 2752 2234 2785">
    <p class='ocr_par' dir='ltr' id='par_1_10' title="bbox 1291 2752 2234 2785">
     <span class='ocr_line' id='line_1_102' title="bbox 1291 2752 2234 2785; baseline 0.002 -7"><span class='ocrx_word' id='word_1_700' title='bbox 1291 2753 1340 2785; x_wconf 73' lang='grc'>98)</span> <span class='ocrx_word' id='word_1_701' title='bbox 1359 2756 1498 2784; x_wconf 71' lang='lat' dir='ltr'>maturae]</span> <span class='ocrx_word' id='word_1_702' title='bbox 1523 2755 1564 2779; x_wconf 83' lang='lat' dir='ltr'>sic</span> <span class='ocrx_word' id='word_1_703' title='bbox 1580 2753 1631 2778; x_wconf 84' lang='lat' dir='ltr'>Ed.</span> <span class='ocrx_word' id='word_1_704' title='bbox 1652 2753 1743 2784; x_wconf 73' lang='lat'>1546.;</span> <span class='ocrx_word' id='word_1_705' title='bbox 1768 2752 1834 2777; x_wconf 84' lang='lat' dir='ltr'>Edd.</span> <span class='ocrx_word' id='word_1_706' title='bbox 1855 2753 1930 2780; x_wconf 76' lang='lat'>1538.</span> <span class='ocrx_word' id='word_1_707' title='bbox 1948 2755 1978 2778; x_wconf 77' lang='lat' dir='ltr'>et</span> <span class='ocrx_word' id='word_1_708' title='bbox 1996 2755 2070 2780; x_wconf 67' lang='lat'>1540.</span> <span class='ocrx_word' id='word_1_709' title='bbox 2088 2756 2234 2782; x_wconf 75' lang='lat' dir='ltr'>naturale.</span> 
     </span>
    </p>
   </div>
  </div>
 </body>
</html>
