2347 3000
48 229 179 264 sandis.
232 228 381 263 Necesse
405 235 456 262 est
481 228 589 272 igitur
612 228 707 261 tradi
731 225 822 261 lianc
843 228 1039 261 distinctio-

47 294 143 315 nem.
211 280 326 313 Porro
356 279 438 324 quia
470 280 632 312 doctrina
659 280 701 312 de
728 279 916 313 virtutibus
943 278 1038 312 haud

48 332 154 366 dubie
172 329 412 365 testimonium
432 336 482 363 est
499 332 541 363 de
556 330 652 370 Deo,
680 331 855 364 mentibus
874 329 1038 363 lmmanis

49 384 276 427 impressum,
297 380 382 413 utile
407 388 458 414 est
482 381 518 414 in
543 382 704 415 omnium
731 382 901 415 virtutum
925 382 1038 414 eonsi-

49 434 232 468 deratione
266 432 397 464 referre
424 433 545 466 oculos
573 434 617 466 ad
642 433 778 473 Deum,
815 440 848 466 et
871 433 1037 475 cogitare,

49 485 187 530 qualem
206 482 261 528 (ut
278 482 325 515 ita
345 483 477 530 dicam)
497 484 645 527 effigiem
665 484 749 524 Dei,
785 485 956 517 virtutum
979 484 1037 516 de-

47 534 254 578 scriptiones
276 533 436 578 pingant.
489 536 685 580 Praecipue
707 547 790 568 vero
819 535 948 567 iustitia
972 547 1036 567 nos

46 586 89 619 de
106 585 244 629 magnis
259 586 363 618 rebus
381 587 561 621 admonet.
623 587 711 620 Cum
731 585 862 618 iustitia
882 585 1035 629 particu-

45 636 128 670 laris
147 636 192 669 sit
209 636 423 681 aequalitas,
445 638 601 682 primum
620 643 768 670 testatur
784 636 921 675 Deum,
956 648 1034 668 cum

46 687 91 722 sit
114 687 242 726 iustus,
270 688 453 733 aequalem
472 701 545 722 esse
564 700 645 732 erga
664 699 805 727 omues,
840 687 1035 731 aequaliter

45 751 81 773 se
117 736 305 778 habentes,
353 751 417 772 nec
459 752 532 773 esse
568 745 827 782 acceptatorem
866 749 1033 781 persona—

46 789 203 835 rum‘24)‚
235 787 302 821 hoc
328 796 399 829 est,
434 802 507 823 non
529 790 686 834 recipere
707 799 944 834 quemquam,
973 794 1034 821 aut

46 840 190 874 reiicere
202 867 210 880 ‚
238 840 307 873 nisi
323 840 418 872 iuxta
435 853 543 873 unam
559 853 745 880 normam,
774 852 881 884 quam
900 851 1032 883 propo-

45 892 127 926 suit.
179 891 269 923 Vere
285 890 409 934 recipit
427 904 548 925 omnes
573 891 813 935 confugientes
837 891 880 923 ad
898 890 1033 922 Media-

45 949 178 981 torem,
212 941 327 974 reiicit
354 953 476 976 omnes
503 948 768 976 contemnentes
784 941 1032 981 Mediatormu,

43 1004 108 1025 nec
127 992 232 1024 aliam
251 994 536 1037 praerogativam
554 1001 650 1027 extra
667 991 758 1027 hanc
783 1004 948 1025 normam
972 993 1031 1025 ad-

42 1042 162 1076 mittit.
239 1042 301 1076 Est
335 1043 442 1087 igitur
474 1045 630 1090 aequalis
647 1071 656 1085 ,
709 1050 748 1077 ut
781 1044 913 1077 Paulus
948 1044 1032 1076 dicit

43 1094 96 1140 (1.
112 1093 207 1128 Tim.
223 1096 260 1134 2,
287 1093 356 1139 4.):
391 1094 487 1129 Deus
504 1097 579 1129 vult
594 1108 716 1130 omnes
732 1093 894 1128 homines
916 1095 1031 1128 salvos

42 1145 131 1178 fieri.

144 1195 326 1236 Secundo,
373 1198 530 1242 aequalis
563 1203 633 1235 est,
673 1196 754 1241 quia
789 1203 884 1228 certo
915 1196 1031 1229 reddit

43 1247 202 1292 praemia
218 1259 283 1290 pro
302 1246 443 1287 virtute,
467 1255 500 1281 et
517 1260 651 1292 poenas
668 1259 732 1291 pro
752 1247 898 1280 delictis.
931 1247 1030 1279 Hanc

42 1310 128 1331 vero
145 1298 395 1343 aequalitatem
416 1299 453 1331 iu
469 1299 600 1332 iudicio
619 1304 775 1331 extremo
794 1298 922 1330 clarius
948 1310 1029 1330 con-

42 1349 241 1393 spiciemus.
283 1348 469 1382 Caeterum
487 1357 520 1383 et
536 1348 620 1382 haec
639 1349 709 1381 vita
728 1349 839 1381 civilis
857 1349 951 1381 testis
969 1355 1030 1387 cst,

43 1400 176 1432 atrocia
195 1400 324 1433 scelera
342 1401 504 1433 comitari
526 1401 679 1444 insignes
695 1411 846 1443 poenas,
874 1405 908 1431 et
931 1399 1030 1431 iustis

44 1457 78 1483 et
94 1450 286 1483 moderatis
304 1451 415 1494 parci.

144 1500 286 1541 Tertio,
314 1514 392 1534 cum
417 1501 668 1546 aequalitatem
684 1512 803 1533 rerum
822 1499 918 1532 Deus
938 1498 1029 1531 inter

42 1564 107 1585 nos
132 1552 216 1584 velit
240 1552 345 1592 effici,
389 1552 523 1596 obligat
552 1564 675 1585 omnes
698 1549 861 1584 homines
886 1551 930 1582 ad
954 1563 1029 1582 mu-

42 1609 140 1636 tuam
171 1603 408 1636 reverentiam
443 1603 536 1636 inter
572 1615 665 1643 sese,
712 1614 785 1635 non
823 1608 1029 1634 contemnat

43 1653 192 1687 Croesus
209 1653 304 1687 lrum
316 1654 373 1700 ²5).
425 1653 501 1688 Etsi
519 1654 613 1687 enim
638 1665 776 1687 necesse
799 1660 849 1686 est
872 1659 1026 1685 aetatum

42 1716 81 1738 ac
97 1704 294 1738 officiorum
314 1705 517 1739 discrimina
538 1717 631 1745 esse,
658 1711 779 1738 tamen
796 1704 892 1737 Deus
914 1704 1029 1737 sanxit

42 1756 292 1801 aequalitatem
316 1756 409 1789 inter
429 1754 610 1796 homines,
653 1756 729 1788 vult
752 1755 847 1788 Irum
873 1767 946 1787 non
970 1756 1028 1787 de-

40 1807 201 1840 fraudari
217 1819 235 1840 a
256 1807 406 1847 Croeso,
434 1808 510 1841 vult
532 1807 639 1852 igitur
663 1807 912 1852 aequalitatem
936 1806 1028 1838 inter

42 1869 101 1890 eos
120 1870 191 1892 esse
203 1885 211 1899 ,
240 1858 286 1891 ita
299 1885 308 1898 ,
335 1865 374 1892 ut
391 1859 532 1904 utrique
547 1864 772 1902 praestentur
787 1857 958 1902 debitam)
978 1858 1028 1890 of-

41 1909 139 1949 ficia,
174 1921 237 1942 nec
261 1910 410 1954 superbe
435 1910 660 1943 conculcetur
679 1908 773 1949 Irus,
807 1909 907 1954 quasi
928 1909 1026 1941 nullo

42 1960 182 1992 vinculo
206 1973 285 1993 cum
307 1961 369 1994 illo
393 1961 578 2006 copulatus
604 1967 638 1994 et
659 1966 872 2005 exaequatus
891 1959 953 1999 sit,
988 1966 1027 1992 ut

42 2012 268 2044 conculcatur
285 2017 440 2046 truncus.
491 2012 586 2045 Haec
604 2012 797 2057 aequalitas
818 2010 951 2044 sancita
978 2017 1027 2044 est

43 2062 79 2094 in
103 2069 309 2106 praecepto:
345 2063 480 2106 Diligas
505 2063 707 2107 proximum
733 2063 821 2096 sicut
843 2068 875 2094 te
899 2061 1026 2106 ipsum.

42 2113 131 2147 Cum
149 2126 255 2158 supra
271 2114 417 2148 virtutes
434 2114 561 2147 dixerit
576 2114 837 2147 mediocritates
856 2125 940 2153 esse,
964 2113 1026 2146 sci-

41 2164 122 2197 licet
144 2166 352 2205 affectuum,
381 2172 525 2198 venuste
549 2165 619 2198 iam
638 2165 795 2210 quaerit,
824 2164 937 2209 qualis
954 2176 1026 2196 me-

42 2216 209 2250 diocritas
234 2216 278 2249 sit
301 2217 445 2250 iustitia.
511 2216 606 2249 Haec
637 2216 731 2249 enim
768 2221 818 2249 est
847 2227 920 2248 non
944 2215 1027 2247 affe-

42 2273 180 2308 ctuum,
205 2269 266 2301 scd
281 2280 399 2301 rerum
419 2267 662 2307 mediocritas,
690 2267 725 2299 id
743 2273 805 2305 est,
832 2266 1026 2311 aequalitas

41 2318 168 2352 mercis
189 2325 222 2351 et
237 2319 354 2362 pretii.
405 2318 537 2362 Argute
553 2318 660 2362 igitur
674 2317 919 2357 ratiocinatur,
947 2330 1024 2350 cum

43 2381 148 2402 omne
172 2370 317 2415 aequale
341 2370 386 2404 sit
411 2370 567 2403 medium
599 2370 692 2402 inter
723 2369 801 2413 plus
832 2375 866 2402 et
897 2369 1026 2408 minus,

79 2487 127 2544 2⁴}
146 2487 260 2545 A¹c7t.10‚
279 2486 319 2510 34.
352 2486 429 2510 Rom.
444 2486 470 2517 2,
491 2486 532 2511 11.
567 2486 628 2510 Gal.
642 2486 668 2516 2,
688 2485 712 2510 6.
739 2485 805 2515 Eph.
818 2485 844 2512 6,
863 2485 888 2511 9.
920 2485 1027 2512 1.Petr.

80 2538 138 2591 25),
148 2564 164 2587 i.
178 2570 201 2587 e.
220 2563 296 2586 dives
313 2570 466 2593 pauperem.
504 2563 622 2587 Croesus
643 2562 729 2590 enim,
749 2561 854 2592 Lydiae
872 2568 922 2585 rex
937 2562 1029 2585 560—

113 2598 173 2622 516,
194 2603 219 2621 a.
234 2598 314 2626 Cim,
346 2599 468 2621 maximis
494 2598 596 2621 divitiis
621 2597 735 2627 insignis
760 2597 826 2623 suit,
850 2597 910 2619 trus
929 2598 1029 2624 autem,

114 2632 226 2662 proprie
240 2633 378 2661 Aruacos,
399 2632 535 2655 mendicus
546 2649 552 2659 ,
573 2632 615 2662 qui
632 2632 657 2654 iu
671 2631 782 2660 Utsssis
801 2631 877 2654 domo
898 2630 924 2653 in
938 2631 1030 2654 ithaca

116 2667 204 2690 insuta
223 2666 306 2695 vixit,
326 2666 394 2689 conf.
414 2667 491 2690 Hom.
510 2667 558 2690 Od.
574 2666 674 2694 xviii,
693 2666 710 2688 5
722 2672 780 2694 sqq.

79 2709 127 2736 26)
147 2709 250 2737 debita]
276 2709 315 2731 sic
338 2708 421 2731 Editt.
444 2709 534 2739 1546„
562 2709 650 2736 1550.,
679 2708 769 2737 1554„
798 2706 870 2731 1557.
890 2708 917 2730 et
940 2707 1029 2734 1560.;

114 2744 185 2766 Edit.
203 2744 274 2766 1545.
295 2743 319 2766 ei
338 2742 435 2766 debita.

524 140 805 178 ENARRATIO
840 141 967 175 LIBRI
993 141 1035 177 V.
1070 142 1359 177 ETHICORUM
1394 141 1717 181 ARISTOTELIS.

2007 152 2081 187 374

1092 229 1310 275 congruum)
1345 226 1413 262 hoc
1444 229 1541 268 loco,
1583 232 1831 276 aequalitatem
1867 235 1982 269 dicere
2009 250 2079 270 me-

1092 280 1201 314 dium.
1254 280 1329 314 Etsi
1355 287 1470 313 autem
1495 281 1681 315 difficultas
1707 284 1743 316 in
1766 282 1833 317 hoc
1860 292 1956 320 textu
1981 289 2076 321 nulla

1092 332 1217 377 est²⁸),
1247 338 1364 364 tamen
1386 338 1482 364 tanta
1503 339 1553 365 est
1570 333 1705 367 exilitas
1720 347 1839 368 rerum
1853 364 1861 376 ,
1889 344 1927 370 nt
1944 352 2076 372 novum

1090 382 1256 414 lectorem
1273 381 1338 414 hae
1355 384 1513 425 argutiae
1530 396 1641 427 paene
1659 386 1839 429 effugiant.
1900 390 1966 421 Sed
1990 388 2077 423 llaec

1090 433 1287 465 admonitio
1307 434 1492 477 cogitanda
1513 441 1573 468 est.
1628 436 1702 469 Hoc
1730 438 1784 480 agi
1807 438 1912 479 scias,
1948 454 2076 486 aequa-

1089 483 1244 522 litatem,
1272 484 1407 528 inquit,
1437 485 1470 516 in
1490 484 1554 518 liac
1573 486 1701 520 virtute
1727 490 1883 522 medium
1908 492 1995 531 diei,
2023 505 2077 525 re-

1088 547 1167 567 rum
1188 534 1370 574 videlicet,
1396 535 1521 568 deinde
1538 538 1654 578 addit,
1683 540 1764 584 quia
1783 540 1914 574 iustitia
1939 555 2011 575 non
2038 550 2077 576 ut

1089 592 1248 618 caeterae
1266 585 1414 618 virtutes
1433 592 1567 619 tantum
1589 601 1653 621 nos
1670 590 1763 633 ipsos
1780 593 1887 635 regit,
1916 595 1975 626 sed
1996 607 2074 627 cum

1089 637 1164 670 aliis
1183 637 1272 680 agit,
1300 636 1378 668 ideo
1397 638 1527 670 multae
1556 639 1695 685 fiant‘29)
1719 639 1830 688 liie30)
1855 645 2075 680 collationes.

1086 687 1136 720 Ac
1154 689 1296 720 tandem
1313 687 1410 719 veuit
1427 689 1469 720 ad
1487 688 1771 732 distributiones,
1807 707 1893 738 quas
1921 696 1969 728 ait
1993 709 2076 729 con-

1087 739 1207 771 sistere
1225 739 1261 771 in
1286 745 1439 783 quatuor
1457 740 1635 780 terminis,
1663 743 1800 776 (luobus
1823 746 1987 787 gradibus
2013 748 2075 780 bo-

1085 802 1234 830 norum,
1276 796 1310 822 et
1334 790 1470 822 duabus
1495 792 1673 833 personis,
1710 799 1749 825 ut
1772 794 1861 827 sicut
1884 808 1919 828 se
1942 795 2075 832 liabent

1086 853 1215 874 munus
1241 841 1459 880 cancellarii,
1488 847 1521 873 et
1548 854 1677 876 munus
1701 843 1945 888 imperatoris,
1972 848 2019 882 sic
2037 862 2073 883 se

1085 891 1218 925 hahent
1241 891 1364 924 Cicero
1389 898 1421 924 et
1445 891 1591 926 Marius.
1653 894 1720 927 Sed
1747 896 1869 929 Cicero
1896 904 1946 931 est
1972 906 2074 943 aptus

1085 942 1225 977 muneri
1241 942 1459 975 cancellarii:
1495 955 1578 986 ergo
1596 943 1730 980 Marius
1747 953 1798 980 est
1814 955 1916 992 aptus
1933 951 2074 983 muneri

1085 993 1323 1039 imperatoris.

1185 1045 1236 1078 Ut
1254 1051 1372 1078 autem
1390 1042 1477 1077 haec
1495 1044 1716 1079 Aristotelica
1740 1048 1845 1092 plane
1872 1050 2073 1093 intelligan-

1084 1102 1160 1136 tur,
1205 1102 1239 1129 et
1266 1096 1303 1128 in
1334 1095 1406 1128 vita
1436 1097 1480 1128 ad
1507 1109 1608 1129 usum
1635 1101 1899 1134 accommodari
1923 1094 2073 1146 possint,

1084 1159 1221 1181 summa
1238 1144 1342 1180 liuius
1358 1146 1427 1179 loci
1442 1149 1649 1191 exponenda
1667 1156 1728 1182 est.
1769 1151 1943 1193 Primum,
1967 1166 2073 1187 causa

1083 1198 1278 1232 necessaria
1298 1198 1540 1231 consideretur
1558 1198 1661 1232 huius
1678 1200 1880 1243 divisionis,
1908 1210 1947 1237 ut
1965 1218 2071 1249 supra

1083 1250 1167 1283 dixi.
1219 1248 1281 1281 Est
1299 1255 1415 1281 :intem
1432 1246 1517 1281 haec
1535 1262 1655 1283 causa:
1692 1251 1827 1286 Iustitia
1846 1256 2071 1297 particularis

1083 1301 1174 1343 regit
1190 1312 1311 1333 omnes
1327 1299 1502 1339 actiones,
1530 1312 1620 1345 quae
1644 1301 1680 1334 in
1708 1300 1773 1336 hac
1797 1305 1964 1340 societate
1988 1320 2071 1351 erga

1083 1351 1171 1384 alios
1188 1348 1352 1383 homines
1368 1357 1586 1384 exercentur.

1184 1401 1299 1433 Porro
1315 1413 1443 1444 genera
1463 1402 1641 1434 actionum
1660 1415 1741 1446 erga
1767 1405 1855 1440 alios
1879 1409 1950 1441 duo
1977 1415 2071 1449 sunt,

1082 1462 1146 1483 nec
1163 1457 1244 1484 sunt
1260 1452 1375 1495 plura.
1427 1451 1498 1484 Aut
1514 1452 1607 1485 enim
1631 1465 1686 1486 res
1711 1460 1848 1488 tantum
1873 1461 2073 1492 communi·

1083 1509 1226 1542 cantur,
1255 1508 1316 1535 aut
1335 1514 1507 1546 personae
1524 1504 1749 1539 ordinantur.
1802 1506 1856 1540 Ex
1881 1507 1948 1542 hoc
1973 1510 2071 1544 sonte

1081 1560 1229 1586 manant
1244 1554 1333 1586 duae
1347 1553 1477 1597 species
1497 1554 1648 1588 iustitiae
1667 1556 1902 1599 particularis.
1944 1560 2072 1594 Distri-

1080 1605 1201 1637 butiva
1222 1604 1259 1636 in
1276 1605 1481 1637 universum
1503 1607 1645 1639 ordinat
1664 1619 1846 1650 personas,
1874 1618 2008 1653 monet,
2031 1619 2071 1646 ut

1082 1656 1362 1695 consideremus,
1389 1656 1451 1689 ubi
1468 1656 1703 1703 vivfflnusffl),
1731 1659 1823 1692 inter
1839 1674 1927 1706 quas
1950 1675 2070 1707 perso-

1080 1719 1144 1740 nas
1161 1719 1361 1746 versemur,
1390 1719 1494 1752 quem
1517 1709 1634 1742 locum
1660 1709 1807 1753 singulis
1832 1713 1986 1747 tribuere
2012 1715 2071 1748 de-

1081 1764 1175 1798 ceat,
1201 1758 1298 1791 iubet
1313 1758 1508 1802 intelligere
1530 1766 1690 1794 nostrum
1710 1761 1846 1802 locum,
1875 1771 1909 1796 et
1932 1777 2069 1798 accom-

1081 1810 1227 1842 modare
1252 1810 1295 1841 ad
1321 1815 1496 1849 caeteros,
1534 1817 1568 1843 et
1592 1813 1635 1844 ad
1663 1814 1967 1848 conservationem
1990 1817 2069 1849 uni-

1081 1872 1203 1893 versae
1234 1860 1422 1894 societatis.
1492 1861 1632 1896 Gradus
1668 1863 1775 1906 igitur
1812 1866 1993 1900 constituit
2009 1867 2070 1913 3⁴³),

1080 1911 1215 1951 Deum,
1242 1912 1487 1954 magistratus,
1515 1920 1698 1956 parentes,
1727 1921 1850 1956 natos,
1882 1918 1971 1951 bene
1996 1932 2070 1952 me-

1080 1962 1186 2002 ritos,
1234 1962 1475 2008 propinquos,
1522 1964 1672 2008 collegas
1707 1965 1863 2000 eiusdem
1899 1971 2069 2011 muneris,

1080 2013 1232 2053 amicos,
1259 2014 1442 2059 aequales,
1470 2015 1673 2056 inferiores,
1701 2016 1850 2059 liberos,
1878 2032 2009 2054 servos.

1182 2064 1321 2098 Horum
1342 2065 1488 2108 singulis
1510 2066 1634 2100 tribuit
1660 2070 1927 2103 convenientem
1955 2070 2068 2104 liono-

1079 2128 1174 2156 rem,
1202 2123 1236 2149 et
1261 2117 1475 2150 conveniens
1501 2130 1641 2152 munus.
1702 2119 1796 2152 Haec
1820 2123 2067 2156 convenientia

1112 2243 1158 2275 27)
1177 2245 1319 2274 congruit]
1338 2244 1377 2268 sie
1395 2244 1478 2268 Editt.
1497 2245 1587 2275 1546.‚
1610 2246 1700 2277 1550„
1722 2248 1810 2277 1554„
1837 2250 1910 2273 1557.
1930 2252 1957 2274 et
1979 2251 2068 2281 1560.;

1147 2279 1218 2302 Edit.
1236 2280 1311 2302 1545.
1332 2281 1496 2309 congruunt.

1111 2327 1159 2359 28)
1179 2329 1326 2352 difficultas
1347 2329 1373 2352 in
1392 2330 1440 2353 hoc
1460 2332 1535 2353 textu
1550 2331 1626 2354 uuila
1639 2333 1706 2360 est,]
1720 2333 1758 2355 sic
1772 2333 1851 2356 Editt.
1870 2334 1960 2365 1550.‚
1981 2336 2067 2366 1554„

1149 2364 1225 2421 ἔὲῗζι
1244 2364 1381 2421 eladi-522?
1413 2364 1497 2389 Editt.
1519 2365 1594 2388 15⁴5.
1621 2367 1647 2388 et
1675 2366 1748 2390 1546.
1773 2368 1940 2392 difficultatis
1966 2370 1993 2393 in
2019 2372 2068 2395 hoc

1114 2449 1262 2506 29)ῑ1ἷ1ἓῑῖῐ,ιέῖε]ἰ
1280 2449 1318 2507 5ὲο
1330 2449 1414 2506 Etditt‚
1430 2450 1520 2477 1550„
1542 2450 1630 2480 155⁴.,
1653 2450 1726 2474 1557.
1741 2454 1766 2474 et
1785 2453 1873 2483 1560.;
1893 2455 1976 2480 Editt.
1992 2456 2066 2481 1545.

1149 2489 1164 2506 Θ
1264 2502 1269 2507 .
1309 2490 1342 2507 en
1358 2501 1364 2508 .

1114 2533 1162 2565 30)
1182 2534 1237 2562 hic]
1263 2534 1302 2558 sic
1321 2534 1404 2557 Editt.
1427 2534 1517 2563 1545.‚
1547 2535 1635 2565 1546„
1662 2535 1735 2558 1550.
1756 2539 1782 2560 et
1804 2538 1894 2567 1554.;

1151 2569 1224 2593 15:27.
1244 2572 1269 2591 et
1292 2569 1364 2591 1560.
1385 2568 1471 2591 deest.

1115 2620 1162 2648 31)
1182 2619 1322 2647 vivamus]
1342 2619 1381 2642 sie
1396 2618 1584 2648 Editt.1546.,
1605 2620 1696 2651 1550.‚
1723 2621 1812 2650 1554..
1835 2623 1908 2648 1557.
1928 2627 1955 2648 et
1976 2627 2065 2655 1560.;

1151 2654 1222 2677 Edit.
1244 2655 1317 2678 1545.
1338 2654 1470 2677 iuvamur.

1115 2705 1162 2736 32)
1181 2705 1335 2733 constituit]
1357 2705 1396 2727 sic
1408 2704 1492 2728 Editt.
1508 2705 1580 2730 1546.
1591 2721 1598 2735 ,
1619 2705 1710 2736 1530„
1733 2707 1805 2731 1554.
1817 2724 1824 2735 ‚
1846 2709 1919 2733 1557.
1935 2712 1960 2734 et
1976 2711 2065 2741 1560.;

1152 2741 1221 2763 Edit.
1240 2739 1313 2763 1545.
1334 2738 1491 2763 constituet.

1382 2771 1467 2808 24*

1932 2540 1959 2564 in
1983 2542 2065 2567 Editt.
