2347 3000
216 110 292 145 947
801 101 923 136 PHIL.

222 191 474 240 respublicaffl)
492 190 620 235 impius
635 196 669 222 et
685 191 872 223 sceleratus
887 187 1005 227 suerit,
1033 187 1060 221 si
1081 186 1215 234 quis⁴⁰)

224 247 277 281 his
310 244 443 290 pacatis
474 242 629 276 consiliis
661 253 732 273 non
765 242 878 279 favet,
913 240 973 272 sed
1005 238 1078 272 odii
1110 239 1217 283 perti-

224 298 327 331 nacia
361 303 421 330 tuo
456 293 625 327 beneficio
661 292 838 331 abutitur,
877 297 908 323 et
938 304 1017 324 cum
1043 289 1217 324 servatori

226 351 371 383 exitium
395 344 637 380 machinatum
667 349 740 375 tum
767 355 851 375 vero
872 343 1064 375 accendere
1082 354 1217 374 novum

228 408 261 434 et
285 400 422 434 exitiale
439 398 569 430 bellum
596 395 631 427 in
664 394 842 439 republica
861 393 908 439 Ἠ)
935 400 1096 427 conatur.
1149 393 1219 427 Ae-

227 466 338 499 qumn
372 456 422 483 est
454 448 560 491 igitur
593 458 716 480 omnes
747 446 909 490 exemplo
936 446 984 479 tui
1012 458 1133 490 pacem
1162 457 1218 477 ex-

229 511 366 550 petere,
394 500 475 533 odia
501 510 653 543 ponere,
682 504 716 530 et
741 505 854 531 tecum
870 497 907 529 in
923 498 1095 531 servanda
1116 509 1219 541 repu-

229 556 315 588 blica
342 550 553 585 consentire.
607 549 714 594 Quod
739 562 819 583 cmn
847 549 893 582 ita
920 549 983 589 sit,
1017 547 1083 581 hoe
1110 550 1219 592 impe-

229 608 342 645 rium,
374 603 441 636 nisi
468 609 499 634 te
533 601 724 641 incolumi,
759 613 831 634 non
872 600 978 645 possit
1019 612 1091 634 csse
1124 606 1220 632 tran-

229 657 399 703 quillum,
428 660 552 698 optare
578 665 701 686 omnes
726 653 915 691 debemus,
950 658 987 685 ut
1011 651 1129 695 superi
1159 651 1219 683 diu

231 716 261 742 te
287 713 428 742 serx‘ent
452 704 689 749 superstitem.

230 760 433 805 aliquorum
469 757 695 789 metuendam
728 756 845 794 ducis,
890 753 1078 787 hortamur
1113 760 1145 786 te
1177 754 1219 786 ad

230 811 405 844 cavendas
433 808 597 847 insidias,
635 807 768 852 tibique,
799 807 912 839 oslicia
946 812 1066 839 nostra
1102 812 1136 838 et
1166 818 1221 853 ex-

231 863 350 896 cubias
376 874 441 905 pro
468 867 524 892 tna
550 859 662 892 salute
682 859 903 903 pollicemur.
956 858 1158 895 Postremo,
1184 862 1223 889 ut

232 916 274 947 ad
298 909 459 946 Marcelli
483 923 623 944 cansam
653 912 816 949 redeam,
844 910 975 953 gratias
992 909 1055 942 tibi
1073 909 1223 953 agimus,

232 973 261 999 et
282 966 378 1011 qnod
399 964 513 1008 ipsum
530 962 719 1002 revocasti,
737 968 766 995 et
787 962 882 1006 quod
902 961 1048 994 caeteris
1068 961 1102 993 in
1119 961 1224 992 rebus

744 704 811 737 Sed
837 703 1007 749 quoniam
1036 703 1219 747 perfidiam

264 1103 312 1129 39)
333 1098 501 1129 respublica]
523 1098 563 1121 sie
583 1098 657 1120 recte
673 1097 720 1119 Ed.
740 1097 831 1125 1568.;
860 1096 942 1119 Editt.
961 1095 1052 1121 1553..
1075 1095 1148 1118 1554.
1169 1094 1225 1118 rei-

299 1135 430 1165 publicae.

267 1179 313 1206 40]
333 1177 407 1207 quis!
427 1175 466 1199 sic
484 1175 569 1198 Editt.
588 1174 680 1203 1553.,
701 1174 792 1201 1554.;
819 1173 868 1197 Ed.
890 1173 962 1196 1568.
983 1172 1036 1202 qui.

267 1223 314 1249 41)
334 1221 358 1243 in
380 1218 532 1249 republica]
552 1218 592 1241 sie
612 1217 695 1240 Editt.
714 1216 804 1240 1553„
826 1217 918 1240 1554:
947 1215 994 1239 Ed.
1014 1215 1086 1239 1568.
1108 1214 1132 1237 in
1155 1220 1227 1237 rem-

303 1255 442 1285 putuit-ani.

960 100 1073 134 MEL.
1108 98 1311 134 SCRIPTA
1346 98 1684 134 PHILOLOGICA.

2188 100 2264 138 948

1270 186 1456 219 victoriam
1476 193 1534 220 tua
1552 186 1711 219 bonitate
1730 186 1882 230 mitigas,
1910 193 1944 219 et
1959 187 2150 231 collapsam
2168 200 2260 221 rem-

1271 238 1448 282 publicam
1474 238 1641 272 restituis.
1695 238 1783 271 Cmn
1812 244 1929 271 autem
1953 250 1994 272 ex
2017 238 2177 272 Marcelli
2205 251 2261 271 ca-

1272 289 1429 321 lamitate
1456 296 1603 334 propter
1626 297 1786 322 nostram
1812 289 2004 322 amicitiam
2028 288 2261 333 praecipuum

1272 341 1433 373 dolorem
1459 341 1611 385 ceperim
1623 341 1670 388 ⁴²)
1682 367 1691 379 ,
1720 341 1776 374 vix
1794 347 1833 374 ut
1849 354 1959 375 nnmn
1979 340 2017 374 C.
2032 341 2178 373 fratrem
2191 339 2262 387 ¹¹²³)

1274 392 1382 436 ipsius
1408 392 1544 425 maiore
1570 392 1607 425 in
1632 393 1727 426 luctu
1750 392 1855 426 fuisse
1878 392 2094 432 existimem,
2128 391 2262 425 reditus

1273 444 1347 477 eius
1365 443 1608 476 incredibilem
1629 442 1716 477 mihi
1732 444 1950 488 voluptatem
1971 444 2085 478 affert.
2139 441 2263 488 Itaque

1274 508 1352 528 cum
1370 495 1517 528 debeam
1536 495 1599 529 tibi
1618 496 1737 528 omnia
1757 495 1886 529 Caesar
1903 508 1979 528 mea
1999 507 2116 534 eausa,
2144 501 2264 527 tamen

1274 545 1341 579 hoc
1359 547 1517 586 nomine,
1538 547 1633 592 quod
1654 547 1758 579 talem
1780 544 1868 579 mihi
1883 547 2080 580 reddideris
2096 546 2264 586 amicum,

1274 598 1426 631 libenter
1444 599 1614 643 profiteor
1630 598 1822 642 plurimum
1843 598 1950 631 etiam
1968 611 2024 631 me
2043 597 2106 631 tibi
2125 597 2265 631 debere.

1273 650 1409 695 Ac⁴¹²¹³)
1434 650 1585 693 gratiam
1613 649 1676 682 tibi
1703 647 1818 683 habeo
1844 650 2058 690 maximam,
2087 662 2164 682 cum
2198 660 2264 693 pro

1275 701 1422 735 caeteris
1440 701 1507 735 tuis
1523 714 1602 746 erga
1622 714 1677 734 me
1694 701 1841 735 summis
1858 701 2047 741 beneficiis,
2077 707 2150 733 tum
2169 700 2266 745 quod

1276 754 1319 786 ad
1345 753 1401 786 illa
1430 760 1568 787 tantum
1593 753 1772 787 addideris
1788 752 1835 796 ⁴⁸)
1858 753 2052 786 cumulum.

1311 920 1358 948 Ι12)
1378 921 1512 951 ceperim]
1534 920 1616 944 Editt.
1640 920 1730 946 1553..
1753 920 1843 945 1551.:
1864 921 1912 944 Ed.
1934 921 2007 945 1568.
2026 920 2170 951 coeperim.

1312 972 1378 999 ⁴2⁸)
1398 972 1427 995 C.
1447 972 1576 999 fratrem]
1593 971 1632 993 sie
1647 971 1694 994 Ed.
1712 971 1802 1001 '56⁸³’
1821 971 1903 996 Edita.
1923 972 2006 997 155³..
2023 972 2096 995 155².
2111 972 2140 996 C.
2155 973 2268 1001 patrem.

1348 1019 1382 1023 -—
1402 1006 1431 1029 (J.
1447 1006 1578 1029 Claudius
1595 1006 1744 1028 Marcellus
1763 1006 1792 1029 C.
1813 1006 1830 1030 f.
1849 1007 1884 1030 M.
1905 1013 1941 1030 n..
1960 1007 2053 1029 consul
2073 1012 2098 1029 a.
2117 1013 2141 1029 u.
2161 1013 2183 1029 e.
2199 1006 2269 1032 704..

1349 1042 1408 1063 erat
1428 1040 1515 1062 frater
1541 1040 1674 1068 patruelis
1693 1040 1727 1061 Μ.
1746 1040 1852 1063 Claudii
1871 1040 1993 1063 Marcelli
2013 1042 2048 1063 M.
2069 1040 2104 1069 1.,
2131 1040 2166 1063 ad
2189 1047 2268 1070 quein

1348 1075 1413 1097 haec
1432 1074 1522 1097 oratio
1542 1075 1657 1103 spectat.
1696 1073 1758 1096 vm.
1776 1074 1879 1103 Pauly:
1902 1075 2112 1104 neat-Enryel.
2132 1075 2206 1100 Tom.
2223 1075 2268 1098 lV.

1349 1116 1372 1138 p.
1395 1107 1467 1132 1521.
1489 1114 1528 1131 nt·-
1552 1108 1590 1131 13.

1315 1157 1382 1183 42¹0
1402 1159 1456 1185 Ac]
1476 1158 1517 1181 sic
1537 1157 1619 1181 Editt.
1643 1157 1734 1182 1553..
1760 1158 1851 1186 1554.;
1873 1158 1921 1183 Ed.
1944 1158 2017 1182 1568.
2038 1159 2082 1182 At.

1315 1209 1362 1235 43)
1382 1208 1535 1235 addideris]
1561 1208 1601 1231 sic
1626 1208 1708 1233 Editt.
1738 1208 1828 1232 ¹553..
1859 1209 1951 1233 155⁴.:
1982 1209 2030 1232 Ed.
2059 1207 2131 1233 ¹568.
2159 1210 2271 1240 typogr.

1350 1248 1463 1267 errore:
1487 1243 1630 1266 addiderit.

781 1506 1077 1544 4.AL1A
1131 1502 1732 1552 DISPOSITloss).

338 1622 431 1654 Haec
450 1621 565 1654 oratio
585 1626 632 1654 est
652 1619 790 1663 generis
806 1617 1091 1651 demonstrativi.
1145 1615 1227 1660 Agit

233 1674 327 1707 enim
351 1672 482 1717 gratias
513 1672 552 1706 C.
571 1671 713 1705 Caesari
746 1682 810 1714 pro
836 1668 1028 1707 beneficio,
1065 1667 1227 1700 videlicet

233 1738 298 1770 pro
314 1725 477 1758 restituto
495 1724 530 1756 in
549 1723 701 1767 patriam
713 1720 957 1760 M.Marcello,
971 1719 1033 1765 qui
1051 1719 1227 1759 exulabat,

233 1777 315 1823 quia
342 1776 380 1808 in
404 1776 497 1808 bello
524 1774 619 1807 civili
644 1775 761 1807 suerat
793 1771 904 1806 hostis
929 1771 1101 1804 Caesaris.
1150 1770 1226 1803 Hoc

235 1828 442 1861 beneficium
469 1825 630 1860 Caesaris
661 1826 829 1858 laudatur
861 1824 1051 1868 praecipue
1075 1835 1115 1855 ex
1141 1821 1226 1855 locis

234 1879 494 1913 communibus.
548 1878 637 1911 Sunt
651 1883 769 1910 autem
786 1875 855 1908 loci
873 1886 1091 1913 communes,
1109 1873 1227 1917 dispu-

236 1932 387 1965 tationes
422 1932 464 1963 de
497 1929 708 1968 virtutibus,
736 1929 779 1961 de
798 1928 963 1966 fortuna,
992 1932 1026 1959 et
1052 1925 1226 1959 similibus

234 1983 341 2023 locis,
370 1982 431 2028 qui
453 1994 557 2025 saepe
585 1980 747 2013 incidunt
772 1979 808 2011 in
833 1977 1036 2011 communia
1055 1977 1148 2010 vitae
1166 1989 1227 2009 ne-

235 2034 344 2078 gotia.
397 2033 490 2067 Nam
522 2033 595 2065 fere
624 2031 766 2075 negotia
798 2037 859 2063 aut
892 2043 910 2062 a
934 2029 1086 2067 virtute,
1123 2035 1183 2062 aut
1208 2041 1225 2060 a

234 2086 398 2123 fortuna,
428 2090 490 2117 aut
523 2096 541 2116 a
576 2083 671 2116 vitiis
706 2081 991 2126 proficiscuntur.
1065 2079 1111 2113 Et
1143 2079 1224 2125 quia

235 2135 322 2170 haec
347 2135 464 2169 oratio
489 2146 620 2178 magna
654 2146 695 2167 ex
720 2139 820 2178 parte
850 2139 1011 2166 versatur
1038 2132 1074 2164 in
1099 2131 1228 2164 talibus

237 2189 322 2222 locis
348 2187 616 2225 communibus,
644 2186 723 2219 ideo
750 2184 913 2229 inprimIS
932 2183 1028 2217 utilis
1045 2189 1096 2217 est
1111 2183 1227 2226 legen-

238 2240 348 2279 tibus,
376 2245 414 2272 ut
432 2239 513 2271 inde
530 2244 674 2271 sumant
689 2237 888 2280 exemplum
906 2234 1115 2280 aspergendi
1131 2235 1227 2268 locos

237 2303 464 2329 communes,
497 2289 525 2323 si
558 2289 644 2334 quid
674 2288 741 2333 ipsi
774 2287 941 2331 scripturi
971 2287 1052 2322 sint.
1134 2286 1226 2320 Nam

237 2342 414 2376 Antonius
448 2341 484 2374 in
511 2340 666 2374 Oratore
693 2339 875 2373 Ciceronis
891 2339 938 2386 ¹⁴⁵)
974 2338 1110 2384 inquit,
1145 2349 1227 2382 pru-

238 2396 363 2427 denter
391 2406 463 2428 esse,
484 2392 596 2426 causis
615 2392 877 2425 intertexendos
895 2391 991 2424 locos
1009 2401 1227 2423 communes.

237 2445 436 2489 Diligenter
459 2451 576 2477 autem
603 2443 639 2476 in
660 2443 818 2488 legendis
840 2442 1024 2476 autoribus
1042 2441 1227 2486 dispositio

240 2497 459 2540 singularum
485 2495 641 2540 partium
665 2496 887 2529 observanda
913 2500 974 2528 est.

275 2607 322 2634 44)
342 2607 416 2630 Haec
434 2606 518 2630 tertia
529 2607 713 2631 Melanthonis
732 2606 760 2631 in
779 2607 892 2631 eandem
913 2605 1066 2630 orationem
1085 2604 1230 2635 dispositio

307 2641 334 2664 in
354 2641 415 2664 sola
428 2641 476 2664 Ed.
493 2641 566 2663 1568.
586 2641 725 2665 invenitur
744 2641 894 2671 inscripta:
915 2640 980 2664 Alia
993 2639 1139 2669 dispositio
1153 2639 1228 2663 eius-

308 2676 368 2699 dem
387 2675 413 2698 in
433 2675 547 2698 eandem
561 2675 703 2699 Ciceronis
721 2676 873 2700 orationem
891 2682 940 2706 pro
954 2676 990 2699 M.
1002 2675 1134 2699 Marcello
1154 2674 1227 2697 ¹529.

272 2720 319 2746 ⁴5)
339 2718 394 2742 Cic.
415 2719 446 2741 dc
468 2718 544 2742 Orat.
564 2718 614 2741 lu.
634 2718 683 2743 27.
705 2719 760 2743 106.

1385 1616 1547 1649 Primum
1575 1622 1704 1648 vocant
1738 1615 1980 1648 exordium.
2040 1614 2148 1649 Docet
2174 1617 2270 1650 enim

1283 1674 1364 1699 ante
1396 1680 1518 1700 causas
1551 1669 1725 1712 quaedam
1763 1667 1915 1711 praefari
1950 1667 1993 1698 ad
2027 1667 2270 1702 conciliandos

1283 1719 1421 1752 animos
1447 1718 1680 1751 audientium.
1734 1718 1931 1751 Exordium
1954 1724 2133 1762 sumptum
2158 1725 2209 1753 est
2230 1732 2271 1752 ex

1283 1770 1488 1809 occasione,
1525 1770 1648 1802 Cicero
1673 1768 1761 1802 nihil
1789 1770 1848 1803 diu
1875 1770 1943 1812 egit
1967 1769 2003 1801 in
2029 1776 2173 1811 senatu,
2210 1778 2271 1804 ant

1282 1822 1379 1859 soro;
1428 1834 1522 1854 nunc
1554 1834 1638 1853 xero
1673 1821 1832 1854 restituto
1865 1821 1915 1855 M.
1950 1820 2120 1854 Marcello
2155 1822 2271 1867 coepit

1282 1880 1435 1906 veterem
1471 1872 1763 1905 consuetudinem
1804 1884 1990 1906 renovare.
2068 1873 2133 1906 Hic
2171 1886 2271 1908 casus

1282 1925 1427 1969 praebet
1463 1924 1648 1957 materiam
1679 1924 1837 1959 exordio.
1917 1924 2078 1959 Solemus
2109 1924 2203 1958 enim
2235 1925 2272 1958 in

1282 1976 1435 2010 exordiis
1466 1976 1676 2021 plerumque
1709 1977 1752 2009 de
1785 1977 1900 2009 officio
1933 1982 2057 2009 nostro
2090 1977 2271 2021 disputare

1282 2035 1315 2061 et
1342 2029 1539 2067 ostendere,
1570 2040 1632 2060 cur
1651 2027 1748 2067 illud,
1778 2029 1873 2073 qnod
1893 2028 2116 2072 suscipimus,
2142 2029 2272 2062 facien-

1282 2081 1365 2112 dum
1400 2093 1472 2113 esse
1505 2079 1680 2113 duximus.
1761 2080 1857 2113 Solet
1899 2086 2017 2112 autem
2053 2079 2089 2112 in
2118 2080 2271 2114 exordiis

1284 2131 1384 2163 initio
1419 2133 1593 2176 quaedam
1629 2132 1803 2164 sententia
1839 2131 2014 2176 proponi,
2057 2132 2110 2165 cui
2148 2137 2270 2176 postea

1282 2183 1518 2217 subiicinntur
1553 2183 1711 2217 rationes
1748 2190 1781 2216 et
1823 2183 2070 2227 expositiones.
2147 2182 2269 2216 Prima

1282 2235 1455 2268 sententia
1483 2241 1548 2268 est:
1578 2235 1692 2267 Hodie
1718 2248 1832 2268 meam
1860 2234 2168 2268 xeteremdicendi
2187 2247 2271 2267 con-

1282 2286 1503 2320 suetudinem
1532 2298 1679 2320 renovo.
1733 2287 1788 2319 Sic
1811 2287 1904 2320 enim
1923 2286 2094 2320 sententia
2115 2286 2271 2319 breviter

1283 2345 1333 2371 est
1361 2338 1612 2382 concipienda,
1641 2345 1674 2371 et
1702 2345 1820 2382 postea
1846 2339 2059 2376 videndum,
2087 2339 2270 2382 quomodo

1283 2390 1406 2423 Cicero
1424 2403 1500 2423 eam
1528 2390 1823 2436 illuminetatque
1840 2389 1954 2422 verbis
1972 2395 2085 2422 ornet.
2136 2389 2267 2422 Ratio

1284 2448 1351 2475 est:
1387 2442 1479 2486 Quia
1512 2454 1586 2474 non
1620 2455 1761 2486 possum
1795 2454 1850 2474 me
1882 2441 2084 2479 continere,
2123 2447 2162 2474 ut
2195 2454 2269 2474 non

1285 2494 1484 2538 praedicem
1518 2494 1741 2526 elementiam
1774 2491 1947 2526 Caesaris.
2001 2492 2168 2537 Sequitur
2200 2505 2269 2525 ex-

1286 2545 1478 2589 positio,
1521 2558 1590 2590 qua
1627 2545 1660 2577 in
1694 2557 1729 2577 re
1759 2544 1825 2577 fnit
1857 2545 2009 2578 clemens
2039 2544 2189 2583 Caesar,
2232 2544 2269 2576 in

1284 2597 1502 2630 restituendo
1519 2597 1701 2629 Marcello.
1753 2596 1920 2641 Sequitur
1942 2594 2268 2640 amplificatio,

1284 2662 1361 2682 cum
1389 2648 1578 2681 Marcellus
1601 2647 1706 2680 fuerit
1733 2654 1874 2688 orator,
1906 2647 2030 2681 Cicero
2054 2647 2160 2681 sumit
2185 2646 2266 2679 inde

1283 2700 1616 2744 amplificationem,
1659 2712 1736 2732 cum
1773 2699 1877 2732 suerit
1909 2706 2051 2740 orator,
2089 2705 2122 2732 et
2154 2697 2268 2732 socius
