2347 3000
221 130 294 166 219

325 215 353 249 si
379 215 415 247 in
442 214 618 252 numeris,
659 213 918 251 contractibus,
959 210 1097 244 iudiciis
1120 210 1208 243 falsa

325 267 560 304 misceantur,
588 265 659 297 sita
687 265 862 298 turbatur.

274 317 477 352 Necessaria
498 323 548 349 051,
566 317 672 357 igitur
693 315 835 347 veritas.

315 378 379 409 llic
400 376 586 420 praecipue
606 374 796 418 repetenda
811 378 861 405 est
873 370 1085 409 admonitio,
1103 381 1210 415 quam

224 440 328 472 saepe
348 429 576 460 inculcamus.
618 425 698 457 ldeo
715 425 806 456 Deus
823 422 943 466 generi
962 420 1122 454 hnmano
1142 420 1211 453 vir-

226 486 339 512 tutum
365 479 602 520 cognitionem
635 475 798 512 tradidit,
831 481 867 506 ut
894 475 1054 512 doceret,
1097 472 1212 517 qualis

225 532 264 562 sit
291 531 381 574 ipse,
417 529 499 573 quia
528 528 599 559 xult
626 532 766 558 nostras
790 531 927 557 mentes
952 531 986 557 et
1009 524 1212 557 voluntates

225 595 302 613 cum
319 594 378 614 sua
401 590 606 621 congruere,
624 577 719 609 iubet
736 589 801 609 nos
824 589 895 610 0550
919 588 1074 615 veraces,
1097 582 1135 608 ut
1155 576 1212 607 sir-

226 632 378 664 missime
403 636 600 662 statuamus
627 628 741 672 ipsum
766 639 928 660 xeracem
954 640 1047 666 esse,
1082 633 1113 659 et
1140 626 1213 659 eius
1239 631 1240 658 ἒ

225 694 423 716 sermonem
442 692 514 712 non
538 692 610 712 esse
635 680 862 723 praestigias,
891 680 946 711 vel
965 678 1213 722 ambiguitates

226 734 355 765 oll'nsas
372 730 595 770 bominibus,
624 737 796 776 tanquam
813 743 960 774 pomum
978 730 1125 768 Eridos,
1154 735 1215 761 aut

224 782 400 828 Sphingos
420 783 645 825 aenigmata,
671 795 735 814 nec
752 782 868 815 minas
891 782 953 814 Dei
972 782 1092 814 inania
1111 780 1214 813 terri-

226 836 425 869 culamenta
449 847 520 867 esse
534 861 543 873 ,
569 846 633 866 nec
653 833 906 877 promissiones
930 833 1055 872 editas,
1074 838 1113 865 nt
1130 831 1214 864 stul-

226 894 279 919 tos
300 899 444 932 quoquo
472 886 578 917 modo
605 885 767 918 invitent.
829 885 896 918 Sed
922 896 991 917 vox
1016 885 1095 923 illa,
1124 894 1214 927 quae

225 944 320 971 extat
345 939 439 981 apud
466 937 639 975 Paulum,
677 936 827 969 immota
852 942 903 969 est
932 935 1055 981 (Rom.
1078 935 1119 974 3,
1145 933 1215 979 4.):

225 990 287 1023 Est
306 995 422 1022 autem
444 988 538 1020 Dens
557 999 678 1021 verax.

329 1049 424 1081 Haec.
453 1047 628 1081 sententia
664 1048 873 1080 confirmata
901 1047 936 1079 in
962 1046 1108 1084 animis,
1147 1044 1217 1077 exi-

227 1107 320 1135 stunt
340 1113 403 1134 suo
422 1100 567 1139 ordine,
595 1098 703 1131 timor
723 1099 787 1131 Dei
811 1105 843 1131 et
868 1099 972 1136 fides,
999 1109 1060 1130 seu
1077 1095 1218 1134 fiducia,

227 1159 261 1185 et
284 1164 362 1196 spes
388 1151 525 1184 veniae.
593 1149 711 1182 David
735 1156 830 1182 certo
852 1149 979 1182 metuit
1001 1155 1034 1181 et
1057 1151 1219 1191 expectat

227 1216 361 1248 poenas
378 1215 441 1247 pro
460 1201 656 1241 adulterio,
684 1202 742 1234 sed
770 1201 833 1234 scit
857 1201 987 1243 gradus
1008 1199 1218 1231 constitutos

228 1268 300 1288 0550
329 1253 468 1286 timoris
493 1260 525 1286 et
547 1252 646 1291 fidei,
681 1252 776 1285 iuxta
804 1252 891 1283 illud
921 1251 1043 1295 (Rom.
1062 1247 1097 1289 5,
1121 1246 1218 1292 20.):

228 1305 354 1339 Gratia
378 1305 547 1337 exuberat
563 1315 669 1346 supra
690 1303 869 1335 delictum.
924 1301 1018 1334 Petit
1036 1300 1144 1344 igitur
1162 1310 1220 1331 ve-

228 1358 346 1395 niam,
374 1362 405 1387 et
430 1355 493 1388 scit
517 1354 624 1397 recipi
653 1360 833 1398 petentes,
860 1360 893 1386 et
911 1353 1105 1397 impetrare
1124 1349 1220 1383 miti-

228 1408 406 1452 gationem
425 1418 637 1451 poenarum.

332 1474 422 1506 Hine
441 1473 547 1506 etiam
565 1472 791 1506 statuendum
809 1478 842 1504 et
862 1471 1137 1505 asseverandum
1159 1475 1221 1509 est,

231 1538 310 1559 cum
330 1525 424 1558 Deus
447 1525 492 1558 sit
516 1536 642 1563 verax,
668 1535 900 1569 nequaquam
928 1523 966 1556 in
982 1522 1059 1555 Deo
1086 1532 1222 1566 ponen-

232 1578 295 1611 das
322 1589 393 1610 esse
423 1575 718 1609 contradictorias
744 1575 957 1608 voluntates.
1024 1571 1221 1607 Promissio

233 1635 284 1662 est
301 1627 532 1667 universalis,
558 1639 649 1672 quae
675 1627 849 1666 affirmat,
879 1638 1001 1659 omnes
1029 1625 1073 1658 ad
1085 1623 1221 1657 Media-

233 1687 349 1713 torem
379 1678 620 1722 confugientes
647 1677 769 1721 recipi.
842 1677 1079 1721 Nequaquam
1115 1676 1223 1719 igitur

234 1730 503 1775 imaginandum
526 1735 595 1769 est,
623 1729 719 1774 quod
745 1728 789 1760 ad
815 1728 1036 1760 voluntatem
1051 1725 1119 1759 Dei
1144 1725 1223 1759 atti-

234 1789 312 1822 net,
348 1781 433 1814 foris
471 1780 592 1813 offerri
629 1779 793 1813 omnibus
828 1779 991 1819 veniam,
1038 1778 1100 1812 sed
1130 1777 1223 1809 intus

236 1834 343 1867 aliam
362 1833 583 1865 voluntatem
603 1831 774 1864 inclusam
793 1842 882 1869 esse,
911 1842 1002 1875 quae
1024 1829 1116 1862 nolit
1138 1827 1224 1861 reci-

237 1897 319 1930 pere
345 1884 483 1929 aliquos
508 1882 748 1926 confugientes
773 1882 818 1914 ad
841 1881 1092 1915 Mediatorem.
1157 1879 1225 1912 Sed

236 1935 436 1969 firmissime
459 1935 687 1968 statuendum
715 1939 785 1973 est,
819 1945 897 1966 cum
920 1932 1016 1966 Deus
1039 1933 1083 1966 sit
1106 1942 1226 1971 verax,

239 2000 317 2020 eam
342 1987 454 2020 solam
475 1999 546 2019 esse
574 1986 796 2019 voluntatem
823 1984 909 2025 Dei,
938 1996 1046 2029 quam
1073 1981 1227 2016 ostendit

240 2039 275 2071 in
295 2050 457 2083 expresso
476 2038 585 2070 verbo
598 2064 606 2078 ‚
635 2048 710 2070 non
728 2049 799 2070 esse
815 2036 852 2069 in
872 2048 912 2069 eo
932 2033 1227 2069 contradictorias

239 2091 450 2124 voluntates.

342 2157 489 2189 Vicinae
513 2162 595 2189 sunt
615 2155 763 2188 virtutes
780 2154 940 2195 veritati,
969 2153 1167 2187 constantia
1192 2152 1228 2185 in

243 2222 323 2243 vera
339 2207 531 2247 sententia,
560 2219 650 2252 quae
668 2204 758 2239 nihil
774 2206 869 2239 aliud
888 2213 956 2245 est,
983 2205 1051 2238 nisi
1068 2216 1229 2250 perseve-

242 2261 358 2294 rantia
376 2260 412 2292 in
430 2258 597 2297 veritate,
627 2257 709 2303 quia
734 2258 931 2291 constantia
956 2257 991 2290 in
1019 2257 1131 2290 causis
1155 2268 1229 2289 non

244 2312 355 2350 veris,
384 2317 434 2343 est
460 2309 572 2354 turpis
596 2316 630 2342 et
653 2309 799 2342 exitiosa
833 2309 1047 2354 pertinacia,
1082 2309 1124 2342 de
1160 2319 1228 2352 qua

243 2363 389 2397 dicitur:
424 2361 555 2394 Errare
574 2358 770 2393 humanum
789 2367 857 2401 est,
882 2372 1108 2405 perseverare
1125 2359 1161 2391 in
1178 2370 1230 2391 er-

245 2426 345 2452 rore,
373 2413 587 2446 diabolicum
606 2418 667 2445 est.
709 2411 772 2445 Est
787 2417 820 2444 et
837 2412 971 2444 candor
987 2411 1098 2445 virtus
1115 2410 1229 2444 vicina

245 2464 404 2503 veritati,
433 2463 568 2508 aliquid
584 2463 717 2496 leniens
735 2463 771 2495 in
795 2463 1106 2507 interpretatione,
1135 2462 1229 2507 quod

247 2516 301 2550 vel
324 2514 540 2558 improprie,
575 2515 629 2547 vel
652 2512 833 2548 horridius
857 2515 989 2547 dictum
1015 2520 1075 2547 est.
1136 2514 1230 2547 Sicut

246 2564 414 2603 ἐπιείκεια
432 2572 482 2598 est
499 2565 613 2598 vicina
640 2565 813 2606 iustitiae,
841 2578 1019 2599 summum
1040 2565 1092 2599 ius
1108 2577 1168 2599 seu
1184 2564 1231 2597 ri-

245 2630 365 2663 gorem
385 2616 440 2662 (ut
456 2616 599 2661 vocant)
617 2617 740 2651 tuenti.
795 2615 1157 2661 Comprehenduntur
1172 2628 1231 2649 au-

246 2677 316 2703 tem
341 2667 537 2700 constantia
564 2674 597 2700 et
620 2669 752 2702 candor
777 2670 897 2703 eadem
917 2668 1232 2707 demonstratione,

246 2733 314 2766 qua
332 2719 459 2752 veritas
479 2718 705 2763 praecipitur.

488 127 689 163 SCRIPTA
714 126 789 161 Pll.
817 125 929 160 MEL.
955 125 1020 159 AD
1048 122 1256 159 ETHICEN
1283 123 1347 157 ET
1374 123 1630 160 POLITICEN
1659 124 1970 161 SPECTANTIA.

2171 129 2246 163 220

1235 236 1240 270 1
1363 211 1419 245 Sic
1436 212 1480 244 ad
1499 211 1666 246 iustitiam
1685 214 1883 246 reserantur
1898 212 2140 254 beneficentia,
2163 214 2248 247 libe-

1236 272 1239 284 ·
1262 261 1403 303 ralitas,
1439 263 1703 304 misericordia,
1742 265 1920 308 gratitudo
1946 271 1979 296 et
2005 266 2249 309 temperantia.

1262 313 1353 346 Nam
1373 314 1622 355 beneficentia,
1648 315 1853 355 liberalitas,
1881 315 2138 356 misericordia,
2165 317 2249 349 vici-

1262 377 1327 397 nae
1342 372 1424 398 sunt
1443 365 1607 399 iustitiae.
1647 366 1722 399 Etsi
1741 367 1833 398 enim
1853 367 1938 399 dant
1959 367 2152 400 indebitum
2170 380 2249 412 per-

1263 428 1392 456 sonae,
1417 423 1537 449 tamen
1553 418 1639 449 (lant
1656 417 1813 450 debitum
1831 419 1976 462 speciei,
2005 418 2039 451 id
2059 425 2127 459 est,
2156 431 2251 451 com-

1264 467 1363 500 muni
1385 467 1565 507 societati,
1601 480 1690 513 quae
1714 469 1787 501 sine
1812 470 2062 510 beneficentia,
2098 470 2252 503 liberali-

2183 521 2252 554 Sed

1265 571 1376 603 multo
1396 570 1564 603 illustrius
1582 577 1632 603 est
1648 570 1783 610 dicere,
1808 572 1892 603 dare
1912 585 1969 606 eas
1986 573 2143 605 debitum
2161 572 2252 612 Deo,

1266 622 1346 666 quia
1363 622 1455 655 Deus
1472 622 1546 654 x‘ult
1564 622 1710 665 intelligi
1730 619 1792 655 lias
1810 622 1968 663 virtutes,
1997 636 2087 669 quae
2107 624 2253 668 propius

1239 662 1241 724 i
1266 674 1310 706 ad
1334 673 1528 706 bonitatem
1554 674 1744 713 accedunt,
1772 679 1810 706 ut
1837 674 1987 707 sciamus
2011 676 2125 718 ipsum
2147 676 2252 708 talem

1267 736 1358 764 esse,
1393 724 1483 758 sicut
1505 725 1673 769 scriptum
1701 731 1751 757 est
1774 723 1906 770 (Iacob.
1923 728 1958 765 2,
1978 725 2070 771 13.);
2114 726 2254 760 Μί5οι·ἰ-

1267 776 1385 808 cordia
1416 782 1559 820 superat
1587 776 1777 816 iudicium,
1818 776 1853 808 id
1878 783 1947 817 est,
1981 777 2135 820 rigorem
2157 777 2256 811 iuris.

1267 826 1351 860 Item
1373 826 1519 872 (Luc.6,
1536 827 1630 873 37.):
1653 827 1855 867 Pit-mittite,
1878 835 1911 861 et
1927 829 2127 862 remittetur
2144 829 2256 862 vobis.

1369 878 1413 911 Et
1439 879 1636 923 amplitudo
1662 879 1924 912 misericordiae
1952 880 2078 913 illustri
2103 880 2256 923 imagine

1268 930 1477 963 describitur
1494 928 1638 976 (Manli.
1660 931 1716 969 18,
1734 929 1928 976 23-35.)
1949 931 1982 963 ἰιι
2000 932 2166 971 domino,
2195 931 2258 976 qui

1268 981 1417 1014 remittit
1440 994 1542 1015 servo
1566 981 1689 1023 ingens
1718 981 1896 1021 debitum,
1937 989 1969 1014 et
2001 989 2120 1025 postea
2154 982 2258 1026 punit

1269 1045 1410 1066 servum
1434 1044 1507 1065 non
1530 1032 1790 1071 remittentem,
1814 1038 1851 1064 nt
1867 1033 2125 1075 intelliganms,
2151 1040 2184 1066 et
2201 1046 2258 1066 ex—

1270 1083 1394 1115 cellere.
1420 1083 1456 1114 in
1482 1082 1556 1126 ipso
1581 1083 1861 1115 misericordiam
1900 1089 1932 1115 et
1963 1083 2051 1115 xelle
2085 1097 2184 1125 eum,
2219 1090 2259 1119 ut

1265 525 1334 551 tate.
1359 525 1393 552 et
1416 519 1659 552 111isericordia
1680 532 1752 551 non
1776 527 1891 563 potest
1915 521 2129 555 conseruo-i.

1270 1146 1335 1167 nos
1365 1146 1506 1178 quoque
1530 1134 1811 1167 misericordiam
1844 1141 1990 1179 propter
2019 1135 2134 1179 ipsum
2162 1149 2259 1170 exer-

1271 1197 1431 1224 ceamus,
1459 1186 1666 1227 praesertim
1683 1199 1761 1218 cnm
1782 1185 1816 1218 in
1835 1186 1964 1220 nostris
1984 1187 2106 1221 officiis
2123 1188 2260 1222 miseri-

1272 1235 1413 1268 cordiae
1448 1235 1533 1267 velit
1568 1248 1640 1269 esse
1671 1237 1887 1279 agnitionem
1912 1245 2116 1271 nostrornm
2138 1252 2260 1284 pecea-

1273 1294 1413 1326 torum,
1457 1292 1490 1319 et
1522 1286 1663 1320 ‹lix-inae
1698 1289 1990 1329 condonationis,
2043 1290 2138 1323 iuxta
2173 1291 2259 1324 illud

1274 1335 1419 1385 (Manli.
1437 1335 1472 1377 5,
1491 1336 1560 1383 7.):
1597 1339 1699 1371 Beati
1725 1339 1989 1380 misericordes,
2018 1341 2099 1385 qnia
2124 1341 2261 1375 miseri-

1273 1389 1432 1423 cordiam
1469 1397 1744 1435 consequentur.
1814 1389 1899 1423 Item
1938 1391 2261 1437 Nazianze11us21):

1273 1442 1302 1475 εἶ
1318 1437 1356 1475 δὲ
1373 1437 1476 1479 οἶδας
1491 1439 1618 1486 ὄφλων
1634 1440 1695 1476 καὶ
1713 1437 1924 1486 πρόχρησον
1940 1440 1981 1477 τὸ
1998 1445 2132 1489 πρᾷον,
2151 1444 2263 1491 οἴκτῳ

1273 1490 1347 1540 γὰρ
1365 1491 1484 1529 οῗκτος
1498 1490 1559 1525 καὶ
1576 1492 1655 1539 θεῷ
1674 1491 1930 1536 σταθλιιίζεται.

1376 1542 1549 1587 Reliquae
1580 1544 1903 1577 deninusti-:itiones
1935 1544 2143 1589 perspicuae
2169 1552 2263 1586 sunt,

1274 1600 1313 1628 ut
1329 1594 1371 1626 (10.
1392 1594 1606 1637 gratitudine
1628 1595 1720 1628 inter
1740 1593 1914 1629 homines.

1324 1644 1528 1680 Necessaria
1563 1652 1614 1679 est
1645 1647 1859 1693 aequalitas,
1902 1653 1941 1680 ut
1971 1653 2132 1680 servetur
2156 1659 2265 1692 genus

1379 1693 1590 1730 humanum.

1326 1745 1472 1779 Sublata
1490 1747 1705 1791 gratitudine
1717 1775 1725 1789 ,
1753 1749 1890 1781 tollitur
1909 1748 2116 1794 aequalitas.

1326 1796 1421 1842 Ergo
1437 1799 1632 1832 necessaria
1653 1806 1703 1832 est
1720 1800 1911 1844 gratitudo.

1705 1873 1832 1908 Item:

1327 1935 1532 1973 Necessaria
1550 1934 1729 1979 copulatio
1748 1941 1797 1967 est
1818 1946 1941 1967 causae
1961 1941 1993 1967 et
2011 1935 2165 1969 effectus.

1330 1989 1542 2022 Benesactor
1553 2013 1561 2026 ‚
1589 1993 1628 2020 ut
1643 1986 1739 2020 Deus
1755 1986 1809 2019 vel
1825 1983 1934 2019 homo
1946 2013 1954 2026 ‚
1984 1993 2034 2020 est
2052 1999 2156 2021 causa
2175 1987 2267 2020 salu-

1382 2040 1426 2073 tis
1448 2038 1561 2072 alteri.

1327 2090 1424 2135 Ergo
1457 2095 1615 2124 servatus
1647 2088 1750 2122 debet
1782 2101 1972 2133 agnoscere
2004 2088 2102 2122 illam
2126 2089 2271 2134 copula·

1383 2149 1531 2175 tionem.

1385 2193 1431 2227 Et
1454 2192 1569 2227 sanxit
1586 2190 1682 2224 Deus
1706 2190 1797 2224 inter
1816 2188 1980 2224 homines
2002 2190 2269 2234 gratitudinem,

1282 2250 1322 2278 ut
1339 2256 1570 2288 agnoscamus
1590 2242 1656 2288 ipsi
1673 2255 1815 2288 quoque
1830 2241 1951 2276 deberi
1966 2242 2231 2286 gratitudinem.

1559 2311 1620 2345 De
1649 2309 1992 2356 Temperantia:

1334 2373 1461 2408 Omnis
1474 2379 1602 2406 natura
1623 2378 1673 2406 est
1691 2371 1932 2406 conservatrix
1950 2371 2004 2405 sui
2022 2378 2117 2405 recto
2132 2371 2270 2406 ordine.

1335 2425 1589 2469 Temperantia
1606 2429 1724 2458 servat
1742 2422 1950 2456 animantia.

1334 2476 1429 2520 Ergo
1447 2483 1497 2510 est
1515 2475 1723 2509 necessaria.

1385 2528 1561 2561 Sedulitas
1585 2527 1690 2560 etiam
1717 2525 1762 2558 ad
1786 2523 1954 2557 iustitiam
1981 2524 2154 2568 pertinet,
2179 2535 2269 2570 quae

1285 2585 1335 2613 est
1350 2579 1462 2612 virtus
1479 2585 1660 2624 praestans
1677 2575 1894 2619 diligentiam
1913 2575 1949 2607 in
1969 2576 2096 2610 officio.
2147 2575 2269 2608 Extre-

1285 2642 1341 2664 ma
1369 2637 1468 2671 sunt,
1503 2629 1643 2674 ignavia
1670 2634 1703 2661 et
1725 2625 2080 2675 πολυπραγμοσύνη.
2138 2626 2269 2660 Paulus

1320 2731 1368 2763 21)
1389 2730 1540 2762 Gregorius
1559 2726 1763 2753 Nazianzenus.
