2347 3000
235 118 309 153 939

236 216 339 236 verae
356 203 469 237 laudis
482 210 658 244 meretur,
687 217 793 249 quam
815 205 1114 252 ainplissima092)
1140 212 1221 238 tuae

237 255 418 288 victoriae.
501 256 638 288 Deinde
682 255 822 287 subiicit
863 257 1221 299 argunientationem.

234 306 386 339 Ducitur
420 312 536 338 autem
566 305 677 349 prim
691 318 756 338 um
786 315 1035 349 argumentum
1064 320 1105 340 ex
1127 321 1222 340 com—

235 358 423 401 paratione
440 369 558 389 rerum
576 356 781 389 bellicarum
808 364 842 390 et
866 358 1022 398 virtutis,
1058 365 1092 391 et
1115 365 1154 392 ut
1178 359 1223 392 sit

234 409 379 441 mollior
398 408 531 447 aditus,
558 407 680 439 laudat
696 420 750 441 res
765 415 876 451 gestas
887 410 1058 444 Caesaris.
1093 410 1220 443 Postea

235 465 400 492 extenuat
416 459 451 489 in
472 470 599 500 genere
618 470 672 491 res
690 459 831 492 bellicas
844 487 852 499 ‚
881 467 914 493 ct
931 462 1039 494 sumit
1063 474 1081 493 a
1110 463 1222 494 causis

234 511 428 548 rationem,
452 521 560 553 quare
578 509 688 542 xirtus
704 511 748 543 sit
766 513 1014 554 praestantior.
1075 512 1221 557 Sapien-

235 567 287 593 ter
310 562 399 592 sacta
423 566 605 603 praestant
627 562 791 595 fortunae
817 563 1007 597 beneliciis.
1059 562 1097 596 ln
1122 564 1221 596 bellis

233 624 267 644 ex
278 618 378 644 entus
396 611 556 656 plerique
573 612 706 644 suntin
724 620 896 657 potestate
915 616 1090 648 fortunae.
1124 615 1220 657 Ergo

233 661 318 695 llaec
347 663 538 695 domestica
566 663 697 704 virtus,
740 677 830 709 quae
859 672 995 699 tantum
1026 666 1220 709 sapientiae

232 713 380 746 consilio
404 714 555 757 regitur,
584 720 635 747 est
655 717 905 759 praestantior.
957 717 1080 750 Cicero
1103 723 1219 750 autem

231 762 494 809 eiitl1)·iiieiii;ite
516 765 645 805 utitur,
681 767 809 800 omissa
838 768 986 802 maiore.
1061 769 1221 801 Secun—

232 816 330 848 dum
367 823 615 859 argumentum
648 825 828 861 sumptum
864 826 915 852 est
945 819 1219 860 aldil'licultate:

230 866 416 900 Difficilius
436 874 469 899 et
486 867 674 909 gloriosius
693 875 743 901 est
762 870 850 902 iram
868 871 1026 909 vincere,
1062 883 1220 914 praeser-

232 918 294 950 tim
317 918 351 950 in
370 919 518 952 victoria
535 919 646 959 cixili,
683 933 788 965 qnam
807 919 923 955 liostes
940 929 1044 966 atque
1063 923 1167 955 urbes
1185 923 1218 954 in

230 969 322 1001 bello
355 982 491 1013 capere.
557 970 633 1003 Etsi
656 970 764 1012 igitur
786 972 869 1004 alibi
896 971 1012 1006 liostes
1034 974 1219 1017 superasti,

230 1026 351 1053 tamen
376 1019 432 1053 liic
460 1020 570 1053 vicisti
596 1021 815 1055 iracundiam
839 1030 873 1055 et
894 1024 1076 1056 saexitiam
1109 1025 1219 1056 victo—

230 1071 321 1103 riae:
359 1084 441 1113 ergo
460 1069 526 1103 boc
546 1072 675 1104 sactum
694 1073 869 1105 dil'licilius
891 1081 924 1106 et
946 1074 1133 1116 gloriosius
1158 1081 1218 1108 est.

231 1121 355 1155 Cicero
382 1134 455 1154 non
480 1122 610 1154 retinet
634 1123 806 1166 puerilem
835 1125 987 1157 sormam
1013 1125 1219 1169 syllogismi,

228 1174 288 1206 sed
324 1179 442 1205 tamen
460 1172 505 1218 ¹⁰)
530 1174 688 1206 membra
716 1175 858 1217 agnosci
884 1183 1041 1219 possunt.
1102 1177 1219 1209 Maior

229 1230 297 1257 est:
327 1223 421 1257 Haec
441 1224 501 1269 qui
524 1225 627 1263 sai-it,
656 1225 787 1272 etc.¹¹).
850 1226 971 1259 Minor
996 1233 1047 1259 est
1070 1228 1219 1272 amplifl—

229 1281 304 1308 cata
323 1275 587 1308 collationibus:
617 1276 686 1309 Res
704 1289 849 1319 magnas
866 1279 959 1311 bello
979 1278 1130 1321 gessisti3
1159 1281 1218 1312 sed

228 1326 266 1358 in
292 1324 361 1359 hoc
384 1327 475 1359 facto
503 1326 616 1360 vicisti
646 1327 880 1362 iracundiam.
949 1329 1137 1363 Conclusio
1170 1337 1216 1364 est

229 1375 376 1421 pulchre
410 1384 553 1410 ornata:
594 1377 717 1424 ltaque
743 1380 780 1413 C.
804 1380 934 1413 Caesar
965 1381 1109 1413 bellicae
1138 1388 1218 1414 tuae

227 1429 349 1462 laudes
374 1428 664 1470 illustrabuntur,
705 1431 766 1464 sed
789 1432 901 1474 magis
925 1432 1129 1465 laudabitur
1153 1434 1218 1466 cle-

228 1479 373 1513 ruentia.

390 1562 661 1607 Propositio
696 1563 1058 1609 paraphrastica.

331 1630 406 1664 Etsi
426 1631 509 1664 belli
526 1633 636 1675 gloria
657 1646 778 1667 omnes
796 1634 956 1667 onmium
974 1641 1129 1667 aetatum
1154 1635 1218 1667 im-

229 1683 466 1728 perat01·es¹'·')
490 1683 752 1726 longe-vicisti,
796 1691 915 1717 tamen
942 1686 1117 1718 veriorem
1143 1686 1217 1718 lau-

228 1735 307 1766 dem
331 1734 448 1766 nullae
475 1746 530 1767 res
555 1735 647 1767 bello
673 1742 788 1777 gestae
814 1734 965 1775 liabent,
1000 1750 1107 1781 quam
1132 1735 1217 1769 baec

228 1791 288 1817 tua
314 1784 535 1825 moderatio,
578 1798 648 1830 qua
675 1784 781 1819 bodie
809 1787 845 1819 in
877 1787 1095 1820 restituendo
1121 1788 1216 1820 Mar-

229 1835 316 1868 cello
340 1848 422 1869 usus
446 1848 492 1869 es.

430 1920 633 1954 Primum
673 1929 1001 1966 argumentum.

328 1987 454 2021 Nullus
469 1989 665 2032 imperator
679 2002 837 2034 unquam
863 1991 984 2034 procul
1009 1992 1139 2025 dissitis
1164 2005 1217 2025 re-

227 2038 391 2083 gionibus
407 2039 498 2071 bella
517 2040 639 2083 gessit,
674 2042 791 2073 nullus
810 2042 912 2075 toties
931 2043 1003 2075 acie
1024 2043 1217 2083 dimicaxit,

227 2090 316 2123 nulli
333 2102 410 2123 cum
430 2096 502 2123 tam
519 2091 693 2124 bellicosis
710 2092 914 2126 nationibus
943 2106 997 2126 res
1022 2094 1106 2133 suit,
1140 2095 1217 2127 nul-

227 2141 293 2174 lius
310 2153 408 2174 arma
427 2147 540 2174 totum
561 2143 682 2175 orbem
712 2149 888 2176 terrarum
910 2152 1100 2188 pervagata
1125 2152 1217 2185 sunt,

226 2198 266 2225 ut
283 2198 342 2225 tua
359 2192 445 2226 fusis
469 2199 503 2225 et
526 2194 722 2238 profligatis
748 2195 972 2229 ferocissimis
997 2197 1217 2230 exercitibus.

227 2243 364 2276 Harum
382 2256 501 2276 rerum
521 2245 803 2288 magnitudinem
828 2247 1004 2289 cogitans,
1038 2260 1116 2280 eum
1143 2261 1218 2280 cae—

227 2295 311 2328 teris
342 2295 618 2339 imperatoribus
649 2302 681 2328 te
715 2303 916 2341 antepono,
958 2305 1031 2331 tum
1057 2311 1142 2331 x'ero
1168 2300 1215 2331 ita

227 2352 363 2385 statuo,
390 2359 444 2379 res
462 2353 577 2380 tantas
599 2347 674 2380 sine
701 2350 855 2393 quadam
880 2349 999 2381 divina
1024 2349 1059 2382 vi
1084 2362 1123 2383 ac
1148 2350 1217 2382 xir-

227 2402 300 2429 tute
322 2397 395 2440 geri
420 2410 492 2430 non
517 2398 684 2442 potuisse.
745 2400 970 2445 Quamquam
999 2401 1105 2443 igitur
1133 2399 1218 2433 baei=

227 2454 307 2480 sunt
325 2448 561 2491 amplissima,
597 2456 714 2482 tamen
733 2451 800 2482 alia
816 2458 898 2484 sunt
914 2451 1128 2495 reipublicae
1146 2466 1218 2485 me-

264 2563 314 2590 Βῆ)
334 2563 532 2592 amplissimae]
552 2565 602 2590 Ed.
618 2567 691 2590 1554.
709 2567 885 2597 amplissime.

264 2614 309 2640 10)
331 2614 434 2642 tamen]
456 2615 494 2637 sic
513 2616 705 2647 Editt.1553.‚
728 2619 818 2647 1554.;
846 2619 872 2642 in
892 2619 940 2644 Ed.
959 2620 1032 2644 15⁶8.
1053 2621 1138 2645 deest.

260 2665 307 2691 11)
329 2665 396 2693 ctu]
417 2666 449 2688 ab
468 2666 551 2689 Editt.
569 2667 658 2698 1553..
680 2669 754 2694 1554.
774 2671 862 2695 abest.

259 2716 305 2744 12)
327 2716 522 2746 imperatores]
543 2717 580 2741 sic
601 2718 682 2742 Editt.
701 2720 791 2751 1553.‚
814 2722 903 2751 1554.;
927 2722 953 2746 in
967 2723 1015 2746 Ed.
1032 2723 1104 2747 ¹568.
1125 2724 1217 2747 onum.

811 119 934 154 PHIL.
966 119 1078 154 MEL.
1112 119 1314 155 SCRIPTA
1346 121 1682 159 PHILOLOGICA.

2182 126 2258 162 940

1274 207 1386 247 liora,
1414 208 1574 242 videlicet
1591 210 1628 242 in
1646 210 1791 243 victoria
1816 211 2039 244 moderatum
2061 224 2154 252 esse,
2187 224 2259 245 ser-

1275 270 1358 291 vare
1389 259 1500 299 cix-cs,
1543 262 1724 294 consulere
1756 262 1861 295 saluti
1886 261 1981 295 orbis
2010 268 2183 295 terrarum
2201 263 2260 308 ¹3),

1274 309 1414 342 munire
1437 323 1559 354 pacem
1588 318 1621 344 et
1646 312 1868 356 disciplinam
1892 313 2026 354 legibus
2050 320 2083 346 et
2099 313 2144 359 ¹²¹)
2171 313 2261 345 iudi-

1275 360 1347 394 ciis.
1397 361 1489 394 iNam
1507 362 1543 394 in
1561 363 1652 396 bello
1679 364 1834 407 decerpit
1857 366 1899 396 de
1923 364 2085 397 laudibus
2108 364 2262 408 impera-

1276 411 1362 444 toris
1385 412 1537 445 militum
1567 414 1688 447 virtus.
1749 414 1859 458 Saepe
1883 415 1988 447 etiam
2015 416 2156 448 sortuna
2183 415 2261 458 plus

1276 463 1368 494 valet
1402 476 1509 508 quam
1544 464 1655 498 virtus
1675 465 1753 511 ¹⁴²²).
1821 466 1889 498 Sed
1921 466 2120 499 moderatio
2150 465 2261 498 animi

1275 514 1419 557 proprie
1446 521 1497 547 est
1519 521 1598 555 tua,
1637 522 1671 548 et
1701 516 1894 560 sapientiae
1921 518 2160 562 bonitatisque
2186 517 2261 549 iau-

1275 565 1353 596 dem
1377 563 1493 599 babet.
1547 566 1621 599 lloc
1639 568 1742 600 decus
1760 580 1873 613 neque
1891 580 1968 601 cum
1987 569 2174 607 militibus,
2200 579 2260 600 ne-

1275 628 1342 660 que
1359 628 1436 649 cum
1459 619 1604 650 fortuna
1630 631 1817 651 comnume
1843 624 1905 652 est.
1965 619 2055 653 Bam
2083 619 2260 663 sapienter

1275 668 1363 699 i'acta
1381 680 1453 699 non
1471 676 1552 701 sunt
1570 669 1607 701 in
1624 669 1666 703 iis
1681 671 1922 710 numeranda,
1955 683 2046 715 quae
2071 676 2200 703 temere
2227 675 2260 702 et

1274 731 1356 751 casu
1380 720 1559 754 eveniunt.

1602 804 1925 850 Parapbrasis.

1374 870 1511 904 Deinde
1531 872 1705 906 ‹lil'licilins
1725 879 1757 905 et
1775 873 1963 915 gloriosius
1981 879 2031 906 cst
2052 871 2190 915 magnis
2210 870 2261 902 vi-

1273 921 1341 961 ris,
1364 923 1571 966 praesertim
1590 924 1626 956 iu
1644 925 1804 958 civilibus
1823 924 1999 964 victoriis,
2033 936 2123 969 quae
2147 922 2261 956 solent

1273 986 1344 1005 esse
1368 974 1603 1013 crudeliores,
1644 975 1865 1007 iracundiam
1890 977 2049 1014 frenare,
2091 980 2125 1007 et
2152 973 2261 1005 victo-

1273 1023 1345 1055 riae
1379 1025 1561 1057 saex'itiam
1594 1023 1777 1065 cohibere,
1820 1038 1927 1070 quani
1948 1028 2043 1058 ferro
2070 1031 2104 1058 et
2126 1024 2261 1056 viribus

1274 1072 1391 1107 liostes
1425 1076 1541 1107 delere
1558 1075 1624 1122 l³),
1667 1083 1728 1109 aut
1762 1076 1838 1108 loca
1873 1076 2010 1108 munita
2047 1087 2260 1119 expugnare.

1273 1124 1387 1158 Nemo
1411 1132 1528 1159 autem
1553 1139 1711 1171 unquam
1737 1127 1774 1159 in
1797 1126 1890 1159 civili
1914 1126 2061 1159 x‘ictoria
2086 1132 2185 1158 tanta
2210 1131 2261 1158 est

1274 1188 1355 1209 usus
1381 1177 1585 1218 clementia,
1613 1184 1711 1210 tanta
1734 1178 2000 1218 moderatione,
2028 1182 2197 1222 quantam
2223 1182 2261 1208 tu

1274 1233 1447 1270 praestas,
1487 1241 1566 1261 cum
1597 1229 1633 1261 in
1663 1229 1830 1262 sanandis
1855 1229 2019 1262 omnibus
2046 1227 2260 1272 reipublicae

1274 1278 1452 1321 partibus,
1495 1286 1569 1313 tum
1595 1292 1679 1313 vero
1706 1280 1742 1312 in
1766 1280 1949 1313 servandis
1974 1279 2127 1319 cix-ibus,
2162 1278 2260 1311 cuius

1274 1335 1352 1362 tuae
1371 1330 1565 1365 x'iiluntatis
1588 1331 1724 1374 insigne
1745 1331 1923 1375 specimen
1945 1330 2072 1364 dedisti
2093 1334 2260 1363 remeato

1273 1378 1339 1413 lioc
1363 1381 1553 1422 Marcello,
1592 1395 1670 1415 cmn
1693 1383 1836 1427 quidem
1861 1382 1968 1415 suerit
1993 1393 2072 1415 acer
2097 1387 2132 1414 et
2155 1377 2260 1413 velie-

1273 1444 1371 1465 mens
1389 1432 1565 1467 inimicus.
1605 1432 1727 1479 ltaque
1744 1434 1806 1466 etsi
1823 1434 1983 1467 omnium
1999 1432 2125 1466 litteris
2142 1431 2260 1475 ac¹⁵³)

1274 1483 1401 1525 linguis
1419 1484 1564 1517 bellicae
1584 1491 1664 1518 tuae
1680 1485 1801 1518 laudes
1820 1485 2112 1524 celebrabuntur,
2139 1489 2259 1515 tamen

1273 1535 1384 1567 multo
1403 1535 1513 1578 magis
1532 1542 1564 1569 te
1586 1543 1620 1568 et
1640 1537 1730 1570 cives
1756 1537 1928 1569 amabunt
1952 1536 2021 1576 tui,
2057 1541 2090 1567 et
2114 1533 2259 1566 mirabi-

1273 1591 1329 1618 tur
1360 1587 1475 1619 omnis
1508 1587 1695 1630 posteritas
1726 1594 1874 1632 propter
1903 1585 1993 1620 lianc
2029 1585 2259 1619 domesticam

1273 1638 1566 1672 moderationem.

1660 1711 1870 1753 Πάθος.

1371 1782 1513 1815 Etenim
1540 1795 1617 1815 cum
1643 1782 1819 1815 delectent
1843 1779 1930 1814 haee
1954 1781 2113 1825 exempla
2137 1781 2257 1813 mode—

1271 1840 1345 1867 rate
1361 1836 1534 1866 sactorum
1555 1834 1591 1865 in
1608 1833 1754 1873 sabulis,
1781 1845 1931 1878 cumque
1949 1845 2026 1872 eos,
2055 1844 2143 1877 quos
2168 1844 2258 1865 nun—

1272 1898 1378 1930 quam
1404 1885 1578 1925 fidimus,
1614 1890 1761 1929 propter
1786 1884 1984 1917 bonitatem
2009 1895 2186 1923 amemus,
2219 1889 2259 1916 ut

1272 1934 1534 1981 'l'lu·as)bului1i
1552 1942 1755 1980 parcentem
1778 1935 1911 1969 civibus
1922 1935 1982 1981 ¹⁶):
2025 1940 2159 1980 quanto
2184 1946 2258 1966 ma-

1272 1988 1322 2031 gis
1341 1994 1372 2020 te
1396 1994 1617 2031 praesentem
1641 1999 1800 2020 amemus
1812 1986 1876 2032 ¹⁷),
1910 1999 1990 2019 cum
2011 1985 2055 2019 sit
2079 1986 2192 2030 posita
2221 1985 2258 2017 in

1272 2045 1460 2083 conspectu
1485 2038 1615 2078 xirtus,
1655 2051 1732 2071 cum
1758 2039 1934 2071 cernimus
1957 2043 1989 2070 te
2014 2037 2170 2081 privatas
2193 2036 2259 2068 ini-

1271 2090 1422 2123 micitias
1442 2089 1658 2133 reipublicae
1675 2091 1898 2129 condonare,
1926 2087 2086 2122 hostibus
2101 2099 2256 2132 parcere,

1272 2141 1362 2174 cives
1392 2141 1550 2184 egregios
1584 2153 1771 2181 revocare,
1811 2142 1848 2173 in
1871 2147 1945 2173 toto
1971 2140 2056 2173 orbe
2082 2146 2255 2172 terrarum

1272 2206 1392 2236 pacem
1418 2194 1572 2232 efficere,
1614 2192 1650 2224 in
1682 2192 1822 2225 civitate
1852 2191 2058 2235 dignitatem
2096 2189 2256 2222 omnium

1272 2244 1438 2276 ordinum
1456 2250 1489 2276 et
1504 2243 1703 2276 libertatem
1721 2243 1916 2278 restituere.
1957 2242 2047 2275 Tam
2065 2241 2255 2274 salutarem

1307 2363 1353 2391 13)
1373 2363 1454 2386 saluti
1474 2363 1548 2386 orbis
1569 2363 1719 2391 terrarum]
1738 2362 1778 2387 sic
1797 2363 1880 2387 Editt.
1896 2361 1982 2391 ¹553.,
2005 2361 2095 2389 1554.;
2116 2360 2163 2383 Ed.
2181 2361 2255 2384 156⁸.

1340 2399 1414 2422 orbis
1434 2398 1516 2421 saluti
1537 2400 1682 2421 terrarum.

1308 2442 1352 2468 11)
1373 2442 1414 2469 ct]
1434 2441 1473 2463 sic
1492 2441 1575 2465 Editt.
1595 2441 1686 2467 1553..
1709 2441 1798 2466 155⁴.:
1826 2439 1875 2463 Ed.
1896 2438 1969 2461 1568.
1989 2444 2028 2462 ac.

1308 2484 1372 2509 1⁴³]
1393 2486 1480 2513 ¹*nepe
1499 2484 1577 2507 etiam
1599 2484 1707 2506 fortuna
1728 2484 1788 2512 plus·
1807 2482 1879 2504 vaiet
1893 2487 1970 2510 quain
1986 2481 2099 2519 rissum]
2118 2480 2158 2503 sic
2172 2479 2254 2503 Editt.

1343 2519 1432 2543 1553..
1456 2518 1545 2543 1551.;
1571 2518 1596 2541 in
1615 2518 1663 2540 Ed.
1682 2518 1753 2540 1565.
1775 2518 1838 2539 haec
1857 2519 1920 2538 suut
1940 2521 2052 2538 omissa.

1309 2561 1353 2587 15)
1374 2559 1476 2591 delere]
1498 2560 1538 2583 sic
1556 2562 1630 2583 recte
1649 2560 1730 2583 Educ.
1748 2558 1836 2582 1553..
1860 2559 1951 2584 155i.;
1976 2558 2025 2581 Ed.
2043 2557 2115 2582 1568.
2134 2557 2235 2581 dolere.

1308 2602 1371 2634 15³)
1392 2604 1437 2632 ae]
1457 2603 1496 2626 sic
1515 2602 1703 2627 Editt.1553..
1725 2601 1814 2624 1554.:
1840 2601 1888 2623 Ed.
1906 2601 1978 2624 ¹568.
1999 2603 2086 2630 atque.

1308 2647 1353 2673 16)
1370 2647 1448 2670 t'ont‘.
1468 2651 1551 2674 snpra
1571 2652 1594 2674 1¹-
1609 2644 1650 2667 78.

1307 2689 1351 2713 17)
1372 2690 1398 2710 ut
1420 2688 1618 2717 'rin-asymiium
1638 2698 1668 2703 —
1689 2687 1831 2715 amemus]
1852 2686 1890 2709 sic
1909 2686 1992 2709 Editt.
2007 2686 2089 2714 1553..
2111 2686 2199 2713 15:³⁴4
2228 2686 2255 2709 iu

1340 2724 1387 2745 hd.
1407 2723 1476 2745 156³.
1496 2723 1561 2745 haee
1580 2722 1663 2744 verba
1682 2724 1744 2744 sunt
1765 2726 1877 2744 omissa.
