2347 3000
79 135 149 169 535
569 132 594 166 I.

645 128 1014 165 PROLEGOMENA
1050 128 1096 164 IN
1132 129 1319 163 OFFICIA
1352 130 1609 167 CICERONIS.

2021 140 2094 175 534

75 219 132 246 niss
158 228 209 245 von
233 218 291 246 den
316 217 544 246 verschiedenen
567 217 719 254 Ausgaben
742 215 796 243 der
818 215 988 244 samtlichen
1012 215 1160 244 Schriften
1183 215 1237 245 Ph.
1263 214 1486 246 Melancltthons
1511 216 1653 256 (Bremen
1679 217 1771 249 1814.
1794 219 1859 260 8.)‚
1882 222 1991 251 duabus
2016 227 2093 262 pri„-

76 262 152 289 ribus
178 261 288 288 omissis
313 271 340 298 p.
355 260 405 289 45.
430 260 540 287 nonnisi
562 260 677 287 tertiam
700 259 857 286 editionem
882 263 1094 287 commemorat.

206 304 281 330 llaec
304 310 400 330 autem
424 302 583 329 dissertatio
607 301 794 339 sequentibus
817 301 1034 336 Prolegomenis
1058 310 1113 327 non
1138 301 1268 337 integra,
1304 301 1356 328 sed
1387 302 1582 330 tantummodo
1612 313 1679 340 pars
1709 304 1769 332 eius
1800 306 1908 334 inserta
1932 314 1974 335 est
1999 317 2092 346 caque

76 352 130 373 tani
158 347 279 380 variata,
315 352 345 372 ut
375 344 470 382 aptius
501 344 631 371 videatur
655 345 696 371 his
720 344 938 380 Prolegomenis
963 349 1049 371 totam
1073 343 1152 370 illam
1177 345 1465 381 commentationem,
1502 346 1618 382 qualem
1641 347 1704 383 ipse
1726 347 1895 376 Melanthon
1920 350 2027 385 edidit,
2064 353 2091 378 in

75 398 173 414 eorum
200 388 256 415 tine
278 393 453 423 annectere,
489 387 564 414 notis
586 387 723 420 adiectis,
758 395 795 413 ex
820 387 921 423 quihus
948 387 1072 414 lectores
1103 391 1292 422 cognoscant,
1327 392 1509 424 quantopere
1532 388 1581 415 illa
1600 389 1734 426 l‘rolegg.
1758 399 1824 427 pars
1847 393 1880 420 ab
1905 392 1957 420 hac
1980 394 2092 431 integra

75 431 198 458 diflerat.

167 620 338 657 I’HIL.
382 620 530 658 MEL.
574 620 645 657 IN
685 619 974 656 OFFICIA
1014 617 1404 655 CICERONIS
1447 620 1993 666 PROLEGOMENA.

70 719 256 775 [mix-ersa
274 740 446 784 sapientia
462 737 637 779 bumana,
673 750 733 772 seu
760 735 985 782 philosophia
1012 737 1053 770 (le
1079 744 1084 793 Ι
1109 745 1335 772 externorum
1359 740 1623 779 membrorum,
1655 754 1733 781 scu,
1761 750 1799 776 ut
1824 746 1906 778 alibi
1930 749 2092 790 diximus,

69 790 276 829 virtutibus,
306 798 355 824 est
372 791 428 823 vix
446 791 559 824 tenuis
582 789 819 833 paedagogia,
857 789 983 821 collata
1009 789 1053 821 ad

68 842 298 886 sapientiam,
342 854 431 886 quae
454 841 490 873 in
514 841 673 873 doctrina
694 839 869 872 Ecclesiae
896 839 1053 872 contine-

68 900 136 927 tur.
189 893 256 925 Sed
281 899 399 924 tamen
424 892 536 924 voluit
550 891 645 925 Deus
673 891 827 936 aliquam
854 891 937 935 legis
960 891 1053 923 noti-

68 944 155 977 tiam
173 944 210 976 in
227 941 430 976 hominibus
447 943 581 983 lucere,
609 942 723 975 voluit
741 949 775 975 et
795 942 870 986 regi
893 948 1054 975 externas

68 995 235 1028 actiones.
285 993 368 1027 Ideo
386 994 634 1038 explicationes
651 994 755 1038 legis,
783 1006 873 1039 quae
893 999 975 1027 sunt
995 993 1053 1025 de-

66 1044 343 1079 monstrationes
359 1046 523 1079 collectae
541 1058 559 1078 a
576 1043 797 1090 philosophis
809 1072 817 1085 ,
850 1045 911 1090 qui
929 1044 1053 1088 vminus

68 1110 86 1129 a
107 1104 234 1130 natura
252 1097 529 1137 aberraverunt,
565 1109 668 1130 verae
689 1103 788 1136 sunt,
824 1103 857 1128 et
880 1108 953 1128 non
979 1095 1053 1127 ina-

66 1160 140 1182 nes.
202 1148 246 1181 Et
264 1148 473 1191 gubernati0
491 1154 716 1181 externorum
737 1154 896 1191 gestuum
914 1149 958 1179 ad
976 1159 1053 1179 eam

68 1212 232 1232 normam
260 1205 311 1232 est
330 1199 524 1243 possibilis,
562 1206 596 1232 et
619 1200 710 1231 vitae
734 1199 848 1237 utilis,
885 1204 918 1231 et
942 1210 1054 1242 quan-

68 1258 143 1284 tum
177 1250 317 1282 differat
342 1248 428 1282 haec
446 1257 587 1283 externa
611 1250 820 1294 gubernatio
847 1255 1007 1292 gestuum
1034 1260 1052 1281 a

67 1314 151 1335 vera
169 1301 318 1340 virtute,
347 1301 501 1334 ostendit
517 1301 618 1334 initio
646 1302 783 1346 pictura
808 1301 976 1333 foliorum
1000 1299 1055 1331 sici

66 1353 181 1385 Adam
204 1359 237 1385 et
253 1351 361 1385 Evae.
420 1352 536 1386 Adam
562 1359 595 1385 et
609 1351 685 1385 Eva
713 1358 794 1384 ante
820 1352 958 1395 lapsum
981 1351 1054 1383 sue-

68 1411 148 1437 rant
174 1403 344 1447 templum
361 1402 445 1443 Dei,
480 1410 513 1436 et
535 1404 681 1436 fulserat
704 1403 740 1434 in
764 1403 812 1434 eis
835 1401 962 1434 notitia
986 1400 1053 1433 Dei

67 1467 130 1499 per
152 1455 282 1488 Filium
307 1451 419 1501 λόγον
438 1454 526 1492 sicut
549 1454 620 1493 sol,
663 1459 697 1486 et
727 1458 861 1486 arserat
885 1464 945 1484 cor
969 1452 1054 1484 ‹lile-

67 1507 182 1539 ctione
201 1505 266 1538 Dei
282 1517 344 1549 per
361 1505 531 1549 Spiritum
549 1511 721 1538 sanctum.
775 1503 826 1537 Ita
847 1509 924 1536 erat
945 1503 981 1535 in
1005 1503 1053 1536 eis

67 1570 150 1590 vera
168 1557 278 1590 virtus
295 1563 328 1589 et
342 1556 529 1590 rectitudo.
568 1556 637 1589 Sed
656 1568 797 1589 excusso
809 1554 884 1587 Deo
903 1560 1052 1594 rectore,

65 1615 188 1653 postea
215 1608 252 1640 in
273 1613 391 1640 mente
416 1613 518 1640 erant
542 1607 653 1651 caligo
679 1614 712 1640 et
732 1606 991 1645 dubitationes,
1020 1611 1054 1637 et

63 1660 101 1692 in
133 1660 237 1693 corde
271 1665 388 1692 motus
418 1658 515 1691 varie
547 1664 724 1698 errantes,
765 1659 846 1702 fuga
873 1656 994 1690 iudicii
1020 1662 1054 1689 et

65 1711 209 1751 mortis,
240 1710 400 1743 fremitus
428 1710 594 1743 adversus
612 1709 749 1749 Deum,
784 1715 817 1742 et
842 1708 968 1741 deinde
992 1719 1052 1740 va-

64 1763 138 1796 riae
153 1763 329 1795 flammae.
382 1760 479 1794 Haec
494 1761 665 1794 interiora
684 1761 832 1794 vulnera
854 1765 977 1803 tegunt
1000 1759 1053 1791 fo—

64 1814 113 1847 ris
130 1814 223 1847 soliis
246 1813 320 1852 fici,
354 1812 402 1846 sic
425 1812 610 1856 disciplina
638 1818 830 1856 utrumque
854 1811 940 1843 foris
963 1810 1053 1853 regit

65 1872 201 1909 gestus,
235 1876 309 1897 non
332 1863 424 1896 tollit
445 1863 615 1896 interiora
640 1863 744 1903 vitia,
779 1868 819 1896 ut
842 1862 877 1894 in
893 1862 1051 1904 Augusto

64 1918 225 1949 modesto
260 1915 419 1959 principe
450 1921 532 1948 sunt
561 1914 679 1948 minus
714 1915 889 1947 deformes
925 1918 1052 1956 gestus,

67 1981 173 2014 quain
192 1968 229 1999 in
245 1966 403 2009 Caligula
422 1972 482 1999 aut
498 1966 653 2000 Nerone.

169 2035 384 2080 Quanquam
402 2033 508 2077 igitur
523 2033 707 2077 disciplina
722 2031 917 2076 plurimum
936 2031 1054 2064 dissert

65 2100 85 2121 a
105 2098 188 2120 vera
206 2086 357 2125 virtute,
382 2085 417 2117 id
435 2091 503 2124 est,
529 2096 549 2117 a
571 2085 647 2117 luce
675 2091 708 2117 et
732 2083 888 2116 motibus
912 2082 1052 2122 divinis,

64 2139 120 2172 vel
137 2138 180 2170 ab
197 2138 273 2182 ipso
289 2136 365 2169 Deo
385 2141 526 2179 regente
540 2133 726 2168 hominum
746 2141 905 2179 pectora:
934 2140 1053 2166 tamen

65 2189 245 2224 sciendum
263 2194 314 2222 est
330 2187 485 2231 primum
504 2186 589 2231 quid
605 2187 650 2220 sit
664 2186 848 2230 disciplina
859 2212 868 2226 ,
896 2191 930 2218 et
946 2197 1052 2230 quam

64 2240 194 2274 habeat
210 2250 387 2273 normam.
441 2237 602 2271 Secundo
621 2250 682 2271 cur
706 2237 902 2270 necessaria
931 2236 976 2270 sit
1001 2236 1052 2269 di-

64 2292 222 2335 sciplina.
273 2289 397 2323 Tertio
416 2289 597 2334 quomodo
614 2289 659 2322 sit
675 2288 862 2334 possibilis.
914 2287 1052 2332 Quarto

67 2342 152 2389 quid
168 2354 187 2375 a
204 2354 286 2375 vera
305 2341 434 2374 virtute
455 2340 608 2373 differat.

93 2442 210 2488 Quid
237 2442 296 2476 sit
320 2440 572 2485 disciplina
603 2446 643 2473 et
671 2451 800 2486 quam
828 2451 1024 2472 normam

466 2490 646 2525 habeah

167 2570 257 2604 Cum
280 2568 318 2601 in
339 2566 406 2602 hac
429 2567 668 2602 imbecillitate
698 2571 846 2599 naturae
873 2563 1051 2600 humanae

65 2622 122 2656 vix
140 2620 278 2655 ostendi
292 2620 419 2664 possit,
446 2620 531 2665 quid
546 2620 592 2653 sit
607 2619 719 2651 virtus
738 2616 905 2657 interior,
940 2618 1052 2662 magis

63 2674 198 2708 utimur
214 2671 359 2705 nomine
381 2671 604 2716 disciplinae,
632 2669 728 2715 quod
747 2668 921 2712 significat
941 2666 1051 2701 hone-

65 2731 133 2758 stas
149 2724 305 2757 actiones
325 2728 495 2756 externas.
533 2721 596 2756 Est
610 2721 718 2765 igitur
736 2719 921 2763 disciplina
939 2720 1048 2753 rectio

1108 791 1287 834 potentiae
1304 791 1541 823 locomotivae
1560 792 1669 825 rectio
1683 820 1691 832 ,
1716 806 1913 838 congruens
1935 801 1978 832 ml
2002 799 2092 835 hanc

1106 853 1273 874 normam
1298 842 1506 881 immotam,
1551 855 1641 887 quae
1665 845 1874 880 nominatur
1896 849 2092 895 Decalogus

1107 899 1198 925 recte
1224 893 1419 926 intellectus
1438 905 1499 926 seu
1524 895 1567 925 ad
1593 894 1702 938 legem
1727 904 1895 939 naturae,
1933 915 2021 946 quae
2037 895 2095 938 ὀδ-ι

1107 943 1304 987 Decalogus
1324 949 1416 976 recte
1434 943 1641 979 intellectus.

1207 1003 1265 1036 Fit
1295 1010 1413 1036 autem
1436 1004 1644 1047 gubernatio
1669 1005 1925 1051 locomotivae,
1965 1014 2094 1058 cogita-

1107 1054 1203 1087 tione
1220 1054 1305 1098 legis
1323 1055 1359 1086 in
1374 1061 1511 1093 niente,
1539 1062 1571 1088 et
1595 1056 1792 1101 imperante
1810 1062 1993 1097 voluntate
2016 1078 2094 1099 ner-

1108 1105 1177 1144 vis,
1205 1112 1243 1138 ut
1263 1112 1404 1139 externa
1423 1108 1582 1140 membra
1602 1108 1650 1140 sic
1671 1118 1903 1153 moveantur,
1930 1115 2019 1149 sicut
2040 1118 2095 1151 lex

1107 1157 1290 1201 praecipit.
1358 1156 1433 1190 Etsi
1457 1158 1548 1190 enim
1575 1160 1741 1203 cogitatio
1768 1169 1800 1195 et
1827 1165 1992 1200 voluntas
2023 1180 2095 1202 non

1108 1215 1255 1250 possunt
1277 1207 1483 1240 interiorem
1504 1215 1668 1242 naturam
1696 1219 1853 1254 mutare,
1889 1223 1947 1249 aut
1970 1220 2095 1253 arden-

1107 1264 1158 1291 tes
1185 1259 1328 1292 affectus
1353 1272 1393 1292 ex
1417 1261 1522 1292 corde
1543 1261 1685 1299 tollere,
1715 1269 1833 1298 tamen
1851 1268 1968 1301 nervis
1987 1269 2095 1315 inipe-

1107 1321 1186 1342 rare
1209 1316 1375 1354 possunt,
1417 1316 1455 1343 ut
1478 1318 1620 1344 externa
1647 1315 1806 1348 membra
1833 1319 2037 1353 contineant
2064 1330 2097 1356 et

1108 1360 1233 1394 cieant.
1285 1360 1332 1393 Et
1350 1361 1428 1394 talis
1447 1368 1495 1394 est
1509 1374 1701 1396 nervorum
1721 1372 1867 1409 natura,
1895 1376 1933 1403 ut
1952 1371 2095 1407 obedire

1108 1411 1314 1454 cogitationi
1347 1418 1380 1444 et
1409 1413 1584 1445 voluntati
1618 1415 1772 1457 possint,
1807 1425 1846 1451 ut
1872 1421 2037 1465 cogitatio
2062 1432 2095 1458 et

1106 1462 1271 1495 voluntas
1289 1474 1363 1494 non
1379 1463 1509 1495 tollunt
1526 1464 1619 1497 sitim
1637 1465 1674 1497 in
1690 1466 1912 1504 febricitante
1924 1499 1932 1512 ‚
1960 1475 2020 1507 sed
2045 1482 2097 1508 ta-

1107 1525 1188 1545 men
1213 1513 1388 1557 impcrare
1414 1514 1532 1548 nervis
1558 1523 1724 1559 possunt,
1764 1526 1804 1552 ut
1827 1533 1953 1557 manus
1985 1527 2096 1570 repri-

1106 1571 1225 1604 mant,
1252 1577 1295 1597 ne
1313 1565 1440 1609 pocula
1462 1565 1516 1598 ori
1535 1567 1762 1603 admoveant.

1207 1623 1307 1656 Hanc
1340 1624 1540 1658 libertatem
1570 1626 1607 1659 in
1638 1624 1783 1662 homine
1815 1630 1990 1678 reliquam
2024 1647 2095 1670 esse

1107 1680 1240 1707 certum
1260 1681 1311 1709 est
1328 1675 1433 1708 etiam
1453 1688 1493 1709 ex
1511 1677 1644 1718 Paulo,
1670 1680 1731 1724 qni
1746 1681 1909 1716 nominat
1925 1684 2095 1721 iustitiam

1106 1726 1220 1759 carnis
1231 1726 1280 1772 ¹),
1321 1740 1389 1772 qua
1413 1725 1577 1762 homines
1604 1742 1667 1762 suo
1694 1731 1848 1773 delectu,
1891 1735 1997 1770 etiam
2022 1750 2095 1771 non

1106 1777 1240 1817 renati,
1273 1778 1407 1811 faciunt
1431 1785 1592 1813 externas
1616 1778 1782 1816 honestas
1806 1784 2021 1833 actiones2)‚
2057 1802 2095 1823 ac.

1106 1827 1284 1861 vultDeus
1301 1826 1392 1861 hanc
1408 1830 1606 1863 libertatem
1624 1833 1799 1878 reliquam
1820 1848 1891 1869 esse
1903 1864 1911 1877 ‚
1939 1840 2094 1882 primum

1105 1886 1143 1912 ut
1169 1879 1358 1912 discrimen
1381 1880 1619 1925 intelligamus
1644 1884 1736 1917 inter
1759 1898 1865 1929 agens
1887 1888 2038 1923 liberum
2063 1900 2097 1925 et

1106 1943 1179 1963 non
1203 1931 1374 1972 liberum,
1398 1938 1432 1964 et
1452 1932 1603 1967 sciamus
1627 1934 1742 1978 ipsum
1764 1949 1837 1971 esse
1862 1951 1967 1983 agens
1990 1942 2095 1976 liber-

1107 1995 1250 2015 rnnuxn.

1208 2041 1389 2081 Secundo,
1419 2041 1502 2087 quia
1528 2043 1604 2077 vult
1627 2044 1735 2086 scire,
1763 2059 1828 2081 nos
1851 2061 1925 2083 non
1949 2053 2025 2096 cogi
2051 2056 2094 2087 ad

1106 2092 1236 2126 scelera
1256 2099 1420 2133 externa,
1449 2100 1483 2126 et
1498 2094 1594 2128 dedit
1611 2095 1723 2140 legen]
1736 2124 1745 2138 ,
1773 2105 1806 2132 et
1823 2102 2004 2136 constituit
2031 2104 2094 2137 im-

1108 2144 1223 2188 peria,
1258 2150 1297 2177 ut
1324 2150 1467 2178 externa
1492 2147 1652 2180 membra
1679 2146 1900 2187 coherceant.
1967 2155 2094 2190 Nullus

1107 2195 1201 2228 enim
1226 2208 1309 2229 usus
1329 2202 1417 2230 esset
1441 2196 1557 2240 legum
1580 2204 1613 2231 et
1638 2198 1891 2244 imperiorum,
1920 2204 1949 2237 si
1971 2218 2092 2241 omnes

1106 2245 1267 2280 homines
1282 2247 1356 2280 sine
1377 2247 1513 2281 delectu
1535 2255 1568 2281 et
1589 2249 1750 2284 libertate
1779 2261 1940 2296 agerent,
1975 2263 2008 2289 et
2033 2270 2092 2291 ne—

1107 2311 1173 2343 que
1191 2295 1338 2330 honesta
1357 2299 1524 2332 facientes
1540 2308 1683 2344 possent
1700 2303 1802 2336 aliter
1819 2317 1920 2348 agere
1933 2333 1940 2346 ,
1976 2320 2090 2354 neque.

1107 2349 1222 2393 turpia
1241 2349 1407 2382 facientes
1424 2357 1568 2393 possent
1583 2352 1685 2385 aliter
1708 2365 1821 2397 agere.
1873 2356 2016 2392 Dictum
2041 2368 2089 2394 est

1107 2407 1222 2433 autem
1243 2400 1375 2443 (Galat.
1394 2401 1429 2440 3,
1445 2400 1540 2446 24.);
1568 2401 1641 2436 Lex
1659 2409 1707 2436 est
1723 2406 1968 2451 paedagogus,
1995 2411 2090 2444 vide-

1105 2451 1185 2484 licet
1207 2452 1356 2492 docens,
1383 2449 1573 2486 cohercens
1593 2460 1627 2486 et
1644 2455 1807 2498 puniens.

1139 2577 1167 2610 1)
1187 2577 1312 2602 Phrasis:
1338 2576 1442 2600 iustitia
1461 2576 1569 2605 carnis,
1594 2576 1751 2609 δικαιοσύνη
1770 2581 1884 2613 σαρκός,
1909 2589 1962 2608 non
1981 2584 2088 2610 inveni-

1173 2615 1216 2636 tur
1237 2613 1263 2635 in
1276 2611 1354 2635 Pauli
1374 2611 1514 2641 epistolis3
1540 2613 1660 2636 sortasse
1672 2620 1731 2637 cum
1744 2615 1806 2639 illa:
1831 2615 2000 2643 δικαιώματα
2019 2627 2088 2653 σαρ-

1172 2645 1218 2673 κὸς
1243 2647 1273 2675 (i.
1294 2652 1317 2668 e.
1342 2645 1467 2668 instituta
1487 2646 1521 2668 ad
1539 2652 1637 2676 corpus
1656 2650 1682 2670 et
1700 2649 1734 2672 ad
1754 2655 1799 2673 res
1817 2643 1933 2680 corpore
1951 2660 2087 2683 ρει-δοεη-

1173 2682 1221 2704 das
1242 2678 1438 2710 pertinentia),
1459 2680 1539 2703 flebr.
1553 2681 1578 2711 9,
1597 2681 1636 2706 10.
1655 2685 1818 2708 commutata
1836 2688 1884 2710 est.
2019 2674 2035 2685 δ

1137 2732 1170 2761 2]
1187 2731 1265 2756 Conf.
1284 2731 1361 2754 Rom.
1380 2729 1529 2799 ²⁷3¹⁴415⁴

1430 2764 1451 2798 4
1486 2765 1490 2768 .
