2347 3000
36 151 85 186 22
92 151 108 184 1
598 143 640 180 11.

692 142 901 178 ETHICAE
936 140 1215 178 DOCTRINAE
1246 139 1521 176 ELEMENTA.

1995 144 2068 179 222

39 237 82 268 de
102 246 141 267 ea
159 233 332 279 praecipit
357 233 389 267 1.
406 229 528 264 Thess.
547 229 582 271 4,
605 229 682 276 (10.
704 229 797 275 11.)‚
826 242 905 263 cum
931 230 1027 262 iubet
1080 230 1208 275 quibus
1226 227 1482 273 inquitPaulns
1501 223 1646 272 (tiphos.
1664 224 1698 265 5,
1715 226 1783 271 6.):
1812 226 1965 271 Propter
1982 226 2067 261 liacc

39 299 104 319 nos
129 286 295 318 excellere
324 282 388 316 hac
412 283 448 315 in
473 295 531 321 re,
566 288 600 314 et
622 281 807 314 ambitiose
831 279 898 313 hoc
924 281 1026 321 tueri,

39 344 78 371 ut
104 337 212 370 simus
235 341 392 369 amantes
419 333 565 379 quietis,
608 339 642 366 et
673 333 819 377 propria
845 333 1025 366 faciamus.

39 388 84 421 Et
112 389 238 421 Petrus
261 386 311 432 (1.
331 385 431 429 epist.
449 384 484 424 4,
505 383 580 429 15.)
605 384 779 428 praecipit
804 395 948 425 cavere,
982 396 1025 416 ne

40 440 148 473 simus
175 434 554 483 ἀλλοτριοεπίσκοποι,
583 435 618 467 id
645 442 714 475 est,
741 448 785 468 ne
807 435 943 468 curiose
966 435 1027 468 ad-

39 491 250 524 misceamus
270 501 335 522 nos
351 488 475 520 alienis
491 487 653 529 negotiis.

141 540 318 573 Hactenus
350 539 494 572 recitavi
525 538 809 571 distributionem
842 537 1026 576 virtutum,

39 595 81 627 de
109 604 176 638 qua
203 603 343 635 semper
369 591 405 623 in
430 596 619 634 conspectu
643 589 687 622 sit
711 588 797 621 baec
816 587 1025 621 admonitio.

37 643 245 678 Rectissime
272 642 364 676 sumi
389 641 519 686 species
546 647 580 673 et
604 640 765 672 ordinem
791 640 962 671 virtutum
987 651 1027 671 ex

39 697 220 737 decalogo.
281 693 418 725 Deinde
443 699 476 725 et
496 689 582 724 haec
609 690 805 723 admonitio
830 689 1024 723 necessaria

39 753 101 781 est.
156 747 337 778 Virtutum
353 744 441 776 aliae
468 742 675 786 simpliciter
701 741 919 774 necessariae
944 747 1027 773 sunt

39 797 224 835 omnibus,
251 796 339 827 aliae.
355 806 428 827 non
446 793 674 826 necessariae.
714 792 937 827 Necessarias
954 804 1025 825 esse

38 850 189 882 sciamus
212 859 289 886 eas,
317 847 358 878 de
384 845 511 890 quibus
536 851 654 877 extant
675 850 863 888 praecepta
890 843 926 875 in
950 843 1024 886 lege

38 900 171 939 divina,
200 909 288 943 quae
306 898 349 929 ad
367 908 431 929 nos
450 895 640 939 pertinent,
669 902 702 928 et
718 895 1025 934 comminationes,

38 963 127 996 quae
163 949 258 982 vitiis
284 947 472 981 contrariis
499 947 588 980 iram
615 946 683 980 Dei
705 946 938 986 denuntiant,
981 947 1024 978 de

1080 281 1175 313 x'enit
1191 281 1242 314 ira
1262 279 1328 313 Dei
1346 291 1451 323 super
1468 291 1591 311 omnes
1609 278 1866 312 inobedientes.

1182 381 1271 413 Sunt
1287 387 1404 413 autem
1421 379 1657 417 necessariae,
1685 380 1820 423 agnitio
1838 380 1923 421 Dei,
1950 381 2069 421 timor,

1080 431 1183 471 fides,
1219 432 1360 464 dilectio
1386 432 1472 471 Dei,
1515 431 1706 471 consessio,
1743 431 1938 475 gratiarum
1963 433 2068 473 actio,

1080 482 1279 522 inxocatio,
1307 495 1389 515 cura
1415 483 1535 515 tuendi
1562 482 1769 523 ministerii,
1798 483 1998 516 observatio
2016 496 2070 516 ce-

1080 534 1342 573 remoniarum,
1383 547 1470 578 quas
1491 534 1586 566 Deus
1610 533 1781 573 instituit,
1823 532 1960 581 στοργὴ
1988 547 2069 578 erga

1079 591 1244 629 parentes
1274 590 1307 616 et
1331 591 1454 623 natos,
1497 584 1696 617 obedientia
1723 597 1803 628 erga
1829 586 2069 629 magistratus,

1080 636 1210 669 iustitia
1238 648 1318 677 erga
1345 635 1547 679 proximos,
1580 636 1765 677 sedulitas,
1794 638 1941 677 veritas,
1969 637 2070 670 casti-

1079 694 1150 727 tas,
1179 686 1372 726 modestia,
1401 687 1655 730 temperantia,
1686 688 1936 728 beneficentia,
1969 700 2070 721 man-

1078 740 1248 778 suetudo,
1277 738 1478 772 tolerantIa.
1532 738 1614 771 lNon
1634 740 1850 771 necessariae
1861 739 1927 785 22),
1954 746 1994 773 ut
2009 737 2070 772 be-

1078 791 1173 823 roica
1198 789 1392 829 fortitudo,
1421 788 1534 834 qualis
1558 788 1625 822 suit
1648 787 1854 829 inAeliille,
1890 797 1951 823 aut
1975 791 2070 824 simi-

1078 842 1187 881 libus,
1231 853 1320 887 quae
1352 840 1415 873 etsi
1440 847 1490 873 est
1517 852 1687 883 magnum
1713 841 1837 879 decus,
1875 847 1994 874 tamen
2020 849 2069 876 cst

1078 893 1255 937 singulare
1282 893 1414 924 donum
1432 891 1518 931 Dei,
1553 892 1648 937 quod
1676 905 1749 924 non
1778 898 1924 935 paratur
1948 900 2068 926 nostra

1078 944 1264 978 industria.
1318 943 1374 977 Sic
1391 943 1574 977 urbanitas
1593 955 1666 976 non
1683 950 1734 977 cst
1751 943 1925 977 omnium.

802 1278 962 1310 LIBER
1003 1277 1299 1308 SECUNDUS.

745 1382 853 1423 De

136 1505 183 1540 Et
206 1505 418 1538 vocabulum
444 1504 598 1538 iustitiae
624 1505 722 1539 varie
746 1512 959 1551 usurpatur,
994 1511 1027 1538 et

34 1557 166 1598 virtus,
194 1568 284 1602 quae
302 1556 349 1589 sic
363 1556 592 1598 nominatur,
618 1558 748 1592 multas
765 1558 913 1591 virtutes
931 1569 1025 1590 eom-

33 1608 221 1654 plectitur‚
264 1620 305 1641 ac
327 1608 430 1641 valde
452 1609 599 1654 prodest
621 1609 814 1643 divisiones
841 1615 875 1643 et
896 1609 1024 1642 descri—

32 1660 172 1705 ptiones
188 1665 279 1693 recte
297 1665 428 1694 tenere.
478 1658 544 1694 Est
564 1666 683 1694 autem
709 1661 837 1705 triplex
859 1660 1025 1694 vocabuli

32 1723 127 1746 usus.

134 1761 316 1799 Primum,
349 1772 453 1805 saepe
486 1769 680 1806 usurpatur
706 1775 841 1797 nomen
866 1762 1020 1796 iustitiae

32 1825 98 1858 pro
124 1813 255 1846 iustitia
281 1811 361 1845 unix
371 1812 494 1853 ersali,
541 1815 577 1846 id
613 1821 681 1855 est,
717 1828 782 1859 pro
820 1814 1021 1847 obedientia

32 1864 129 1898 iuxta
149 1876 271 1897 omnes
286 1864 391 1907 leges,
408 1870 447 1896 ut
465 1876 544 1897 curn
563 1865 725 1905 dicimus,
742 1866 933 1900 Aristidem
951 1877 1022 1898 esse

0 1944 1 1954 ἶ
31 1915 177 1955 iustum,
204 1916 240 1948 id
254 1922 317 1955 est,
345 1915 570 1949 obedientem
588 1917 754 1950 omnibus
768 1917 914 1961 legibus.
966 1917 1022 1950 Sic

0 1983 2 1997 ;
32 1978 136 2010 saepe
154 1967 195 1999 de
212 1966 344 2000 iustitia
363 1966 449 2010 legis
474 1974 667 2012 usurpatur
692 1967 759 2001 hoc
778 1980 912 2001 nomen
930 1969 1021 2012 apud

1 2027 3 2050 ἵ
32 2017 205 2057 Paulum,
233 2023 267 2050 et
291 2017 389 2058 alibi,
413 2017 537 2063 (Rom.
554 2022 598 2060 2,
623 2018 716 2065 13.);
745 2019 828 2054 Non
844 2019 1023 2053 auditores

2 2068 3 2076 ¹
32 2069 139 2113 legis,
169 2070 229 2102 sed
261 2069 411 2102 factores
440 2069 522 2102 iusti
551 2071 852 2115 pronuntiantur,
894 2070 930 2103 id
960 2077 1022 2111 est,

1 2133 4 2169 ᾗ
33 2120 237 2153 obedientes
266 2119 413 2163 legibus.
491 2119 578 2154 Item
614 2122 761 2168 (Psalm.
788 2121 878 2162 119,
903 2121 1021 2167 121,);

3 2199 5 2203 ,
30 2170 114 2204 Feci
130 2171 298 2204 iudicium
317 2177 350 2204 et
366 2170 549 2213 iustitiam,
569 2173 605 2205 id
623 2179 685 2214 est,
708 2174 825 2218 turpia
843 2174 1023 2214 damnavi,

3 2237 5 2258 3
33 2228 68 2256 et
85 2222 204 2255 omnia
222 2229 315 2255 recte
333 2223 424 2255 facta
442 2224 650 2267 approbavi.

134 2274 316 2307 Secundus
341 2286 423 2307 usus
446 2280 497 2307 est
522 2274 629 2307 etiam
653 2275 794 2319 legalis,
821 2276 864 2308 de
889 2274 1021 2309 iustitia

31 2324 258 2368 particulari,
292 2324 329 2357 id
353 2331 422 2365 est,
458 2337 549 2370 quae
575 2333 692 2359 servat
713 2327 963 2372 aequalitatem
986 2327 1023 2359 in

4 2372 6 2402 Ϊ
33 2376 281 2416 contractibus,
296 2389 357 2410 seu
373 2388 463 2421 quae
480 2377 596 2410 reddit
609 2390 710 2411 suum
727 2378 866 2423 cuique,
879 2384 920 2411 ut
944 2390 1020 2411 cum

5 2439 7 2450 ¹
34 2426 205 2467 dicimus,
242 2434 478 2460 mercatorem
507 2427 638 2461 iustum
663 2440 755 2469 esse,
782 2429 843 2474 qui
870 2441 945 2461 non
963 2429 1022 2462 de-

6 2473 7 2493 *
33 2477 176 2510 fraudat
191 2485 387 2522 emptores,
412 2478 474 2524 qui
488 2490 563 2512 non
581 2485 632 2513 est
648 2477 908 2519 πλεονεκτικός.

136 2527 278 2563 Tertius
295 2542 377 2563 usus
394 2530 561 2574 proprius
585 2537 636 2564 est
650 2529 856 2574 Evangelii,
878 2537 918 2564 ut
942 2542 1021 2564 cum

6 2574 8 2582 ’
32 2578 201 2612 dicimus:
244 2579 353 2613 Latro
376 2581 414 2614 in
449 2593 549 2615 cruce
572 2588 623 2615 est
650 2582 760 2616 iustus
783 2582 871 2622 fide,
899 2581 935 2614 id
959 2587 1020 2622 est,

33 2636 196 2674 acceptus
212 2630 302 2671 Deo,
326 2644 387 2665 seu
402 2632 544 2676 placens
560 2633 650 2673 Deo,
679 2640 712 2666 et
729 2634 880 2667 donatus
898 2632 1021 2666 remis-

34 2681 133 2714 sione
166 2688 393 2725 peccatorum
427 2690 575 2728 propter
601 2684 848 2718 Mediatorem.
926 2683 1020 2728 Quia

34 2731 128 2768 enim
146 2732 214 2777 legi
231 2733 370 2767 divinae
387 2745 461 2767 non
479 2741 700 2779 praestamus
723 2736 915 2780 perfectam
939 2735 1020 2768 obe-

919 1379 1360 1421 Iustitia.

1080 1503 1273 1544 dimitiam,
1310 1502 1391 1536 ideo
1410 1502 1445 1536 in
1464 1501 1660 1544 Evangelio
1676 1503 1890 1547 proponitur
1915 1505 2070 1548 gratuita

1078 1554 1320 1589 reconciliatio
1340 1561 1488 1599 propter
1506 1553 1740 1587 Mediatorem
1754 1581 1762 1595 ,
1792 1566 1881 1600 quae
1907 1555 2070 1589 nomina-

1078 1614 1136 1641 tur
1151 1607 1341 1651 imputatio
1358 1606 1524 1640 iustitiae.

1179 1674 1275 1707 Haec
1307 1674 1493 1708 diversitas
1521 1673 1557 1705 in
1587 1685 1653 1706 usu
1684 1673 1846 1706 vocabuli
1878 1674 2071 1717 prudenter

1078 1725 1335 1758 consideranda
1363 1731 1432 1764 est,
1467 1736 1511 1756 ne
1536 1724 1715 1766 fingantur
1741 1724 1916 1767 ineptiae,
1950 1725 2071 1770 quales

1078 1777 1177 1809 finxit
1196 1776 1462 1821 Malvmula‘ssss),
1490 1774 1551 1820 qui
1568 1774 1674 1815 dixit,
1700 1772 1863 1808 homines
1880 1775 2070 1809 dilectione

1078 1827 1188 1861 iustos
1221 1839 1312 1867 esse,
1349 1827 1431 1872 quia
1464 1826 1605 1859 dilectio
1638 1827 1763 1858 reddat
1798 1826 1955 1859 debitum
1980 1826 2071 1865 Deo,

1078 1891 1155 1912 cum
1175 1879 1403 1912 manifestum
1421 1879 1484 1918 sit,
1521 1875 1685 1910 homines
1701 1877 1737 1909 in
1752 1875 1817 1909 liae
1836 1877 1907 1910 vita
1927 1890 2001 1910 11011
2017 1890 2071 1912 sa-

1078 1931 1237 1964 tisfacere
1263 1929 1331 1973 legi
1354 1929 1440 1968 Dei,
1476 1941 1540 1961 nec
1564 1929 1700 1962 solvere
1726 1928 1883 1961 debitum
1909 1928 2005 1969 Deo,
2032 1935 2071 1961 ut

1077 1982 1114 2014 in
1141 1981 1349 2027 quotidiana
1378 1980 1550 2025 petitione
1574 1981 1744 2013 fatemur:
1785 1979 1941 2013 Remitte
1965 1979 2069 2013 nobis

1076 2034 1193 2066 debita
1211 2039 1333 2066 nostra
1350 2039 1413 2066 etc.
1468 2031 1561 2076 Quia
1578 2043 1663 2064 vero
1681 2043 1754 2064 non
1772 2031 1960 2069 solvimus,
1986 2031 2070 2064 ‹lici-

1076 2097 1157 2118 mur
1173 2083 1411 2129 imputatione
1430 2083 1533 2122 iusti,
1561 2083 1596 2115 id
1615 2089 1684 2122 est,
1712 2082 1846 2126 accepti
1863 2081 1939 2115 Deo
1959 2083 2003 2115 ad
2020 2082 2070 2114 vi-

1077 2142 1150 2168 tam
1194 2142 1376 2168 aeternam
1428 2141 1575 2179 propter
1611 2133 1909 2179 Redemptorem,
1963 2145 2069 2178 quem

1076 2187 1220 2231 agnosci
1239 2193 1380 2231 oportet
1396 2187 1477 2226 fide,
1505 2186 1602 2231 quod
1618 2197 1697 2219 cum
1715 2186 1752 2218 fit
1769 2185 1873 2218 simul
1892 2184 1964 2228 ipse
1981 2184 2069 2216 vivi-

1075 2239 1155 2271 ficat
1180 2240 1382 2272 credentem
1410 2244 1445 2271 et
1460 2237 1595 2282 Spiritu
1617 2249 1681 2271 suo
1706 2243 1828 2270 sancto
1850 2235 2008 2268 accendit
2032 2235 2069 2268 in

1076 2302 1116 2323 eo
1132 2302 1245 2324 novos
1259 2296 1376 2324 motus
1389 2289 1449 2336 24).

1108 2439 1156 2471 22)
1177 2439 1354 2462 necessariae
1387 2437 1461 2469 (scil.
1490 2435 1646 2467 virtutes)]
1681 2434 1721 2458 sic
1747 2436 1821 2459 recte
1852 2434 2015 2459 Edd.155o.
2042 2437 2069 2459 et

1145 2475 1237 2504 1554.;
1261 2474 1328 2498 Edd.
1350 2473 1423 2497 1557.
1444 2474 1471 2496 et
1491 2472 1565 2496 1560.
1585 2470 1755 2494 necessaria.

1107 2523 1154 2556 23)
1175 2523 1257 2547 Peter
1271 2522 1427 2551 Malvenda,
1447 2521 1597 2551 Hispanus,
1616 2520 1810 2544 Dominicanus
1826 2519 1887 2546 iste,
1908 2519 1951 2550 qni
1967 2520 2069 2543 1540-

1144 2558 1219 2582 1541.
1245 2557 1380 2586 colloquio
1408 2555 1610 2580 wormatiensi
1635 2555 1760 2578 interfuit
1786 2556 1812 2577 et
1841 2554 1912 2577 1546.
1934 2554 1961 2578 in
1979 2555 2068 2578 cosso-

1142 2598 1204 2622 quio
1223 2590 1418 2615 Ratisbonensi
1442 2597 1502 2614 cum
1520 2592 1623 2613 Buccro
1643 2589 1676 2612 de
1694 2588 1887 2612 iustificatione
1906 2588 2067 2618 disputavit,

1143 2626 1214 2650 cons.
1237 2625 1411 2649 seckeiuloi·f
1428 2625 1611 2649 commentar.
1630 2624 1664 2648 de
1678 2624 1826 2648 Lutherau.
1845 2623 1864 2648 1.
1878 2622 1923 2647 111.
1942 2624 2009 2646 sect.
2026 2623 2068 2647 35.

1142 2661 1168 2690 S.
1190 2660 1246 2684 132.
1266 2667 1290 2690 p.
1311 2659 1361 2683 623
1380 2666 1439 2689 sqq.

1108 2712 1155 2743 24)
1175 2717 1253 2741 quem
1278 2710 1392 2741 agnosci
1417 2710 1526 2740 oportet
1551 2710 1603 2733 fide
1628 2724 1661 2729 —
1686 2714 1775 2733 novos
1802 2708 1915 2736 motus]
1940 2707 1980 2732 sic
1999 2706 2066 2731 Edd.

1145 2747 1238 2778 1554„
1260 2745 1332 2770 1557.
1353 2747 1379 2769 et
1400 2745 1492 2775 1560.;
1511 2745 1539 2769 tn
1557 2744 1606 2769 Ed.
1625 2744 1702 2769 1550·
1720 2744 1788 2768 haec
1806 2743 1913 2766 desunt.
