2347 3000
221 126 316 162 1119

320 213 350 253 5.
367 208 427 242 46.
456 209 511 242 An
534 206 605 250 ros]
630 204 765 238 Probat
783 216 800 235 a
821 203 934 244 signo.

322 260 352 304 5.
375 259 435 294 47.
476 261 532 292 An
558 257 624 301 hic]
660 255 766 288 Redit
798 254 841 287 ad
867 250 1115 297 probationem
1144 249 1207 282 mi—

223 313 331 347 noris.

324 363 410 406 Cap,
433 361 506 394 XX.
553 358 581 403 5.
607 357 666 391 47.
718 356 817 389 Nilei!
855 351 981 401 iyt‘tnr]
1033 352 1208 391 Obiectio,

222 415 320 461 quasi
353 414 462 446 dicat:
503 411 549 442 At
582 410 674 441 sama
706 407 845 451 publica
870 411 1017 438 testatur
1042 416 1122 437 enm
1148 401 1209 436 lta-

221 466 335 500 buisse
356 460 632 497 consuetudinen
652 472 730 491 cum
748 457 884 491 Clodia.
926 456 1130 500 Respondet
1149 466 1210 497 per

222 516 504 552 concessionem,
537 518 569 544 et
594 516 754 549 excusat,
792 509 886 553 quod
912 507 1026 541 liceat.
1102 507 1211 539 Redo-

222 566 314 613 let?]
349 566 477 599 Sensus
510 569 579 599 cst,
621 561 757 594 merclxt
786 572 868 592 man
901 557 1015 592 niclits
1046 569 1118 589 von
1144 557 1211 602 *der

222 613 537 653 lNacltbarscliass't'1'

327 668 356 712 5.
376 667 436 700 48.
473 668 531 699 Est
559 665 612 698 illc
638 661 787 709 quidem]
817 661 1024 704 Digreditur
1048 658 1211 692 Clodiam

223 724 472 756 insectaturus,
497 722 535 749 ut
552 715 671 747 redeat
689 714 732 745 ad
751 713 974 758 propositum
996 711 1176 743 dilemma.

327 769 357 812 5.
377 768 437 803 49.
464 763 621 812 Ρι·οειι.ι·]
651 777 740 810 quae
760 765 851 798 ultro
873 762 1018 796 accersit
1036 768 1069 794 et
1085 762 1139 794 iux
1149 761 1214 793 itat

223 825 330 856 xiros.

326 872 412 915 Cap.
434 867 524 903 XXI.
560 866 590 912 5.
615 865 675 901 51.
723 868 790 900 Sed
819 862 995 911 qnoniam]
1032 860 1214 896 Transitio

225 927 381 958 reserens
406 921 580 965 poeticam
605 917 769 963 phrasin:
811 916 957 950 Absolvi
983 916 1119 954 locum,
1155 912 1215 958 qui

226 983 302 1009 erat
326 973 551 1018 asperrimus.
621 968 877 1002 Coniecturalis
908 973 1017 1000 status
1045 970 1217 997 tractatur

229 1040 290 1072 per
310 1025 551 1062 coniecturas,
580 1033 642 1065 per
658 1020 814 1052 rationes
834 1025 867 1051 et
883 1018 993 1061 signa.
1044 1016 1216 1048 Rationes

227 1085 344 1112 autem
361 1081 461 1113 suut,
489 1085 578 1118 qnae
602 1076 747 1104 nioxent
772 1069 927 1114 aliquem
952 1080 1011 1111 spe
1039 1065 1219 1099 commodi

228 1136 288 1163 ant
321 1123 551 1159 incommodi.
646 1122 738 1165 Duo]
775 1120 975 1153 Secundum
1008 1117 1142 1150 crimen
1175 1117 1217 1149 de

227 1192 315 1214 auro
339 1182 481 1220 sumpto
508 1179 645 1207 mutuo.
730 1172 870 1217 Veneni]
896 1169 1058 1202 Tertium
1084 1168 1219 1201 crimen

229 1234 270 1265 de
300 1239 438 1262 veneno
467 1225 612 1259 Clodiae
645 1224 775 1257 dando.
863 1221 1012 1264 Aurum]
1049 1218 1219 1263 Proposi-

229 1284 297 1316 tio:
343 1277 483 1313 Caelius
507 1289 580 1309 non
606 1275 740 1319 accepit
763 1286 888 1306 aurum
914 1273 1071 1304 dandum
1098 1270 1220 1309 servis,

229 1341 268 1367 ut
301 1330 539 1364 interficerent
560 1327 726 1359 Dionem.
805 1325 890 1369 Dio]
921 1323 1049 1357 scilicet
1074 1322 1219 1364 legatus.

231 1388 271 1418 In
293 1381 414 1425 servis]
441 1377 681 1423 Alnplilicatio
705 1375 875 1409 criminis.
959 1374 1115 1416 Plenum]
1144 1372 1221 1404 Pri-

232 1446 327 1468 mum
346 1437 594 1475 argumentum
611 1435 662 1462 est
680 1427 865 1461 translatio
884 1425 1039 1457 criminis
1056 1425 1093 1456 in
1109 1424 1221 1468 ipsam

234 1485 396 1520 Clodiam
409 1509 417 1521 ,
445 1483 473 1516 si
501 1481 631 1516 sciebat
650 1479 793 1513 Clodia:
823 1478 929 1521 igitur
947 1482 995 1508 est
1016 1488 1075 1507 rea
1094 1474 1221 1507 caedis.

335 1533 365 1578 5.
391 1532 451 1569 52.
494 1531 680 1575 Det-inxit]
718 1542 754 1563 er
784 1527 846 1561 hat
877 1526 949 1561 sicli
981 1525 1141 1569 scln'ildig
1166 1537 1223 1569 ge-

234 1584 364 1621 macht.
447 1587 541 1618 Tunc
560 1583 697 1625 aarum]
719 1579 976 1624 Amplificatio:
1012 1578 1070 1610 Tu
1093 1590 1127 1610 es
1151 1588 1223 1616 rea,

234 1640 263 1672 si
289 1637 436 1675 dedisti,
471 1648 549 1667 cum
577 1633 682 1667 scires
703 1633 747 1664 ad
770 1629 861 1663 lianc
878 1643 952 1662 rent
975 1628 1058 1673 peti.
1136 1630 1225 1660 Pro-

235 1689 340 1732 mere]
376 1686 524 1720 Faciens
553 1691 586 1717 et
615 1682 836 1716 consentiens
867 1681 987 1713 eadem
1014 1691 1127 1723 poena
1152 1678 1224 1722 ple-

236 1745 391 1774 ctuntur.
504 1735 737 1778 Ornamentis]
771 1732 907 1765 Alludit
930 1733 972 1763 ad
997 1730 1149 1762 clinodia
1167 1728 1225 1774 ¹¹¹²).

238 1791 340 1834 Huic]
368 1787 518 1821 Dativus
533 1786 667 1829 regitur
686 1797 704 1817 a
723 1784 868 1817 nomine
885 1782 1050 1815 adiutrix.

340 1838 370 1884 5.
386 1837 446 1873 53.
476 1837 656 1881 Ormetam]
684 1835 796 1875 Ludi,
824 1847 912 1880 quos
931 1831 1141 1866 exhibebant
1166 1843 1227 1874 po-

238 1892 343 1938 pulo,
378 1902 508 1933 magno
533 1889 752 1921 constabant.
834 1884 1048 1927 Famile'are‘s]
1078 1880 1227 1926 gelieim.

239 1942 439 1978 Secundum
457 1945 704 1983 argmnentum
721 1943 901 1981 sumptum
920 1942 968 1968 cst
987 1948 1027 1967 ex
1044 1946 1146 1967 causa
1165 1932 1229 1965 im·

241 1994 398 2039 pulsiva,
426 1993 454 2026 si
471 2003 545 2024 non
563 1996 638 2023 erat
653 1989 856 2027 familiaris,
883 2000 955 2019 non
975 1987 1082 2018 dedit.

344 2043 430 2087 Cap.
455 2040 560 2075 XXII.
597 2039 627 2084 5.
651 2038 712 2073 53.
757 2041 860 2073 Tanti
884 2038 1034 2081 sceleris]
1067 2034 1229 2068 Tertium

243 2101 491 2141 argumentum
516 2094 558 2125 de
575 2092 679 2124 caede
696 2091 843 2129 Dionis,
879 2090 972 2134 quod
992 2087 1131 2120 Caelius
1157 2098 1229 2118 non

244 2146 421 2182 curaverit
446 2143 595 2177 interfici
619 2142 783 2176 Dionem.
875 2139 1065 2184 lnyenioso]
1100 2139 1131 2170 A
1154 2149 1232 2181 per-

245 2210 331 2233 sona
349 2195 470 2230 Caelii.
551 2194 766 2238 Gonyressns]
791 2192 896 2235 Signa
915 2205 933 2223 a
951 2189 1232 2223 circumstantiis.

348 2248 378 2292 5.
395 2246 456 2281 54.
489 2242 755 2290 Patiemmifflss
792 2244 826 2276 id
853 2249 921 2281 est,
958 2239 1234 2286 pronuntiabitis

249 2303 343 2335 iuxta
366 2297 471 2332 huius
496 2296 754 2329 iusiurandum.
870 2293 1063 2337 Neyliyere]
1100 2292 1167 2324 solt
1198 2302 1235 2322 er

247 2350 345 2385 nicht
361 2348 539 2394 genterckt
555 2345 691 2385 haben,
719 2347 780 2378 das
805 2345 860 2377 die
883 2343 1032 2377 kneclite
1056 2343 1132 2375 eine
1153 2343 1236 2374 bose

250 2402 327 2436 that
344 2397 549 2434 siu-hatten?
630 2400 670 2431 1η
695 2394 904 2442 leospIte‘¹'⁴)]
932 2395 985 2428 Ex
1005 2392 1237 2432 causa‘finali,

251 2453 389 2487 Caelius
408 2462 481 2484 non
501 2448 637 2482 curavit
656 2448 803 2480 interfici
820 2447 990 2480 Dionem:
1027 2446 1133 2489 igitur
1150 2444 1237 2477 falso

252 2504 486 2537 criminantur
502 2499 688 2544 pecuniam
707 2500 748 2532 ad
768 2511 845 2531 eam
862 2511 937 2531 rem
954 2504 1132 2542 sumptam
1155 2508 1238 2529 esse.

290 2621 337 2650 42)
358 2618 482 2644 Clinodia
500 2619 542 2641 est
561 2617 717 2647 germanica
736 2622 788 2640 vox
805 2616 973 2639 Kleinodien.

290 2672 338 2699 43)
359 2668 529 2696 Patiemini]
550 2667 589 2690 sic
609 2667 656 2691 Ed.
674 2667 746 2691 1568.
767 2669 793 2690 et
813 2667 864 2696 al.;
888 2668 927 2690 Ed
948 2667 1034 2692 oreti.
1052 2667 1217 2697 patiamini.

292 2724 342 2749 44)
359 2719 486 2750 hospite]
506 2717 546 2740 sic
565 2717 703 2741 tce-1566.
725 2720 751 2740 et
771 2718 821 2747 al.;
850 2717 898 2740 Eo.
919 2718 1003 2741 oren.
1024 2717 1170 2747 hospitem.

795 116 916 151 PHIL.
952 114 1064 149 MEL.
1102 112 1303 147 sctuPTA
1335 112 1671 148 PHILOLOGICA.

2150 116 2248 151 1120

1260 201 1352 241 Quod
1368 202 1404 234 in
1421 201 1531 245 ayre's]
1561 200 1737 244 Quartum
1762 205 2010 244 argumentum
2035 201 2207 243 percurrit
2230 214 2249 233 a

1260 251 1378 293 signis.
1458 253 1590 298 Ferret]
1619 251 1721 296 quasi
1741 251 1850 284 dicat:
1885 251 1921 284 Si
1936 250 2106 284 Lucceius
2127 251 2251 295 depre-

1260 300 1438 335 hendisset
1455 315 1575 336 servos
1593 303 1660 335 tale
1677 302 1845 347 quiddam
1863 302 2061 341 molientes,
2080 314 2139 336 eos
2158 308 2249 335 certe

1263 353 1467 397 punivisset.
1547 351 1858 400 Postmi’ueret·'¹³)]
1886 351 2080 387 verachtct.

1367 403 1396 448 5.
1415 402 1476 438 55.
1503 404 1686 447 I'orce'pt'te]
1715 404 1751 437 id
1768 411 1837 444 est,
1866 405 1984 437 audite
2004 405 2078 437 eius
2094 403 2251 436 testimo-

1264 455 1374 489 nium.
1468 456 1600 499 Recita]
1636 454 1763 488 Testis.
1852 455 1980 500 Vocem]
2014 454 2252 498 Amplificatio

1264 506 1468 540 testimonii.
1541 508 1738 551 Veritatem]
1753 507 1815 538 der
1831 504 1961 539 handel
1979 507 2049 539 kan
2066 504 2139 539 siclt
2156 503 2254 538 nleltt

1264 558 1381 590 lderer
1400 570 1444 589 an
1468 564 1527 600 tag
1550 557 1673 599 geben.
1749 559 1790 590 In
1808 558 1964 601 critm'ne]
1987 557 2174 591 Conclusio
2194 569 2255 590 seu

1266 608 1424 652 epilogus
1451 607 1609 651 congerit
1633 608 1753 640 omnia
1777 615 2005 651 argumenta,
2041 608 2168 653 quibus
2193 609 2254 640 ad-

1267 659 1411 693 versarii
1436 659 1487 692 uti
1510 665 1689 703 poterant.
1774 659 1917 703 Domus]
1949 659 2079 692 scilicet
2105 658 2254 692 Lucceii.

1266 710 1524 755 Argumentum
1545 711 1588 743 ab
1609 709 1808 751 integritate
1823 709 1979 743 familiae
1995 709 2148 743 Lucceii.

1369 762 1455 806 Cap.
1472 760 1593 795 XXIII.
1623 760 1653 805 5.
1671 759 1731 794 56.
1759 761 1950 806 Reliquam]
1978 759 2156 795 lutitiatiO.
2191 760 2259 793 Ar-

1268 819 1433 855 gumenta
1450 819 1531 846 sunt
1550 818 1689 856 sumpta
1714 824 1755 844 cx
1780 812 1892 845 causis
1918 818 1952 844 et
1976 812 2259 846 circumstantiis.

1271 865 1387 908 Caius]
1417 864 1612 898 Transitio.
1692 865 1745 896 Ne
1765 863 1901 906 merum]
1930 863 2112 896 Percurrit
2137 875 2260 896 omnes

1270 915 1570 955 circumstantias,
1599 914 1697 960 quis,
1725 913 1830 958 qnid,
1852 914 1933 953 ubi,
1961 914 2088 959 quibus
2111 913 2261 953 auxiliis,

1270 978 1350 1006 cur,
1387 967 1588 1011 quomodo,
1623 966 1780 1010 quando·
1870 965 2008 1009 Petit-a]
2042 965 2173 998 scilicet
2198 978 2260 998 vo-

1270 1017 1380 1050 luitne
1406 1017 1513 1060 igitur
1537 1028 1614 1049 eam
1639 1015 1809 1048 occidere.
1887 1017 2067 1061 Haeret-er]
2091 1017 2153 1050 das
2176 1028 2260 1049 man

1271 1066 1333 1100 ibn
1350 1065 1599 1100 ihrenthalben
1617 1064 1715 1099 nicht
1733 1066 1862 1099 lestcrn
1878 1066 2023 1100 kondte.
2095 1069 2221 1101 Obice-it
2231 1065 2262 1111 ?]

1272 1118 1403 1152 scilicet
1437 1119 1589 1158 crimen,
1641 1117 1738 1162 quod
1774 1123 1863 1149 esset
1902 1115 2071 1150 moechus
2106 1117 2262 1152 Clodiae.

1272 1171 1386 1214 Finye‘]
1405 1170 1536 1202 scilicet
1555 1169 1650 1214 quod
1670 1167 1823 1200 voluerit
1840 1167 1870 1200 ei
1888 1168 2057 1211 praebere
2073 1180 2262 1203 venenum.

1271 1221 1432 1264 Sceleris]
1452 1221 1545 1265 Quia
1564 1220 1638 1253 sine
1656 1231 1759 1252 causa
1776 1219 1918 1251 volebat
1935 1231 2012 1252 eam
2029 1219 2236 1253 interficere.

1376 1270 1406 1315 5.
1423 1270 1482 1305 57.
1509 1273 1579 1313 Quo
1594 1268 1763 1317 socio‘¹⁶)]
1781 1269 1811 1302 A
1828 1269 1942 1304 sociis.
2023 1272 2261 1315 Committeret]

1274 1322 1404 1356 scilicet
1422 1323 1504 1368 quia
1521 1334 1595 1354 non
1611 1323 1760 1354 oderant
1778 1321 1961 1353 dominam
1977 1347 1986 1360 ,
2014 1327 2052 1354 ut
2075 1322 2133 1354 alii
2158 1322 2261 1355 servi.

1276 1375 1462 1418 Gomnmne']
1486 1373 1540 1406 die
1563 1374 1606 1405 da
1623 1371 1705 1405 hart
1721 1370 1884 1415 gehalten
1900 1373 2063 1405 wurden.
2153 1374 2264 1417 Vivat]

1275 1424 1451 1458 darinnen
1477 1437 1561 1457 man
1587 1422 1702 1457 niclits
1719 1421 1871 1456 ehrlichs
1887 1421 2043 1456 handelt.
2122 1421 2263 1470 Servos]

1276 1476 1311 1508 id
1337 1483 1407 1515 est,
1434 1476 1526 1510 servi
1551 1475 1644 1508 enim
1669 1487 1742 1507 non
1764 1481 1914 1518 possunt
1934 1474 1985 1507 illi
2007 1474 2175 1507 dominae
2200 1475 2263 1507 ali-

1277 1527 1361 1573 quid
1378 1528 1508 1566 facere,
1536 1527 1591 1560 cui
1609 1533 1691 1560 sunt
1704 1526 1909 1559 familiares.

1380 1578 1465 1622 Cap.
1488 1576 1610 1611 XMV.
1655 1577 1684 1621 5.
1708 1575 1768 1610 58.
1818 1579 1919 1611 Ratio
1944 1573 2139 1624 firzqe'teaer2]
2180 1575 2266 1610 Wie

1278 1629 1365 1663 wcis
1387 1642 1469 1661 man
1487 1642 1521 1662 es
1538 1630 1639 1667 aber,
1668 1630 1729 1661 das
1748 1639 1786 1660 er
1803 1628 1864 1660 das
1881 1628 1955 1670 giss‘t
1974 1626 2033 1659 liat
2052 1625 2255 1671 zugericht'?

1381 1679 1410 1723 5.
1427 1678 1487 1713 59.
1516 1681 1605 1713 Proh
1616 1680 1695 1723 Dii]
1712 1678 1944 1715 Exclamatio,
1972 1678 2007 1710 in
2026 1691 2093 1722 qua
2114 1678 2266 1711 vicissim

1280 1731 1401 1764 obiicit
1427 1731 1562 1763 crimen
1586 1730 1712 1762 wueui
1737 1729 1877 1762 mulieri
1899 1729 2066 1767 Clodiae,
2105 1729 2268 1761 xidelicet

1280 1783 1374 1827 quod
1394 1782 1561 1815 maritum
1580 1794 1717 1813 veneno
1739 1781 1929 1813 sustulerit.
1963 1780 2092 1817 ἄλλως.
2143 1779 2269 1813 Excla-

1280 1833 1437 1865 matione
1455 1833 1647 1866 insectatur
1668 1831 1924 1875 Impudentiam
1946 1831 2102 1864 Clodiae.
2183 1832 2270 1865 Con-

1283 1884 1415 1929 niveas]
1451 1882 1567 1916 aclltet
1592 1896 1625 1917 cs
1649 1881 1705 1915 ihr
1727 1880 1837 1916 nicht.
1899 1882 2031 1915 Connix
2042 1894 2098 1914 ere
2123 1887 2172 1915 est
2198 1894 2272 1914 non

1282 1935 1475 1979 respicere,
1502 1935 1558 1968 vel
1582 1934 1690 1967 oculis
1715 1933 1989 1966 caecutientibus
2014 1932 2148 1978 aliquid
2172 1934 2273 1977 quasi

1284 1986 1488 2030 praeterire.
1592 1988 1635 2019 In
1659 1983 1765 2032 diem]
1801 1985 1876 2018 aull‘
1896 1985 2004 2027 borg,
2039 1984 2140 2029 quasi
2162 1983 2272 2017 dicat:

1286 2037 1464 2072 NVarumb
1491 2038 1616 2080 borget
1647 2035 1702 2069 ihr
1734 2035 1827 2075 ihm,
1870 2037 1944 2069 und
1973 2035 2108 2068 strall'et
2135 2032 2198 2067 ihu
2223 2035 2272 2069 als

1286 2088 1412 2121 balde?
1492 2090 1661 2134 Quwnqae
1677 2089 1731 2121 ille
1746 2085 1818 2133 vir]
1846 2086 2048 2130 Amplisicat
2064 2098 2082 2118 a
2100 2085 2272 2130 dignitate

1287 2140 1406 2173 mariti
1425 2139 1517 2179 eius,
1546 2146 1577 2171 et
1597 2139 1851 2171 exclanmtione
1878 2138 2020 2182 oblique
2044 2137 2080 2169 in
2106 2137 2274 2180 suspicio-

1288 2204 1368 2224 nem
1397 2191 1540 2223 adducit
1568 2190 1751 2229 Clodiam,
1795 2189 1896 2234 quasi
1926 2200 2064 2221 veneno
2092 2187 2274 2220 intersece-

1288 2244 1333 2276 rit
1348 2243 1530 2276 maritum.
1603 2238 1774 2287 Procella]
1794 2241 1916 2273 Cicero
1934 2239 2074 2284 respicit
2092 2251 2152 2278 eo,
2179 2239 2275 2283 quod

1289 2293 1493 2338 significarit
1506 2292 1737 2338 Metellns‘fl),
1765 2292 1861 2324 illam
1880 2297 1990 2324 totam
2009 2290 2199 2323 factionem
2214 2289 2276 2322 ali-

1290 2346 1432 2391 quando
1453 2357 1524 2378 esse
1543 2344 1748 2376 molituram
1767 2355 1934 2386 magnum
1953 2341 2098 2386 aliquod
2115 2341 2261 2374 malum.

1394 2394 1423 2440 5.
1442 2395 1501 2429 60.
1544 2397 1601 2429 Ex
1624 2393 1705 2442 hac]
1741 2394 1885 2427 Clodius
1916 2392 2048 2433 effecit,
2089 2398 2128 2425 ut
2152 2391 2275 2425 Cicero

1292 2447 1597 2487 eiiceretururbe,
1634 2453 1666 2479 et
1691 2458 1767 2478 eam
1792 2457 1865 2478 rem
1889 2443 2025 2477 adiuvit
2050 2443 2139 2476 alter
2156 2442 2278 2476 Metel·

1327 2583 1376 2611 45)
1398 2582 1609 2611 Poscmitteret]
1628 2581 1669 2604 sic
1684 2581 1734 2605 Ed.
1748 2580 1840 2610 1568.;
1858 2579 1907 2602 Ed.
1924 2578 2011 2603 orell.
2024 2577 2279 2610 praetermitteret.

1329 2633 1377 2661 46)
1401 2633 1494 2662 socio]
1515 2633 1555 2657 sie
1573 2633 1622 2657 Ed.
1643 2631 1744 2661 Orell.;
1769 2630 1817 2653 Ed.
1836 2630 1910 2654 1568.
1929 2635 2026 2654 errore
2044 2631 2170 2659 typogr.:
2188 2629 2259 2654 scio.

1330 2682 1378 2710 47)
1398 2684 1428 2712 Q.
1445 2683 1581 2707 Caecilius
1596 2681 1724 2706 Metellus
1739 2680 1819 2703 Celer
1829 2696 1836 2706 ,
1855 2685 1879 2704 a.
1895 2686 1920 2703 u.
1935 2686 1957 2703 c.
1970 2679 2030 2702 691.
2043 2680 2165 2709 praetor,
2183 2683 2208 2703 a.
2220 2678 2280 2704 694.

1363 2717 1476 2744 consul.
1499 2723 1524 2740 a.
1538 2717 1596 2740 695.
1617 2717 1650 2741 ab
1671 2721 1755 2738 uxore
1775 2713 1870 2738 Clodia
1888 2719 1994 2738 veneno
2014 2713 2148 2737 sublatus.
