2347 3000
79 110 148 145 421
510 108 571 144 lv,

72 194 335 240 provfflendum
358 206 429 228 esse
455 191 509 227 his
537 194 597 239 qui
615 200 735 227 tenent
754 193 989 238 respublicas,
1017 206 1059 226 ne

73 252 275 280 sererentur
301 246 394 279 ullae
427 244 625 279 occasiones
650 250 711 279 aut
735 257 859 278 causae
885 251 1059 278 motuum.

73 297 189 330 Semel
207 297 345 330 excitati
361 296 543 336 tumultus,
571 303 692 341 postea
709 297 829 330 multis
844 296 968 330 seculis
985 309 1058 329 non

77 348 308 382 consilescunt
324 344 373 391 ᾗ).

175 398 223 431 Ut
239 397 346 440 igitur
363 397 523 431 Socrates
543 398 644 432 initio
662 411 746 432 suae
764 399 908 443 politiae
927 397 1057 431 dimisit

73 462 91 482 e
108 460 168 483 sua
186 448 325 481 civitate
346 454 482 491 poetas:
512 449 559 482 ita
584 462 649 484 nos
673 448 858 493 theologos
883 462 957 482 non
981 449 1058 494 qui-

72 501 151 532 dem
171 498 309 531 civitate
332 498 530 540 efficiemus,
558 502 617 535 sed
636 507 756 534 tamen
773 514 791 534 a
811 500 1057 545 gubernaculis

70 549 284 593 reipublicae
304 551 584 593 removebimus,
612 565 655 585 ne
677 565 788 586 novas
813 552 904 595 leges
928 552 1056 588 serant,

70 606 104 632 et
127 600 330 644 rogabimus
358 613 436 641 eos,
470 608 507 635 ut
530 616 632 636 suum
660 604 791 636 faciant
817 602 988 641 officium,
1023 608 1055 633 et

68 649 301 694 Evangelimn
337 664 424 695 pure
460 654 620 693 tradant,
665 655 708 687 de
743 655 829 693 fule,
877 665 969 698 quae
1006 658 1054 685 est

69 707 212 734 aeterna
245 702 395 744 iustitia,
439 705 481 736 de
516 705 733 748 poenitentia
746 732 755 744 ,
800 706 842 737 de
871 703 1054 736 charitate.

68 752 163 785 Haec
185 753 322 796 privata
348 754 507 787 doctrina
532 762 582 788 est
608 755 769 799 piorum,
804 756 892 788 sicut
916 755 1052 799 privata

68 816 123 837 ars
142 810 192 837 est
207 804 393 838 medicina.
446 804 583 839 Interea
601 806 719 839 sinant
736 819 833 850 reges
859 818 899 839 ac
924 805 1053 849 princi-

66 867 127 898 pes
144 855 187 887 ad
204 853 441 888 cohercendos
459 856 588 900 impios
604 858 696 890 serre
716 858 826 901 leges,
856 864 889 890 et
912 856 1052 889 munire

67 917 188 949 pacem
204 905 342 939 iudiciis
360 913 393 939 et
412 908 548 950 poenis.
606 907 657 941 Ita
675 906 835 942 Christus
856 907 1051 952 praecepit:

65 956 177 999 Reges
198 957 355 999 gentium
372 958 623 999 dominantur,
658 973 719 993 vos
736 972 810 992 non
825 959 873 993 sic
882 959 926 1004 ⁸).
986 958 1052 991 Ve—

63 1013 115 1039 tat
131 1007 224 1039 enim
242 1008 399 1051 privatos
415 1006 577 1043 homines
593 1017 776 1054 praetextu
789 1009 972 1053 Evangelii
989 1022 1053 1053 pu-

63 1058 171 1091 blicas
191 1058 282 1101 leges
300 1065 438 1091 mutare
458 1067 491 1092 et
509 1060 659 1105 imperia
679 1062 858 1095 invadere.
913 1061 1053 1093 Habent

64 1109 262 1152 exemplum
275 1107 424 1149 Christi,
452 1108 584 1143 habent
594 1111 870 1156 Apostolorum,
900 1112 961 1156 qui
980 1124 1052 1144 non

64 1160 295 1193 aboleverunt
312 1160 493 1195 Romanas
511 1162 622 1205 leges,
651 1176 725 1196 non
748 1163 941 1206 attigerunt
963 1162 1052 1206 poli-

64 1211 152 1250 tica,
180 1217 316 1244 tantum
335 1211 400 1244 Dei
425 1213 588 1246 notitiam
607 1214 774 1257 privatim
792 1220 999 1257 sparserunt
1016 1213 1051 1245 in

64 1262 153 1306 pios.
207 1262 271 1295 Sed
290 1263 381 1295 facio
401 1264 519 1304 finem,
547 1276 625 1298 curn
643 1263 708 1297 bac
727 1266 769 1297 de
786 1277 823 1297 re
841 1277 944 1308 saepe
964 1264 1051 1297 alias

63 1313 196 1346 dictum
220 1313 274 1347 sit.

66 1399 191 1442 Quod
231 1397 527 1442 Evangelium
569 1398 792 1442 approbet
832 1398 1051 1442 politicas

392 1449 722 1483 ordinationes.

164 1513 397 1558 Evangelium
428 1515 538 1548 tradit
567 1515 738 1548 iustitiam
766 1515 985 1559 spiritualem
1018 1521 1050 1547 et

63 1572 264 1604 aeternam,
293 1578 382 1610 quae
400 1578 594 1609 paucorum
617 1573 688 1606 est,
725 1566 858 1598 interea
886 1578 974 1610 opus
1000 1572 1050 1598 est

62 1617 195 1648 mundo
223 1617 266 1647 ad
293 1614 530 1650 cohercendos
552 1617 681 1660 impios
707 1623 877 1661 tanquam
911 1629 1049 1649 carcere

61 1666 130 1698 alia
165 1667 319 1712 quadam
352 1668 534 1707 doctrina,
575 1668 737 1700 videlieet
765 1667 921 1712 politica.
1003 1667 1050 1700 Ut

61 1724 178 1750 autem
199 1719 374 1761 approbat
388 1718 619 1762 Evangelium
649 1719 736 1751 alias
759 1725 850 1752 artes
875 1719 964 1751 vitae.
989 1731 1048 1751 ne-

63 1768 249 1807 cessarias,
276 1776 314 1801 ut
337 1769 610 1813 agricuiturzun,
637 1768 965 1802 architectonicam:
1001 1771 1046 1801 ita

63 1821 167 1854 etiam
186 1821 362 1863 approbat
379 1821 470 1864 leges
487 1827 520 1853 et
540 1821 700 1865 politicas
724 1820 967 1854 ordinationes
993 1833 1047 1853 ra-

61 1871 150 1903 tioni
175 1872 442 1905 consentientes.
496 1872 597 1905 Hunc
616 1872 732 1904 locum
758 1869 942 1915 theologus
969 1872 1047 1904 illu-

61 1929 172 1955 strare
197 1923 317 1962 debet,
351 1929 390 1955 ut
411 1923 618 1966 dignitatem
645 1922 914 1965 magistratuum
940 1936 979 1955 ac
1000 1923 1046 1955 le-

61 1986 144 2016 gum
161 1973 416 2019 intelliganw),
441 1981 474 2007 et
489 1974 549 2019 qui
566 1981 753 2019 praesunt,
781 1980 813 2006 et
831 1973 892 2019 qui
909 1981 1046 2018 parent.

62 2023 99 2056 ld
127 2024 281 2067 primum
309 2025 579 2068 magistratuum
611 2025 844 2058 conscientiae
875 2026 1046 2068 proderit,

64 2088 171 2120 quum
200 2076 310 2109 scient
336 2089 371 2109 se
392 2088 512 2120 gerere
531 2089 660 2110 munus
681 2090 698 2108 a
714 2075 790 2108 Deo
807 2076 1045 2116 commissum,

625 105 969 142 COMMENrARH
1005 106 1051 141 IN
1089 101 1312 139 POLITICA
1345 101 1669 140 ARISTOTELIS.

2030 113 2102 151 422

1115 197 1234 235 petent
1259 196 1292 223 et
1315 190 1548 235 expectabunt
1569 202 1587 223 a
1612 190 1689 225 Deo
1715 194 1897 229 auxilium.
1962 197 2099 234 Deinde

1113 241 1242 275 subditi
1259 241 1447 288 maiorem)
1463 240 1632 286 religione
1649 245 1826 287 parebunt
1843 253 2012 293 tanquam
2035 251 2099 284 Dei

1113 293 1265 332 vicariis,
1285 293 1366 338 quia
1383 294 1535 327 sentient
1552 294 1776 338 magistratus
1794 303 1827 329 et
1844 299 2024 341 politicam
2044 315 2099 334 or—

1112 344 1330 376 dinationem
1353 345 1499 389 perinde
1518 346 1561 378 ad
1579 345 1670 379 vitae
1686 346 1873 381 utilitatem
1891 362 1908 382 a
1922 350 1997 383 Deo
2017 364 2098 385 con-

1111 395 1220 427 ditam
1244 407 1335 434 esse,
1378 403 1416 428 ut
1439 394 1523 428 baec
1546 408 1663 429 rerum
1688 398 1918 440 universitas,
1963 409 2001 435 ut
2031 401 2098 437 hoc

1111 443 1389 489 pulcherrimum
1410 448 1528 480 lumen
1546 447 1648 487 solis,
1675 455 1714 481 ut
1738 449 1829 483 vices
1854 457 2054 496 temporum
2079 469 2097 488 a

1110 496 1186 529 Deo
1204 497 1366 529 conditae
1390 504 1490 537 sunt,
1518 505 1556 531 ut
1579 505 1692 532 terrae
1716 501 1936 537 foecunditas
1962 512 2011 538 est
2035 508 2097 538 do-

1110 554 1191 580 nata
1211 549 1253 580 ad
1275 548 1400 580 alenda
1420 549 1626 583 animantia.
1681 550 1756 583 Imo
1775 555 2010 596 praesentiam
2030 557 2094 590 Dei

1108 599 1256 643 propius
1274 599 1451 633 cernimus
1468 600 1504 632 in
1523 602 1791 635 conservatione
1816 608 2095 650 rerimipubliea-

1108 662 1208 689 rum,
1235 662 1340 695 quam
1368 649 1404 682 in
1428 650 1486 682 illa
1513 651 1587 694 ipsa
1613 659 1738 685 natura
1760 666 1890 690 rerum.
1944 658 2035 692 Nam
2061 661 2095 694 in

1108 707 1203 733 tanta
1222 701 1365 734 saevitia
1385 700 1548 741 Diaboli,
1577 702 1611 735 in
1630 709 1725 735 tanta
1743 702 1926 739 bominum
1949 711 2095 752 malitia,

1108 764 1181 784 non
1198 751 1392 797 possent¹¹)
1410 752 1598 786 consistere
1621 755 1853 797 respublicae,
1889 759 1955 791 nisi
1980 774 1996 793 a
2018 762 2093 797 Deo

1107 808 1414 836 conservarentur.
1468 803 1571 837 lNunc
1589 805 1743 838 defendit
1763 806 1857 841 Deus
1872 811 2033 853 politias,
2062 822 2095 847 et

1106 854 1261 887 vindicta
1280 866 1385 898 quani
1406 855 1631 898 magistratus
1648 863 1801 897 exercet,
1829 871 1910 891 vere
1933 869 1982 895 est
2007 877 2094 908 opus

1111 905 1184 938 Dei.
1239 904 1319 937 ldeo
1348 906 1383 937 in
1402 905 1544 938 Psalmo
1564 907 1641 952 (82,
1661 906 1712 952 6.)
1740 909 1855 954 inquit
1872 910 1983 946 Deus:
2018 915 2092 960 ligo

1106 957 1178 989 dixi
1195 956 1253 988 Dii
1271 957 1370 994 estis;
1413 956 1474 989 ubi
1490 956 1585 991 Dens
1608 958 1727 1001 palam
1749 966 1896 993 testatur
1919 975 1936 995 a
1960 976 1994 996 se
2013 980 2094 1000 ron-

1106 1008 1245 1041 stitutos
1264 1020 1336 1041 esse
1356 1007 1600 1050 magistratus,
1628 1009 1677 1041 ait
1693 1010 1805 1044 enim:
1833 1011 1909 1056 Ego
1934 1015 2024 1057 dixi,
2059 1019 2093 1051 id

1107 1065 1176 1098 est,
1205 1071 1268 1102 ego
1290 1059 1453 1091 ordinavi
1471 1060 1707 1103 magistratus.
1751 1062 1854 1106 Quod
1869 1063 1961 1099 Deos
1980 1076 2093 1106 vocat,

1108 1116 1254 1143 testatur
1273 1123 1330 1143 eos
1348 1109 1500 1143 osticium
1520 1123 1640 1154 gerere
1659 1112 1838 1152 divinum,
1867 1121 1900 1147 et
1917 1116 1982 1149 Dei
2002 1121 2092 1153 vica-

1106 1161 1176 1193 rios
1193 1173 1276 1194 esse.
1328 1160 1390 1194 Est
1406 1161 1512 1204 igitur
1537 1163 1631 1195 bona
1657 1175 1712 1196 res
1732 1165 1874 1207 politica
1901 1169 2091 1212 ordinatio,

1105 1211 1193 1244 sicut
1210 1218 1242 1243 et
1260 1211 1391 1244 Paulus
1409 1213 1509 1244 docet
1529 1213 1634 1246 Rom.
1658 1215 1714 1253 13,
1741 1216 1791 1259 (1.
1807 1218 1841 1250 2.
1861 1216 1894 1251 4.
1915 1219 1978 1263 6,).

1207 1262 1301 1294 Haec
1326 1269 1407 1295 sunt
1434 1262 1641 1296 inculcanda
1667 1265 1793 1298 animis
1819 1265 2024 1311 bominum,
2055 1281 2091 1307 ιη

1105 1313 1223 1355 magni
1241 1313 1370 1346 saciant
1385 1321 1588 1357 praesentes
1605 1315 1695 1358 leges
1713 1322 1744 1348 et
1762 1319 1999 1361 magistu-itus¹
2028 1325 2090 1358 015,

1105 1375 1171 1407 que
1198 1364 1358 1407 religiose
1383 1371 1542 1408 pareant.
1605 1367 1735 1410 Quales
1762 1375 1879 1402 autem
1905 1384 1976 1405 esse
1998 1375 2089 1419 leges

1104 1414 1271 1454 debeant,
1323 1427 1396 1447 non
1433 1415 1543 1458 magis
1578 1417 1621 1447 ad
1656 1416 1889 1459 Evangelium
1926 1425 2090 1467 pertinesy

1104 1477 1210 1509 quam
1241 1465 1357 1510 qualia
1388 1463 1579 1509 pharmaca
1613 1469 1728 1500 danda
1755 1470 1824 1502 sint
1848 1472 2090 1512 laborantibus

1105 1516 1204 1549 l'ebri.

1203 1567 1258 1599 Ad
1280 1565 1366 1599 haec
1390 1567 1481 1600 male
1510 1569 1698 1602 consulunt
1726 1582 1807 1604 suae
1840 1577 2088 1621 tranquillitati

1104 1615 1272 1661 theologi,
1296 1620 1380 1650 dum
1398 1619 1563 1651 affectant
1583 1620 1743 1664 imperia.
1797 1623 1901 1657 Nulla
1922 1628 2013 1661 enini
2034 1643 2088 1664 res

1103 1668 1138 1700 in
1169 1669 1238 1701 vita
1274 1667 1380 1702 habet
1412 1675 1471 1702 aut
1498 1670 1618 1713 plura,
1665 1678 1723 1704 aut
1753 1674 1885 1707 maiora
1919 1680 2088 1722 pericula,

1103 1732 1207 1764 cpiam
1244 1720 1503 1754 administratio
1536 1722 1764 1765 reipublicae:
1814 1738 1922 1770 quare
1961 1737 1993 1763 et
2020 1732 2087 1765 De-

1102 1769 1302 1804 mosthenes
1319 1772 1452 1817 inquit,
1477 1784 1513 1804 se
1538 1773 1564 1805 si
1590 1780 1706 1816 posset
1730 1782 1884 1809 retexere
1909 1793 2007 1814 suan]
2038 1784 2087 1816 vi-

1102 1828 1193 1861 tani,
1221 1823 1325 1855 malle
1346 1830 1474 1856 certain
1494 1830 1643 1856 mortem
1666 1825 1783 1865 obire,
1812 1840 1918 1872 qnam
1935 1833 1978 1864 ad
1995 1846 2085 1867 rem-

1102 1873 1277 1916 publicam
1296 1877 1478 1913 accedere,
1518 1874 1655 1907 etiamsi
1681 1883 1775 1908 certo
1801 1879 1903 1912 sciret
1928 1895 2085 1919 summos

1100 1936 1134 1957 se
1159 1922 1313 1958 honores
1337 1931 1636 1969 consequuturmn
1663 1938 1746 1960 esse.
1806 1927 1845 1961 In
1873 1936 1924 1965 tot
1947 1936 2085 1978 pericu-

1099 1974 1140 2008 lis
1169 1974 1264 2009 Deus
1285 1977 1381 2009 adest
1407 1977 1472 2009 rite
1501 1977 1653 2015 vocatis,
1693 1991 1765 2011 non
1790 1981 1888 2015 adest
1912 1981 1984 2025 his,
2024 1989 2084 2032 qui

1099 2038 1162 2070 per
1185 2027 1415 2060 ambitionem
1434 2035 1618 2070 capessunt
1645 2031 1901 2073 rempublicam
1925 2048 1998 2069 non
2022 2051 2082 2071 vo-

1100 2078 1168 2110 cati
1186 2084 1250 2112 etc.

564 2219 618 2247 IN
657 2220 879 2249 PRIMUM
915 2219 1135 2249 LIBRUM
1170 2221 1585 2251 POLITICORUM.

163 2313 257 2347 Sicut
274 2310 397 2346 Ethica
422 2313 465 2345 de
493 2312 639 2356 privatis
663 2313 823 2346 moribus
851 2311 1043 2357 disputant,

65 2370 156 2396 etex
178 2370 304 2398 natura
329 2376 448 2397 causas
473 2365 643 2397 virtutum
667 2364 854 2408 colligunt,
888 2363 935 2396 ita
958 2363 1045 2407 poli—

100 2512 131 2544 >k)
152 2515 189 2537 Ac
208 2514 295 2538 videte
320 2521 387 2544 quae
412 2515 448 2538 sit
474 2514 592 2538 stultitia
611 2526 644 2531 —-
669 2514 876 2542 consilescunt]
903 2513 942 2536 sic
960 2513 1042 2538 Eiiitt.

136 2549 210 2571 1530.
230 2552 256 2571 et
277 2549 366 2579 1535.;
392 2550 419 2572 in
439 2550 508 2573 Edit.
528 2549 609 2572 Basit.
630 2550 693 2572 haec
713 2549 819 2572 desunt.

99 2607 130 2635 8)
149 2608 241 2630 matth.
257 2606 299 2635 20,
317 2607 358 2631 25.
377 2608 419 2631 26.
445 2608 528 2631 Marc.
545 2608 585 2633 10,
604 2607 644 2631 42.
665 2607 706 2630 43.
733 2607 794 2629 Luc.
809 2607 853 2631 2⁶2.
872 2606 913 2630 25.
934 2606 975 2630 26.

99 2666 129 2696 9)
149 2665 316 2695 intelligant]
341 2667 378 2690 sie
404 2669 476 2690 recte
495 2667 577 2691 Editt,
602 2666 675 2689 1530.
702 2667 727 2688 et
748 2667 844 2691 Rasin:
881 2666 949 2690 Edit.
968 2666 1039 2690 1535.

134 2701 276 2730 intelligat.

1098 2314 1163 2347 tica
1184 2314 1417 2359 ‹lisputsi11t¹²)
1443 2315 1485 2347 de
1502 2315 1668 2349 societate
1692 2318 1803 2357 civili,
1840 2326 1872 2352 ct
1894 2322 2016 2357 officiis
2037 2327 2082 2358 ad

1099 2365 1300 2398 societatem
1329 2365 1607 2408 pertinentibus,
1645 2374 1677 2400 et
1701 2380 1821 2403 causas
1841 2372 2017 2409 societatis
2040 2388 2079 2409 ex

1098 2422 1224 2448 natura
1244 2415 1350 2448 (lucit.

1198 2466 1358 2498 Primum
1377 2465 1484 2509 igitur
1501 2467 1597 2500 locus
1616 2474 1665 2501 est
1681 2468 1716 2501 in
1732 2467 1799 2503 boc
1815 2471 1906 2505 libro
1930 2475 1973 2507 de
1999 2488 2078 2510 cau-

1095 2517 1140 2551 sis
1162 2517 1348 2550 societatis.
1411 2516 1473 2549 Est
1496 2517 1613 2563 itaque
1637 2519 1777 2553 initium
1800 2523 1974 2559 societatis
1997 2540 2078 2560 con-

1130 2616 1174 2642 10)
1194 2616 1311 2644 maiore]
1330 2616 1367 2639 sic
1386 2616 1468 2641 Editt.
1486 2617 1559 2640 1530.
1581 2619 1607 2641 et
1626 2619 1723 2649 Basit.;
1750 2621 1820 2645 Edit.
1838 2623 1911 2647 1535.
1934 2625 2038 2653 timore.

1132 2659 1175 2687 11)
1197 2660 1321 2688 possent]
1341 2659 1379 2682 sic
1398 2659 1480 2684 Editt.
1500 2661 1573 2684 1530.
1594 2662 1620 2684 et
1638 2662 1739 2691 Basi1.;
1761 2664 1918 2690 Edit.1535.
1937 2673 2058 2699 possunt

1130 2702 1174 2732 12)
1195 2702 1347 2731 disputant]
1368 2702 1489 2769 εὲυἹΕιΙίῐ.
1507 2703 1597 2735 1535.;
1616 2705 1699 2729 Editt.
1718 2706 1790 2730 1530.
1809 2710 1835 2731 et
1849 2710 1931 2733 Basti.
1951 2711 2076 2741 disputat.
