2347 3000
84 132 157 169 505
804 132 862 169 VI.

86 221 181 265 qnod
200 220 353 253 interest.
406 219 481 251 Hoc
500 225 534 251 et
558 218 688 262 scripto
710 218 785 251 iure
813 220 980 252 traditum
1005 227 1068 261 est,

84 277 119 304 et
135 271 286 303 naturali
311 270 481 315 aequitati
506 276 780 303 consentaneum
804 277 873 310 est,
900 283 983 303 nam
1009 272 1071 317 qui

85 322 188 355 alteri
205 323 266 355 (lat
279 332 419 354 causam
435 321 608 353 efficacem
626 321 766 361 damni,
800 323 903 355 debet
921 322 955 355 id
975 335 1069 355 com—

85 385 243 417 pensare.
295 371 485 404 Verissima
504 378 555 404 est
583 372 676 405 enim
699 374 839 416 regula,
868 380 903 406 et
927 386 967 406 ex
992 375 1068 406 son-

84 424 175 458 u'hus
199 422 349 457 iustitiae
372 429 531 467 sumpta,
566 435 656 468 quae
680 424 780 457 dicit:
818 423 896 457 Iure
919 431 1067 457 naturae

83 487 234 519 aequum
265 480 334 513 est,
377 474 553 506 neminem
584 487 662 507 cum
686 475 830 509 alterius
854 476 1067 507 detrimento

82 532 116 558 et
131 525 256 558 iniuria
277 525 497 569 locupletari.
541 526 712 567 Congruit
731 527 823 559 enim
844 524 929 559 haec
946 527 1067 567 regula

81 576 124 607 ad
143 576 405 620 aequalitatem,
423 578 464 609 de
483 589 549 621 qua
571 577 654 608 dicit
672 584 914 621 praeceptul‘n:
934 577 1068 619 Diligas

79 627 280 670 proximum
300 627 387 660 sicut
406 633 438 659 te
456 627 569 671 ipsum
581 653 590 667 ‚
619 633 652 660 et
667 629 711 660 ad
729 640 768 661 ea
786 640 875 673 quae
901 627 1067 660 dicuntur

82 677 206 722 quinto
224 676 448 712 litliicorum.

182 745 336 779 Honesta
366 746 490 789 igitur,
519 752 551 778 et
576 746 687 779 iustae
710 745 761 778 rei
787 746 978 790 appellatio
1004 752 1065 785 est,

80 808 202 829 verum
229 803 262 829 et
282 809 356 829 non
380 797 583 830 simulatum
614 797 799 837 interesse,
843 804 875 830 et
905 797 1065 835 debetur,

80 848 216 881 etiamsi
235 860 307 880 non
325 847 466 880 accessit
480 847 674 891 stipulatio,
699 860 777 880 cnm
798 848 961 880 videlicet
977 848 1065 880 alius

80 900 253 931 efficacem
272 911 412 932 causam
431 898 552 930 damni
568 899 675 932 dedit.
728 899 795 931 Sed
813 897 897 932 llaec
914 897 1062 932 honesta

79 950 269 993 appellatio
286 962 387 993 saepe
406 949 521 982 usuris
538 949 773 993 praetexitur,
808 957 847 983 ut
868 957 988 995 postea
1014 950 1065 982 di-

79 1012 207 1035 cemus.
260 1001 379 1045 Quare
397 1001 591 1045 prudenter
607 1001 902 1035 considerandum
924 1008 974 1035 est
996 1001 1065 1034 dis-

76 1052 231 1093 crimen,
254 1058 287 1084 et
304 1052 417 1085 sontes
437 1052 684 1085 considerandi
700 1058 793 1086 sunt.

178 1128 230 1161 De
251 1128 348 1161 lucro
367 1134 520 1161 cessante
538 1133 618 1171 post
635 1140 786 1167 moram,
814 1126 880 1161 lioc
896 1134 958 1167 est,
984 1140 1061 1160 cum

79 1179 217 1212 debitor
233 1192 306 1211 non
330 1179 435 1211 solvit
452 1179 641 1212 constituto
663 1179 737 1218 die,
766 1179 1000 1223 pronuntiant
1021 1180 1064 1211 ad

80 1231 230 1263 eundem
248 1231 415 1269 modum,
451 1229 571 1262 deberi
599 1230 633 1261 id
659 1231 755 1274 quod
779 1230 942 1268 interest,
976 1230 1065 1262 sicut

78 1281 148 1313 iam
167 1282 208 1314 de
225 1282 355 1313 damno
374 1287 574 1324 emergente
591 1280 763 1319 diximus,
799 1282 857 1313 sed
878 1281 913 1312 in
931 1279 997 1313 hoc
1014 1293 1065 1313 se-

79 1334 190 1366 cunde
223 1344 305 1365 casu
340 1338 477 1364 tantum
511 1331 671 1375 personis
704 1331 966 1373 negotiantibus
997 1329 1063 1363 hoc

80 1384 294 1423 concedunt,
328 1395 411 1415 nam
433 1383 495 1421 iis,
531 1382 658 1426 quibus
681 1382 862 1415 facultates
883 1388 962 1414 sunt
989 1394 1061 1414 non

79 1436 115 1467 in
134 1435 268 1473 fundis,
296 1434 355 1466 sed
374 1433 409 1464 in
426 1433 684 1477 negotiatione,
712 1432 846 1473 insigne
872 1432 1063 1465 detrimen-

78 1492 152 1519 tum
176 1492 226 1518 cst
249 1485 474 1523 facultatum,
510 1489 543 1516 et
565 1483 678 1516 simile
705 1484 835 1516 damno
858 1483 1063 1527 emergenti,

79 1549 152 1570 non
179 1536 270 1569 tueri
293 1533 477 1567 honestam
502 1535 793 1577 negotiationem.
846 1534 940 1567 Haec
960 1547 977 1567 a
996 1535 1062 1567 Pa-

78 1588 282 1622 normitano
293 1586 338 1631 ³¹)
366 1587 555 1618 traduntur
581 1586 616 1618 in
642 1586 753 1630 eapite
772 1586 1061 1631 Conquestus³2)‚

78 1641 119 1673 de
135 1638 315 1683 usuris-³³).
369 1637 463 1669 Haec
482 1638 571 1670 fiunt
594 1637 803 1678 illustriora,
840 1637 1059 1670 considerata

76 1690 301 1725 distinetione
321 1688 563 1722 mutilationis.

177 1768 256 1801 Alia
274 1765 450 1798 mutuatio
469 1771 518 1797 est
534 1777 615 1796 vere
633 1764 785 1797 officiosa
800 1791 808 1803 ,
842 1764 878 1796 in
904 1776 971 1809 qua
996 1764 1060 1797 sci-

76 1821 157 1854 licet
176 1820 262 1852 (lans
279 1824 422 1855 mutuo,
451 1822 565 1860 potest
582 1815 656 1848 sine
681 1816 893 1847 ‹letrii‘nento
917 1828 1059 1848 suarum

76 1872 280 1905 facultatum
306 1868 406 1901 alteri
431 1867 616 1911 opitulari,
649 1867 684 1898 in
707 1864 789 1905 liae,
815 1867 870 1898 vel
892 1868 976 1898 dare
1000 1867 1061 1898 ali-

77 1923 183 1969 quid,
224 1921 278 1953 vel
304 1919 430 1964 pacisci
458 1931 562 1962 supra
597 1924 746 1956 sortem,
793 1917 960 1949 iniustum
998 1924 1059 1957 est,

76 1974 145 2008 nisi
169 1973 303 2005 accidat
326 1971 461 2013 insigne
490 1972 659 2002 damnum
684 1981 883 2011 emergens,
926 1974 985 2001 aut
1011 1969 1059 2000 ia-

77 2033 174 2059 ctura
192 2023 354 2065 insignis,
382 2022 479 2053 lucro
498 2026 670 2057 cessante,
699 2019 757 2052 ubi
786 2019 958 2063 accipiens
983 2033 1059 2052 mu—

77 2084 158 2116 tuo,
185 2064 427 2107 vere‘causam
451 2072 572 2105 damni
598 2071 712 2109 dedit,
750 2077 778 2102 el
804 2068 889 2102 llaec
914 2071 1058 2114 proprio

76 2127 251 2162 mutuatio
273 2131 342 2163 est,
376 2124 417 2156 (le
441 2136 508 2168 qua
532 2122 690 2167 loquitur
706 2121 936 2164 Evangelium
957 2121 1058 2165 (Luc.

77 2178 216 2224 6,35.);
245 2177 409 2210 Mutuum
428 2175 519 2213 date,
546 2171 635 2206 nihil
653 2173 732 2205 inde
751 2179 941 2216 sperantes.
975 2173 1059 2206 Vult

77 2233 171 2266 enim
194 2230 289 2263 Deus
311 2240 376 2260 nos
400 2225 568 2269 opitulari
589 2224 740 2263 civibus,
769 2230 801 2255 ct
823 2224 896 2256 vult
920 2230 1058 2257 mutua-

77 2285 210 2317 tionem
232 2292 303 2314 esse
330 2277 503 2316 oflicilnn,
539 2273 606 2308 hoc
631 2281 700 2315 est,
735 2275 810 2307 vult
833 2281 864 2307 te
891 2275 1057 2319 opitulari

78 2334 196 2372 alteri,
222 2333 267 2364 ita
286 2342 328 2363 ne
347 2327 532 2362 excutiaris
549 2340 588 2359 ex
605 2325 882 2370 possessionibus
902 2326 987 2366 luis,
1013 2339 1056 2358 ne

78 2384 233 2421 dominia
249 2394 365 2415 rerum
386 2380 668 2418 confundantur,
695 2389 738 2409 ne
755 2377 1002 2417 oeconomiae,
1024 2384 1056 2410 et

110 2520 157 2551 31)
178 2517 256 2542 Conf.
274 2522 356 2546 supra
374 2523 398 2546 p.
416 2515 473 2540 ¹38.
493 2515 558 2538 nota
572 2512 613 2537 38.

108 2582 156 2607 32)
175 2577 360 2607 conquestus]
391 2576 429 2599 sic
452 2573 641 2598 Decretalihus
666 2570 861 2594 convenienter
892 2571 916 2595 h.
939 2571 955 2594 l.
981 2571 1053 2595 seri..

143 2616 215 2644 ptum
241 2613 297 2637 cstz
329 2611 410 2633 Editt.
435 2610 513 2632 lulius
539 2606 647 2630 dissert.
673 2605 785 2629 hal-ent:
824 2605 890 2628 Cum
915 2608 1051 2635 quaestus.

143 2648 219 2672 Cous.
240 2650 322 2674 supra
341 2651 363 2674 p.
381 2644 436 2667 138.
456 2645 520 2667 nota
533 2642 574 2665 39.
599 2642 626 2664 et
646 2646 670 2669 p.
686 2639 746 2664 256.
766 2640 830 2662 nota
841 2639 866 2663 2.

105 2710 152 2736 33]
170 2705 308 2734 Decretal.
327 2705 441 2733 Gregor.
457 2703 504 2726 IX.
527 2702 571 2725 lib.
586 2701 620 2725 V.
641 2699 682 2723 tit.
698 2699 737 2723 19.
760 2705 818 2729 cap.
834 2699 859 2722 Β.
885 2698 979 2729 (Corp.
999 2697 1049 2724 iur.

142 2747 237 2768 canon.
257 2737 296 2770 ely.
315 2739 425 2762 Richter
443 2737 470 2761 P.
485 2737 517 2762 u.
535 2743 561 2766 p.
579 2735 663 2763 784).

915 133 978 168 DE
1015 130 1395 171 CONTRACTIBUS.

2034 138 2108 174 506

1122 223 1286 265 politicae
1305 223 1535 266 dissipentur,
1563 222 1652 256 sicut
1675 222 1843 267 scriptum
1867 230 1917 256 est
1941 225 2033 268 apud
2051 225 2113 257 Sa-

1122 274 1302 306 lomonem
1331 275 1455 319 (Prov.
1474 271 1509 314 5,
1535 273 1628 318 16.):
1667 274 1884 307 Dei-iventur
1916 275 2030 308 sontes
2061 276 2110 308 tui

1122 325 1235 364 soras,
1264 331 1297 357 et
1320 331 1358 358 tu
1385 324 1550 358 dominus
1571 337 1695 358 eorum
1719 325 1899 365 manebis,
1933 332 1967 358 et
1988 329 2023 361 2.
2044 326 2111 359 Co-

1122 374 1274 409 rinthios
1303 376 1343 415 8,
1382 376 1490 422 (13.)
1533 376 1679 409 dicitur:
1733 376 1782 409 Ita
1826 377 1983 410 (landum
2026 389 2110 416 esse,

1122 438 1195 458 non
1227 433 1266 459 ut
1300 426 1363 458 tibi
1400 427 1444 460 sit
1483 427 1647 468 afflictio,
1701 428 1779 461 aliis
1819 428 1951 467 otium,
2003 434 2036 460 et
2073 428 2110 460 in

1121 474 1187 509 hae
1210 477 1432 510 mutuatione
1459 479 1634 518 officiosa,
1668 479 1773 511 etiam
1803 476 1871 512 hoc
1903 479 1939 510 in
1969 485 2109 522 petente

1122 528 1317 560 officiosum
1350 534 1418 568 est,
1459 540 1502 560 ne
1533 529 1617 561 x‘elit
1647 530 1796 563 alterum
1822 529 1949 573 insigni
1976 531 2108 562 damno

1121 579 1223 612 affici.
1291 578 1386 611 Haec
1416 585 1466 612 est
1495 579 1586 612 inter
1618 577 1786 614 honestos
1809 578 1973 614 homines
1999 580 2110 614 civilis

1120 629 1316 669 mutuatio,
1350 642 1430 670 seu,
1460 635 1498 662 ut
1524 629 1571 662 ita
1597 630 1730 671 (licam,
1759 631 2005 672 oeconomica,
2032 643 2108 664 non

1119 678 1436 725 καπηλευτικὴΜ),
1472 686 1506 712 et
1529 678 1615 712 haec
1639 682 1793 716 officiosa
1818 682 2014 723 mutuatio,
2047 694 2109 716 nc-

1120 732 1266 765 cessaria
1283 737 1333 764 est
1352 731 1444 764 vitae
1461 731 1655 765 communi.

1219 806 1296 840 Alia
1322 814 1372 840 est
1394 806 1570 840 mutuatio
1595 807 1722 854 non³⁵)
1750 808 1924 850 officiosa,
1958 809 2019 842 nbi
2044 821 2110 843 nec

1118 865 1240 903 petens
1255 856 1363 891 habet
1381 858 1486 891 officii
1503 858 1679 891 rationem
1692 886 1701 899 ,
1729 872 1773 893 ne
1796 872 1901 904 supra
1926 861 2108 894 facultates

1119 916 1242 943 oneret
1263 910 1392 950 alium,
1420 922 1483 942 nec
1510 910 1597 942 (lans
1620 917 1764 951 mutuo,
1792 917 1956 943 movetur
1979 912 2108 951 officio,

1117 968 1155 994 ut
1171 961 1286 994 studio
1305 961 1450 994 iuvandi
1471 962 1530 994 det
1552 968 1695 1001 mutuo,
1730 963 1789 995 sed
1817 962 1922 996 sentit
1943 975 1976 995 se
2002 974 2109 1006 supra

1118 1013 1298 1045 facultates
1315 1012 1477 1053 onerari,
1504 1018 1537 1045 et
1553 1012 1744 1046 collaturus
1768 1020 1843 1046 erat
1858 1014 2045 1057 pecuniam
2071 1013 2108 1045 in

1118 1077 1200 1097 usus
1217 1064 1484 1103 oeconomicos,
1513 1075 1602 1108 quae
1626 1064 1779 1108 petitur,
1814 1071 1873 1105 ut,
1907 1077 1986 1097 cum
2007 1076 2108 1108 reges

1119 1129 1136 1148 a
1162 1115 1295 1148 civibus
1312 1122 1436 1148 mutuo
1463 1121 1627 1155 sumunt,
1656 1116 1761 1148 etiam
1785 1116 1860 1150 sine
1884 1116 2024 1160 publica
2047 1127 2108 1148 ne-

1118 1166 1295 1205 cessitate,
1344 1172 1461 1199 tantos
1489 1178 1651 1206 acervos,
1699 1173 1738 1199 ut
1766 1167 1983 1211 patrimonia
2016 1166 2107 1199 tueri

1118 1230 1190 1250 non
1209 1225 1373 1261 possent,
1399 1218 1426 1251 si
1448 1214 1538 1249 nihil
1554 1217 1698 1251 nomine
1717 1218 1808 1258 eius,
1835 1219 1931 1264 quod
1950 1219 2108 1257 interest,

1117 1270 1335 1302 redderetur.
1402 1268 1467 1301 Hic
1500 1281 1580 1301 vere
1612 1269 1728 1302 locum
1760 1267 1867 1302 habet
1895 1269 1987 1302 ratio
2021 1269 2106 1308 eius,

1118 1321 1213 1365 quod
1232 1319 1394 1359 interest,
1422 1319 1449 1353 si
1466 1319 1509 1352 sit
1524 1320 1747 1352 moderatum
1760 1347 1769 1360 ‚
1806 1327 1839 1353 et
1856 1319 2033 1364 probabili
2050 1331 2106 1351 ra-

1118 1372 1212 1403 tione
1232 1377 1424 1414 quaeratur
1441 1370 1645 1414 aequalitas.
1673 1371 1725 1403 Ex
1743 1369 1809 1404 lioc
1826 1371 1985 1414 exemplo
2004 1370 2106 1403 aesti-

1116 1421 1208 1453 mari
1230 1421 1297 1452 alia
1314 1420 1440 1453 similia
1460 1427 1625 1464 possunt,
1653 1423 1712 1454 sed
1730 1423 1850 1454 dextre
1875 1422 2105 1455 iudicandum

1116 1479 1185 1512 est,
1212 1484 1286 1504 non
1305 1471 1397 1503 enim
1414 1471 1621 1515 patrocinor
1638 1472 1691 1511 iis,
1719 1472 1780 1517 qui
1796 1473 1885 1505 lucri
1904 1473 2104 1516 captatione

1116 1529 1278 1557 exercent
1294 1522 1555 1555 mutuationem
1573 1523 1668 1555 velut
1684 1530 1807 1556 artem.
1861 1524 1929 1556 Sed
1946 1529 1985 1556 ut
2005 1523 2105 1556 danti

1115 1581 1260 1614 mutuo,
1295 1580 1481 1618 praecepta
1507 1586 1627 1606 severa
1653 1574 1916 1619 traduntur-⁹³⁶),
1958 1586 2001 1606 ne
2024 1575 2103 1618 plus

1114 1633 1230 1671 petat,
1265 1625 1312 1658 sic
1337 1631 1410 1657 erat
1434 1625 1587 1657 sumenti
1614 1626 1718 1658 etiam
1742 1637 1860 1659 severe
1885 1625 2104 1669 praecipien-

1115 1680 1211 1717 dum,
1236 1683 1275 1709 ut
1288 1677 1381 1709 bona
1400 1677 1467 1708 fide
1485 1677 1611 1709 reddat
1629 1677 1722 1710 iuxta
1744 1683 1989 1721 praeceptum:
2018 1676 2101 1710 Non

1113 1731 1246 1763 furtum
1262 1728 1380 1761 facias.

1216 1806 1327 1848 Saepe
1345 1810 1461 1836 autem
1479 1803 1625 1848 perfidia
1643 1803 1863 1844 debitorum,
1885 1804 1999 1838 bonos
2017 1815 2100 1837 con-

1114 1856 1302 1889 stantiores
1345 1855 1461 1887 reddit
1502 1856 1546 1886 ad
1590 1855 1782 1887 officiosam
1827 1856 2099 1891 mutuationem.

1114 1908 1217 1951 Quod
1238 1919 1321 1939 vero
1350 1907 1526 1938 interdum
1552 1905 1601 1949 pii
1625 1906 1777 1938 ministri
1792 1904 1977 1950 Evangelii
1999 1907 2100 1940 dubi-

1115 1965 1210 1998 tant,
1238 1965 1356 1990 utrum
1376 1957 1463 1990 iuste
1483 1956 1657 2000 accipiant
1681 1958 1858 1990 mercedes
1884 1970 1982 1997 suas,
2010 1971 2098 2003 quas

1114 2009 1235 2053 pendit
1258 2008 1456 2048 aerarium,
1489 2008 1585 2052 quod
1609 2008 1757 2048 dicitur,
1793 2009 1908 2041 usuris
1933 2021 2098 2044 crescere.

1113 2061 1201 2093 l‘luic
1220 2060 1433 2093 dubitationi
1452 2059 1497 2091 ita
1517 2065 1705 2092 occurrant
1723 2059 1782 2103 pii.
1833 2059 1995 2092 Primum
2016 2072 2098 2092 con-

1111 2113 1267 2145 siderent
1308 2110 1510 2144 (liscrimina
1552 2116 1814 2150 contractuum,
1865 2123 1968 2154 saepe
2004 2111 2097 2144 enim

1112 2165 1211 2197 fiscus
1228 2174 1328 2196 veras
1348 2162 1545 2205 emptiones
1562 2162 1662 2200 facit,
1691 2174 1769 2194 cum
1787 2167 1889 2205 pacto
1909 2163 1951 2194 de
1973 2174 2096 2194 reven-

1110 2216 1248 2254 dendo,
1284 2215 1327 2246 de
1352 2213 1478 2258 quibus
1502 2225 1607 2256 supra
1631 2212 1763 2245 dictum
1790 2218 1850 2245 est.
1913 2211 2095 2245 Interdum

1111 2272 1144 2299 et
1167 2265 1406 2298 mutuationes
1430 2265 1616 2303 accedunt,
1650 2275 1800 2309 quarum
1825 2263 1964 2308 aliquae
1988 2263 2094 2298 nimis

1143 2406 1190 2437 34)
1210 2403 1390 2435 καπηλευτικῆ
1415 2404 1447 2433 (ἰ.
1464 2411 1486 2429 e.
1506 2404 1674 2434 campaniam
1699 2405 1748 2428 hac
1772 2410 1840 2428 voce
1859 2404 1946 2428 utitur
1963 2404 2041 2428 Plato
2061 2405 2094 2429 de

1177 2442 1248 2470 legg.
1264 2440 1334 2463 Vlll.
1361 2442 1417 2469 (op.
1442 2440 1482 2462 ed.
1501 2440 1533 2464 H.
1553 2440 1642 2468 steph.
1664 2440 1692 2462 T.
1709 2439 1739 2462 ll.
1765 2446 1790 2468 p.
1804 2439 1862 2462 842.
1883 2439 1907 2462 d.
1926 2452 1959 2456 —
1984 2439 2025 2462 ed.
2045 2439 2092 2463 Bi—

1176 2477 1249 2505 pont,
1265 2474 1409 2498 Votvlu.
1430 2480 1453 2502 p.
1463 2474 1554 2501 425.);
1575 2473 1600 2495 in
1611 2473 1738 2502 sophista
1757 2478 1812 2502 (op.
1829 2473 1868 2496 ed.
1881 2473 2012 2502 H.Steph.
2032 2474 2060 2497 Τ.
2072 2473 2091 2499 1.

1175 2516 1199 2539 p.
1214 2508 1273 2533 223.
1289 2508 1316 2531 d.
1335 2509 1362 2531 et
1386 2514 1410 2536 p.
1427 2508 1486 2530 22⁴.
1501 2507 1540 2535 d.)
1566 2507 1658 2530 eadem
1683 2506 1883 2534 sienim-attone
1905 2507 2014 2530 adhibet
2038 2513 2090 2530 vo-

1174 2550 1229 2566 cem
1249 2540 1412 2572 καπηλικός,
1438 2547 1489 2570 qna
1508 2541 1593 2563 utitur
1612 2541 1692 2564 etiam
1712 2541 1876 2563 Aristoteles
1894 2540 1974 2565 Polit.
1989 2541 2009 2564 1.
2029 2548 2051 2564 c.
2064 2541 2088 2564 3.

1174 2579 1191 2606 ,ς
1218 2576 1354 2602 12—17.,
1373 2576 1400 2598 in
1420 2581 1471 2604 qna
1491 2576 1517 2603 S.
1539 2575 1631 2598 eadem
1651 2575 1758 2598 ratione
1777 2573 1934 2606 οἰκονομικὴ
1954 2577 1980 2598 et
1998 2582 2088 2604 mem„-

1173 2609 1230 2641 λική
1250 2610 1301 2634 sibi
1321 2612 1500 2640 opponuntur.

1135 2671 1183 2697 35)
1203 2671 1272 2698 non]
1292 2669 1332 2693 sie
1349 2669 1420 2692 Edit.
1436 2668 1525 2699 ¹5⁴5.;
1550 2668 1577 2692 in
1596 2668 1668 2692 Edit.
1685 2668 1759 2692 1546.
1780 2667 1872 2692 omiss.

1134 2730 1181 2759 36)
1201 2729 1361 2758 traduntur]
1380 2728 1419 2752 sic
1437 2728 1512 2752 recte
1529 2727 1601 2754 Edit.
1620 2727 1712 2759 1545.;
1733 2727 1804 2752 Edit.
1824 2726 1897 2752 1546.
1916 2726 2068 2752 tradantur.
