2347 3000
69 145 117 180 53
622 142 648 178 Ι.

64 231 117 276 pit
132 229 274 273 sanguis
296 241 336 262 ex
359 228 465 263 labris
477 255 486 269 ,
509 235 542 263 et
558 235 597 262 ut
612 228 782 272 Virgilius
798 229 841 262 de
855 228 975 262 Aenea
993 228 1044 261 in-

65 282 158 328 quit:
183 281 229 315 Et
244 291 372 324 magna
389 293 424 314 se
443 280 611 314 exuscitat
627 280 679 314 ira
694 280 752 326 ⁵⁷).
791 279 886 325 Ergo
903 280 1046 313 affectus

63 345 137 367 non
159 337 384 366 accersuntur
401 331 629 377 opinionibus
641 358 649 371 ‚
668 343 731 365 nee
748 337 829 365 sunt
843 343 989 377 prorsus
1006 343 1047 363 ex

65 391 190 419 natura
206 382 365 417 tollendi.

165 434 286 468 Tertia
303 433 408 468 ratio.
460 432 533 466 Lex
556 432 677 467 divina
708 432 896 478 praecipit,
923 438 962 466 ut
984 429 1046 464 lia-

60 486 206 520 beamus
224 485 386 526 affectus,
412 490 452 518 ut
475 484 603 531 (Marc.
621 485 686 525 12,
704 484 800 530 30.):
829 484 964 527 Diligas
983 484 1045 516 do-

62 536 199 570 minum
215 536 332 570 Deum
349 542 462 570 tuum.
518 534 601 568 ltem
625 536 753 582 (Marc.
774 536 840 576 12,
858 534 952 581 31.):
982 534 1044 567 Di-

61 587 147 631 ligas
166 588 381 632 proximum.
431 587 477 620 Et
491 587 622 620 Paulus
644 587 736 620 inter
759 587 939 620 teterrima
959 586 1043 619 vitia

61 645 226 672 numerat
248 635 472 686 ἀστοργίαν,
508 638 543 671 id
571 643 638 678 est,
673 649 747 671 non
778 637 869 671 affici
897 637 1043 682 propin-

61 702 214 736 quorum
240 689 402 724 secundis
428 695 489 722 aut
507 689 661 722 adversis
678 689 795 724 rebus.
845 688 941 734 Ergo
960 689 1043 722 affe-

60 748 136 775 ctus
171 741 281 787 aliqui
311 746 393 774 sunt
419 740 525 780 boni,
560 746 595 773 et
617 740 693 773 Deo
719 739 871 784 placent.
923 740 1043 785 Repu-

60 792 191 825 dianda
217 799 268 826 est
292 792 398 836 igitur
421 791 623 824 Stoicorum
646 788 829 833 ἀπάθεια,
858 803 938 825 cum
965 797 998 825 et
1023 804 1041 824 a

59 850 188 876 natura
212 849 246 876 et
269 854 289 876 a
307 842 414 875 verbo
432 841 501 875 Dei
523 842 717 877 dissentiat.
771 842 892 888 Quare
910 842 974 876 etsi
990 842 1042 875 in-

59 895 198 928 terdum
216 893 378 927 duriores
405 893 600 927 sententiae
618 893 820 927 Stoicorum
837 894 1042 935 laudantur,

59 951 178 978 tamen
194 945 348 989 prudens
370 944 481 978 lector
496 942 662 978 adhibeat
684 944 873 986 iudicium,
901 957 941 979 ac
955 945 1043 978 sciat

59 996 229 1030 absurdas
251 995 437 1040 opiniones
455 1002 651 1041 pugnantes
670 1008 750 1030 cum
766 1002 893 1029 natura
911 1002 945 1030 et
961 1009 1040 1030 cum

51 1048 168 1085 ,verbo
191 1047 258 1080 Dei
281 1047 465 1091 fugiendas
489 1059 573 1082 esse.
626 1046 701 1080 Iino
723 1047 811 1081 boni
828 1048 972 1081 affectus
989 1047 1041 1080 in-

58 1098 123 1132 diti
139 1105 220 1132 sunt
240 1104 408 1138 naturae,
434 1104 473 1132 ut
494 1098 565 1132 sint
583 1098 754 1132 virtutum
773 1098 940 1140 calcaria,
968 1111 1041 1140 seu,

57 1156 96 1183 ut
112 1149 317 1183 Aristoteles
332 1149 459 1195 inquit,
481 1149 625 1183 auxilia:
653 1150 712 1183 sed
728 1150 831 1183 malis
848 1150 1040 1190 affectibus,

58 1199 125 1234 hoc
148 1207 220 1241 est,
251 1200 538 1234 dissentientibus
565 1213 584 1233 a
610 1201 749 1234 ratione
774 1208 808 1234 et
830 1213 849 1234 a
872 1202 947 1245 lege
974 1201 1040 1234 Dei

58 1252 330 1297 repugnandum
354 1258 415 1286 est.
467 1251 514 1286 Et
537 1252 730 1285 sententiae
749 1252 786 1284 in
800 1252 908 1285 sacris
930 1252 1040 1286 literis

58 1304 253 1348 prudenter
280 1302 529 1346 intelligendae
560 1308 661 1342 sunt,
705 1314 750 1335 ne
782 1304 1042 1336 transferantur

59 1355 104 1387 ad
129 1354 263 1387 Stoicas
296 1353 493 1397 opiniones.
553 1352 644 1387 Nam
670 1364 790 1386 sacrae
822 1353 945 1386 literae
977 1354 1041 1386 etsi

60 1405 250 1438 ostendunt
274 1416 395 1437 omnes
418 1404 562 1437 affectus
585 1403 622 1435 in
647 1403 757 1447 impio
782 1402 928 1437 vitiosos
953 1416 1040 1443 esse,

60 1463 179 1488 tamen
205 1455 329 1488 volunt
352 1454 540 1487 discrimen
564 1453 730 1494 retineri,
766 1454 928 1487 videlicet
952 1454 1039 1487 alios

57 1518 121 1550 per
145 1518 200 1545 se,
235 1517 274 1538 ac
306 1511 443 1538 tantum
477 1504 622 1537 vitiosos
653 1510 687 1537 et
710 1504 926 1538 abiiciendos
956 1518 1039 1539 esse.

56 1556 155 1590 Alios
175 1568 258 1588 vero
276 1555 445 1589 divinitus
462 1555 585 1588 insitos
602 1555 715 1599 pollui
732 1557 895 1600 contagio
919 1568 1039 1589 corru-

56 1607 208 1652 ptionis,
235 1619 324 1652 quae
350 1613 402 1640 cst
423 1606 461 1639 in
484 1612 611 1639 natura
640 1604 815 1647 humana,
845 1614 883 1640 ut
906 1607 942 1640 in
960 1607 1039 1640 Ale-

56 1659 192 1692 xandro
216 1664 299 1691 sunt
319 1657 423 1691 multi
443 1658 530 1691 boni
550 1657 694 1691 affectus
722 1664 756 1691 et
780 1655 945 1692 heroicae
969 1659 1039 1691 vii·-

56 1716 158 1744 tutes.
199 1710 267 1742 Sed
291 1710 373 1755 quia
400 1709 528 1743 absunt
550 1708 659 1741 timor
682 1708 749 1742 Dei
774 1715 807 1742 et
831 1710 932 1750 fides,
960 1710 1039 1742 reli-

57 1773 147 1807 quae
164 1761 262 1794 dotes
280 1773 354 1793 non
371 1760 511 1805 placent
528 1759 616 1795 Deo.
669 1759 714 1793 Et
732 1761 804 1805 ipse
828 1761 926 1794 addit
942 1761 1039 1801 vitia,

56 1825 130 1846 non
153 1812 225 1856 agit
246 1813 377 1856 gratias
395 1812 470 1846 Deo
483 1839 493 1852 ,
520 1824 594 1845 non
616 1812 775 1855 agnoscit
791 1811 858 1844 Dei
874 1824 1039 1857 praesen-

55 1864 155 1904 tiam,
179 1863 323 1896 confidit
340 1863 411 1897 suis
426 1863 573 1903 viribus,
601 1863 741 1908 quaerit
757 1876 857 1897 suam
875 1863 1039 1907 gloriam,

56 1915 128 1949 ruit
143 1926 285 1948 securus
308 1914 344 1947 in
362 1927 505 1948 omnem
522 1914 791 1959 turpitudinem.
833 1915 901 1948 Sed
918 1914 955 1947 in
972 1915 1038 1960 piis

57 1966 247 2000 laudantur
268 1966 355 1999 boni
372 1966 516 2000 affectus
533 1966 730 2007 naturales,
756 1965 837 2012 quia
858 1965 896 1999 in
911 1963 964 2000 his
983 1979 1039 2000 ac-

57 2018 187 2051 cedunt
202 2017 310 2050 timor
324 2017 391 2051 Dei
411 2023 444 2052 et
460 2018 563 2057 fides,
591 2029 661 2063 qua
678 2017 727 2058 fit,
753 2023 793 2050 ut
807 2017 969 2061 placeant
986 2030 1039 2051 re-

55 2069 153 2114 liqua
177 2068 272 2101 bona
296 2080 415 2113 opera.
473 2068 591 2102 Facile
617 2074 668 2102 est
693 2068 800 2112 igitur
823 2070 1038 2113 respondere

56 2121 101 2154 ad
116 2117 179 2153 has
200 2119 425 2154 obiectiones.

158 2170 287 2204 Sensus
311 2171 426 2204 carnis
450 2182 547 2204 mors
569 2176 636 2204 est:
664 2170 749 2204 item
769 2170 954 2204 inimicitia
978 2171 1038 2204 ad-

56 2234 176 2256 versus
190 2222 318 2256 Deum.
355 2220 465 2266 Igitur
482 2233 603 2255 omnes
619 2221 764 2256 affectus
783 2228 866 2255 sunt
882 2221 1012 2256 vitiosi.

156 2273 374 2318 Responsio:
411 2273 575 2306 Concedo
612 2285 841 2319 consequens.
903 2273 1038 2307 Omnes

57 2330 139 2359 sunt
162 2325 296 2358 vitiosi:
326 2324 386 2357 alii
411 2336 474 2369 per
499 2336 553 2364 se,
579 2323 640 2356 alii
662 2336 725 2368 per
747 2324 927 2365 accidens,
955 2324 1038 2370 quia

55 2376 142 2410 boni
159 2377 368 2421 polluuntur
392 2375 498 2408 variis
521 2375 656 2414 modis,
682 2387 746 2408 nec
767 2376 970 2409 reseruntur
993 2377 1037 2409 ad

57 2427 214 2461 debitum
233 2428 352 2468 finem,
368 2433 408 2461 ut
423 2432 620 2472 praestetur
635 2425 711 2459 Deo
729 2427 942 2462 obedientia.
970 2426 1037 2460 De-

127 2555 258 2579 xandrum
281 2555 433 2584 Principem
458 2554 612 2585 significat,
643 2553 763 2583 accepit;
796 2559 821 2579 a.
849 2555 923 2579 1443.
950 2557 1036 2585 patris

126 2596 254 2617 regnum,
280 2590 349 2619 quod
368 2590 421 2613 iste
440 2587 578 2613 §ultanus
591 2589 614 2612 ei
640 2588 794 2617 eripuerat,
820 2591 992 2619 recuperavit
1012 2592 1037 2614 et

126 2630 212 2654 nsque
235 2624 269 2646 ad
289 2625 401 2647 mortem
425 2630 449 2648 a.
471 2623 545 2648 1467.
566 2622 687 2647 obtinuit.
732 2622 809 2646 Cous.
828 2624 887 2648 JOS.
906 2631 932 2648 v.
953 2625 1037 2648 liam-

129 2665 200 2681 mer:
221 2658 380 2681 Gesciiiciite
400 2659 449 2681 des
469 2658 580 2683 Osman.
599 2657 724 2681 Reiches.
745 2657 853 2680 Toui.1.
872 2664 897 2688 p.
914 2658 964 2682 480
978 2666 1037 2689 sqq,

129 2693 202 2717 Toni.
218 2692 248 2716 Π.
270 2699 294 2722 p.
311 2693 432 2716 46—95.

91 2743 138 2774 57)
158 2744 235 2774 Yirg.
255 2744 321 2768 Aen.
342 2743 407 2773 ΧΠ,
429 2743 485 2767 108,
508 2742 625 2773 iegitur:
646 2746 672 2766 et
693 2750 722 2767 se
741 2743 856 2767 suscitat
875 2743 923 2768 ira.

691 141 1041 177 PHILOSOPHLOE
1067 138 1278 175 MORALIS
1304 138 1532 174 EPITOME.
2036 140 2085 176 54

1099 226 1206 272 nique
1223 238 1296 259 non
1314 225 1453 271 placent
1470 224 1545 258 Deo
1558 252 1565 265 ‚
1593 224 1668 258 sine
1686 225 1813 260 timore
1832 233 1865 259 et
1879 227 1958 261 fide.
2009 227 2082 260 Hac

1099 277 1250 322 simplici
1268 283 1302 311 et
1316 277 1421 322 plana
1441 276 1617 310 solutione
1640 278 1797 311 contenti
1814 278 1922 312 simus
1934 305 1941 317 ,
1971 290 2082 324 quan-

1099 340 1206 372 quam
1224 336 1257 362 et
1273 329 1382 363 altera
1400 334 1515 374 potest
1530 328 1633 368 addi,
1661 341 1783 363 omnes
1802 329 1945 362 affectus
1957 357 1966 370 ,
1994 342 2082 375 quos

1099 376 1204 412 babet
1239 380 1390 414 carnalis
1426 385 1573 420 natura,
1607 379 1682 413 sine
1718 381 1807 421 fide,
1843 387 1876 414 et
1903 381 1977 414 sine
2006 381 2081 425 Spi-

1098 429 1171 463 ritu
1186 437 1306 463 sancto
1331 443 1411 475 erga
1431 430 1548 464 Deum
1568 443 1640 465 esse
1660 430 1824 472 vitiosos,
1851 432 1933 477 quia
1955 438 2083 465 natura

1098 481 1267 521 carnalis,
1296 488 1356 514 ant
1382 494 1502 515 secura
1522 482 1717 515 contemnit
1742 483 1831 516 iram
1849 483 1935 524 Dei,
1964 489 2023 516 aut
2046 484 2082 516 in

1098 532 1189 565 veris
1206 532 1397 576 pavoribus
1413 533 1575 567 irascitur
1595 533 1723 567 iudicio
1741 534 1827 575 Dei,
1855 541 1888 568 et
1908 535 2082 579 desperat.

1096 583 1165 616 Sed
1196 580 1282 616 haec
1309 583 1438 616 solutio
1470 585 1685 618 subobscura
1714 592 1775 621 est.
1828 584 1911 619 Ideo
1937 592 2082 619 utamur

1096 634 1228 678 priore.
1281 634 1337 667 Sic
1362 636 1650 678 respondendum
1670 643 1720 670 est
1741 644 1773 671 et
1790 638 1833 670 ad
1851 635 1917 670 hoc
1937 637 2083 671 dictum.

1096 685 1222 719 Omnis
1246 685 1412 730 cogitatio
1438 684 1585 719 liumani
1608 687 1723 721 cordis
1744 700 1855 732 prona
1880 694 1929 722 est
1947 689 1991 721 ad
2008 700 2082 721 ina-

1095 737 1169 770 lum
1198 737 1297 770 omni
1324 744 1496 781 tempore.
1553 737 1648 781 Ergo
1674 750 1796 773 omnes
1826 740 1970 773 affectus
1996 739 2081 772 mali

1095 794 1188 823 sunt.
1222 787 1433 832 Responsio.
1473 788 1637 821 Concedo
1655 801 1884 835 consequens.
1928 791 1999 823 Alii
2017 803 2081 835 per

1095 852 1150 880 se,
1184 839 1244 872 alii
1267 851 1332 884 per
1361 839 1534 874 accidens.
1588 840 1712 885 Neque
1740 847 1858 874 tamen
1884 838 1969 875 baec
1997 854 2080 874 con-

1095 890 1242 924 veniunt
1274 903 1353 923 cum
1386 890 1530 931 Stoicis,
1570 891 1653 936 quia
1685 891 1793 926 Stoici
1825 892 1949 925 volunt
1980 892 2081 925 evelli

1096 954 1218 975 omnes
1244 942 1406 982 affectus,
1433 942 1546 975 bonos
1565 948 1599 975 et
1622 942 1746 976 malos.
1800 942 1873 976 Lex
1888 942 1956 975 Dei
1976 955 2080 976 econ-

1095 999 1147 1026 tra
1179 992 1315 1036 flagitat
1341 993 1455 1028 bonos
1482 993 1649 1033 affectus,
1686 994 1852 1027 timorem
1879 994 1965 1034 Dei,
1994 995 2080 1027 fidu-

1095 1044 1183 1077 ciam
1197 1071 1205 1084 ,
1224 1044 1469 1085 dilectionem,
1492 1056 1651 1078 amorem
1670 1045 1848 1089 coniugis,
1874 1046 2081 1084 liberorum,

1095 1102 1129 1129 et
1148 1095 1235 1128 alios
1254 1096 1332 1140 pios
1357 1102 1486 1130 motus.

1196 1146 1286 1179 Hinc
1307 1147 1409 1179 facile
1431 1152 1545 1191 potest
1571 1146 1740 1190 intelligi,
1768 1147 1921 1180 Stoicam
1950 1148 2081 1180 doctri-

1094 1210 1177 1230 nam
1200 1198 1402 1242 longissime
1425 1198 1555 1232 distare
1579 1198 1685 1230 etiam
1708 1196 1775 1231 hoc
1803 1198 1838 1230 in
1863 1199 1940 1232 loco
1964 1200 2007 1232 de
2032 1200 2081 1232 as-

1093 1249 1240 1282 sectibus
1272 1261 1290 1281 a
1318 1249 1480 1282 doctrina
1506 1247 1719 1282 Christiana.
1772 1249 1839 1282 Sed
1874 1248 1929 1282 liic
1958 1250 2080 1294 ingens

1095 1299 1284 1332 admiratio
1307 1305 1403 1332 tenet
1427 1297 1658 1344 philosophos
1674 1299 1720 1345 ⁵⁸)
1733 1327 1741 1338 ,
1770 1302 1863 1333 unde
1881 1301 1916 1334 in
1935 1299 2080 1334 lioinine

1095 1356 1192 1382 tanta
1216 1350 1260 1383 sit
1283 1350 1471 1383 affectuum
1497 1350 1684 1384 discordia.
1740 1351 1908 1384 Caeterae
1932 1359 2078 1385 naturae

1093 1412 1167 1432 non
1193 1407 1352 1444 pugnant
1376 1401 1472 1444 ipsae
1503 1413 1643 1439 secum,
1679 1402 1739 1433 sed
1765 1402 2012 1447 obtemperant
2038 1403 2079 1437 iis

1093 1451 1247 1493 legibus,
1275 1463 1366 1495 quae
1389 1451 1472 1495 ipsis
1493 1451 1662 1484 divinitus
1682 1451 1866 1495 impositae
1884 1461 1976 1488 sunt.
2019 1454 2079 1487 Sol

1093 1502 1231 1534 conficit
1258 1502 1383 1535 ordine
1407 1514 1488 1534 suos
1512 1514 1643 1535 cursus.
1697 1502 1835 1536 Bestiae
1854 1501 1987 1537 habent
2002 1517 2077 1538 mo-

1094 1558 1147 1586 tus
1166 1559 1399 1596 congruentes
1417 1552 1572 1586 naturali
1590 1553 1813 1586 inclinationi
1833 1567 1928 1589 suae.
1982 1556 2079 1589 Tan-

1095 1610 1168 1636 tum
1193 1601 1354 1638 homines
1378 1616 1452 1637 non
1475 1605 1722 1648 obtemperant
1748 1605 1787 1638 iis
1811 1606 1962 1650 legibus,
1992 1619 2078 1652 quas

1093 1654 1187 1688 Deus
1206 1654 1289 1699 ipsis
1306 1655 1444 1689 indidit.
1498 1655 1610 1689 Huius
1629 1656 1825 1689 discordiae
1844 1669 1985 1690 causam
2003 1659 2076 1692 sola

1093 1706 1254 1740 doctrIna
1274 1705 1473 1740 Christiana
1498 1707 1666 1751 explicat,
1695 1720 1784 1752 quae
1810 1709 1963 1742 ostendit
1983 1722 2078 1742 mor-

1092 1758 1176 1791 bum
1194 1757 1358 1801 originis,
1385 1756 1451 1791 hoc
1471 1764 1542 1797 est,
1565 1759 1830 1802 corruptionem
1849 1766 1997 1793 naturae
2013 1758 2077 1794 liu-

1092 1821 1219 1841 manae
1251 1821 1392 1842 causam
1417 1822 1488 1842 esse
1513 1807 1616 1843 liuius
1642 1810 1850 1845 discordiae.
1920 1811 1956 1844 Si
1983 1812 2075 1844 enim

1092 1866 1219 1893 natura
1243 1857 1399 1895 hominis
1424 1872 1497 1893 non
1521 1867 1609 1894 esset
1631 1867 1796 1905 corrupta
1815 1862 1900 1895 viiio
1919 1862 2076 1906 originis,

1093 1923 1217 1944 omnes
1240 1912 1384 1946 affectus
1408 1911 1594 1944 obedirent
1615 1913 1681 1956 legi
1700 1912 1786 1951 Dei,
1815 1920 1848 1946 et
1873 1913 2004 1946 iudicio
2023 1926 2076 1947 re-

1093 1968 1168 1995 ctae
1192 1962 1352 1997 rationis.
1405 1963 1496 1996 Nam
1521 1964 1565 1995 ad
1584 1960 1674 1995 lianc
1699 1964 1937 1997 obedientiam
1961 1963 2075 1998 homi-

1092 2026 1153 2047 nes
1175 2014 1307 2046 eonditi
1332 2020 1431 2053 sunt,
1459 2015 1547 2047 sicut
1574 2015 1618 2047 ad
1643 2015 1799 2048 volatum
1827 2028 1927 2055 aves,
1955 2017 1998 2048 ad
2016 2029 2075 2049 na-

1093 2065 1240 2098 tandum
1258 2065 1380 2109 pisces,
1405 2078 1527 2098 verum
1547 2065 1629 2111 quia
1647 2072 1813 2110 corrupta
1833 2073 1883 2099 cst
1901 2066 1987 2100 sitio
2007 2068 2076 2100 ori*

1093 2116 1183 2159 ginis
1208 2114 1363 2149 humana
1386 2123 1532 2157 natura,
1561 2117 1678 2149 amisit
1697 2119 1835 2150 firmam
1853 2124 1886 2150 et
1905 2118 2075 2152 illustrem

1092 2167 1158 2200 Dei
1180 2167 1365 2208 notitiam,
1401 2174 1435 2200 et
1456 2168 1586 2201 xirium
1616 2168 1708 2201 inter
1733 2181 1767 2201 se
1790 2165 2017 2202 harmoniam
2042 2176 2075 2202 et

1093 2218 1343 2252 obedientiam.
1396 2218 1498 2252 Nunc
1514 2219 1620 2263 igitur
1635 2231 1734 2252 mens
1750 2217 1905 2252 humana
1923 2232 1986 2263 per
2003 2233 2074 2254 sese

1092 2269 1231 2302 dubitat
1248 2270 1290 2302 de
1310 2269 1406 2308 Deo,
1430 2276 1530 2302 vacat
1549 2270 1676 2303 timore
1694 2269 1758 2302 Dei
1771 2297 1779 2310 ,
1809 2276 1909 2302 vacat
1925 2271 1991 2303 fide
2011 2278 2073 2305 etc.

1091 2320 1136 2354 Et
1160 2320 1196 2353 in
1220 2320 1447 2354 inferioribus
1465 2321 1598 2355 viribus
1616 2328 1666 2354 est
1693 2321 1931 2354 inobedientia
1947 2348 1956 2361 ‚
1984 2335 2073 2367 quae

1091 2372 1185 2416 parit
1202 2371 1592 2405 infinitas*inordinatas
1615 2372 1840 2415 cupiditates,
1870 2378 1903 2405 et
1918 2385 1991 2405 non
2014 2375 2073 2407 ob-

1092 2429 1327 2467 temperantes
1357 2423 1424 2466 legi
1449 2422 1533 2463 Dei,
1568 2429 1601 2456 et
1628 2429 1745 2455 tamen
1769 2422 1911 2456 interim
1935 2437 2071 2457 manse-

1091 2480 1174 2507 runt
1197 2474 1307 2519 aliqui
1328 2474 1413 2507 boni
1437 2474 1600 2512 instemus,
1629 2474 1690 2518 qui
1708 2481 1894 2507 versantur
1912 2475 2000 2508 circa
2019 2488 2072 2510 res

1090 2525 1262 2559 subiectas
1293 2525 1470 2564 sensibus,
1507 2524 1668 2558 videlicet
1697 2525 1787 2558 circa
1822 2525 1960 2559 civilem
1990 2539 2071 2559 con<

1124 2642 1172 2671 55)
1200 2641 1253 2665 sed
1278 2640 1318 2664 hic
1334 2640 1571 2670 —piiiiosoplios]
1601 2640 1648 2662 Ed.
1672 2640 1744 2663 1538.
1778 2641 1902 2670 „Magn-
1928 2641 2071 2665 admiratio

1159 2682 1265 2705 semper
1292 2675 1378 2697 tenuit
1402 2675 1477 2697 visos
1504 2672 1672 2703 sapientes-J*
1718 2675 1757 2697 Ab
1784 2675 1825 2696 iiis
1851 2675 1942 2697 vei-bis
1969 2676 1994 2698 in
2022 2677 2068 2699 hac

1158 2710 1275 2734 editione
1296 2709 1386 2738 incipit
1407 2709 1548 2738 responsio
1564 2708 1750 2738 quaestionis:
1772 2709 1848 2733 bade
1867 2710 1931 2733 orta
1946 2711 1987 2734 est
2001 2710 2068 2734 haec

1159 2744 1367 2769 dissimilitudo
1391 2742 1547 2773 affectuum
1566 2744 1595 2766 in
1614 2743 1724 2766 natura
1743 2743 1873 2766 huminis,

1395 2777 1451 2811 4.
