2347 3000
224 151 246 183 3
485 144 604 179 l‘uu..
630 144 741 178 Mhi..
767 144 968 177 SCRIPTx
991 143 1056 176 An
1076 140 1282 175 ETIIICEN
1309 140 1372 173 ET
1393 139 1648 175 POLITICEN
1675 140 1971 176 SPECTANTtA
2216 143 2238 176 4

225 234 285 263 hoc
314 236 424 261 autore
453 239 515 259 non
546 230 649 259 solum
677 228 807 258 retineri
836 238 913 267 pura
942 226 1159 267 philosophia,
1201 224 1260 254 sed
1291 234 1331 254 ne
1364 225 1492 264 quidem
1521 225 1607 255 iusta
1637 225 1772 255 docendi
1801 230 1857 256 aut
1886 224 2032 255 discendi
2062 226 2145 254 ratio
2174 226 2238 256 ulla

226 274 374 314 porci-‘its'
419 272 533 311 (Coi-p.
557 273 630 301 Rel'.
654 272 725 301 Vol.
751 272 788 300 11.
814 281 843 309 p.
867 271 959 309 956.)
1004 270 1179 298 Praeterea
1203 268 1351 307 legantur
1375 268 1446 297 eius
1470 269 1633 297 orationes
1664 268 1746 298 dnae
1771 268 1810 298 de
1834 268 2014 298 Aristotele
2037 276 2064 296 a.
2088 267 2181 297 1537.
2205 274 2238 299 et

228 318 318 347 1544.
342 315 458 345 habitis
487 316 601 354 (Corp.
626 314 699 344 Res.
724 314 796 343 Vol.
820 313 876 342 Xi.
908 323 936 351 p.
959 311 1023 341 342
1045 319 1114 349 sqq.
1144 310 1208 340 647
1229 310 1337 349 sqq.),
1367 320 1501 349 quarum
1526 311 1663 349 priorem
1693 311 1742 340 liis
1766 311 1876 340 verbis
1899 310 2078 341 concludit:
2119 310 2238 347 „llaec

226 369 263 389 eo
286 357 421 388 dicenda
446 359 574 396 putavi,
604 366 666 386 non
691 357 793 385 solum
817 361 852 384 ut
875 355 978 393 magis
1002 354 1117 382 ametis
1140 353 1369 391 Aristotelem,
1399 352 1456 381 sed
1481 354 1578 382 ctiam
1602 359 1637 382 ut
1659 354 1827 393 cogitetis,
1851 363 1908 384 cur
1932 355 1975 383 sit
1997 352 2173 389 amandus,
2204 358 2239 383 et

226 403 256 431 in
280 401 427 430 manibus
450 400 634 439 liabendns3
665 399 822 438 planeque
846 398 889 426 ita
912 396 1034 435 sentio,
1058 405 1208 436 magnam
1233 395 1448 425 doctrinarum
1473 395 1694 424 confusionem
1719 402 1904 426 secuturam
1928 405 2021 434 csse,
2053 397 2082 425 si
2105 396 2239 425 Aristo-

228 444 308 473 teles
332 443 502 482 neglectus
526 443 638 480 suerit,
671 443 723 480 qni
753 449 835 470 unus
865 448 903 468 ac
933 439 1022 468 solus
1046 444 1098 468 est
1121 438 1265 468 methodi
1288 438 1416 467 artilex.
1463 438 1535 467 Nec
1559 438 1620 467 alia
1644 439 1767 468 ratione
1793 439 1833 468 ad
1856 438 2044 469 methodum
2068 438 2240 470 assuefieri

227 487 394 525 quisquam
419 491 542 523 potest,
567 485 627 513 nisi
651 485 680 513 in
705 485 765 512 hoc
788 491 908 520 genere
932 481 1154 520 philosophiae
1177 481 1410 510 Aristotelicae
1436 480 1640 510 mediocriter
1663 487 1867 510 exerceatur.
1891 504 1897 511 .
1921 483 1952 511 .'’

310 528 510 566 Quamquam
533 536 611 556 vero
641 526 671 554 in
695 526 755 554 hac
777 525 920 553 oratione
943 524 1037 563 (vide
1061 525 1156 563 Corp.
1179 523 1250 552 Rel'.
1276 523 1346 552 Vol.
1364 524 1418 552 xl.
1443 533 1472 562 p.
1490 523 1583 562 349.)
1608 527 1640 552 et
1663 523 1734 552 aliis
1758 524 1836 552 locis
1861 525 1980 563 scripta.
1995 522 2184 553 Aristotelis
2207 522 2239 550 in

227 570 413 599 universum
438 569 561 603 laudat,
588 574 693 598 tamen
718 567 862 605 inprimis
883 568 952 596 eius
976 568 1112 596 Moralia
1134 565 1337 597 commendat
1355 566 1402 604 Ι),
1426 575 1559 604 quorum
1585 567 1647 594 tria
1670 566 1901 605 distinguenda
1925 571 2014 596 sunt:
2046 566 2073 596 1.
2093 562 2240 594 Ἠθικῶν

228 613 471 649 λ’(κυμαχειίι)ι’,
500 612 685 640 Ethicorum
716 610 756 639 ad
785 609 1019 639 Nicomachum
1054 610 1123 639 libri
1145 610 1202 647 X.;
1238 609 1268 637 2.
1286 604 1432 637 Ἠθικῶν
1461 607 1635 646 μεγάλων,
1664 609 1858 647 Magnorum
1882 609 2053 638 Moralium
2085 607 2156 638 libri
2180 606 2240 645 11.;

225 654 253 683 3.
279 650 424 683 Ἠθικῶν
447 650 653 691 Ι·.ἰ”ὸ”ι[,ιιειύιν,
682 652 854 682 Moralium
884 652 923 682 ad
946 652 1127 682 Eudemum
1158 651 1229 680 libri
1252 650 1325 680 Vll.
1380 651 1504 680 Ilorum
1534 652 1635 690 primo
1660 651 1728 681 loco
1753 652 1857 690 posita
1880 657 1977 690 atque
2000 651 2147 690 politicos
2169 649 2240 678 eius

226 696 323 725 libros
352 696 410 734 (de
429 705 560 734 quornm
584 695 695 728 intimo
718 704 792 725 cum
815 695 931 726 ethicis
953 705 1103 726 connexu
1125 695 1209 724 infra
1231 693 1468 734 disseremus),
1492 698 1526 724 ut
1549 693 1693 725 studium
1716 703 1813 734 quam
1837 695 1975 725 maxime
1999 695 2139 732 iuvaret,
2161 700 2239 732 par-

228 739 281 767 tim
306 738 544 768 commentariis
564 738 750 768 illustravit.

1219 821 1243 850 I.

348 879 390 910 1η
414 877 530 909 Ethica
552 877 745 909 Aristotelis
767 878 1021 910 commentarius
1043 877 1130 910 Phil.
1155 877 1239 910 Mel.
1292 876 1510 919 Il'itleberyue
1531 878 1619 918 apud
1639 877 1704 909 Ios.
1731 878 1822 920 Clny.
1855 879 1949 910 1529.
1979 880 2009 909 8.

309 948 358 977 De
382 948 442 976 hac
465 946 604 976 editione
627 946 787 985 principe,
809 956 892 985 quae
916 947 1135 977 tantummodo
1158 948 1272 977 librum
1295 947 1432 986 primum
1456 952 1489 977 et
1513 948 1693 978 secundnm
1708 949 1897 978 Ethicorum
1911 949 1982 979 Nic.
2006 947 2241 986 complectitur,

226 990 412 1020 Melanthon
438 990 542 1018 Ioacli.
559 989 744 1018 Camerario
767 990 795 1019 S.
812 991 881 1019 lun.
907 990 996 1020 1528.
1021 991 1151 1020 scribit:
1182 991 1246 1029 „Et
1270 991 1320 1020 hic
1345 990 1550 1020 excuduntur
1574 989 1615 1019 τὰ
1639 988 1740 1027 {mxci
1765 990 1968 1027 Aristoivle's,
1991 1001 2075 1030 quae
2089 1000 2152 1020 non
2171 991 2242 1019 sine

226 1043 342 1072 magno
373 1032 480 1061 labore
510 1033 539 1060 in
571 1037 660 1061 tanta
691 1033 890 1071 negligentia
921 1033 1231 1072 clialcograpliorum
1255 1033 1417 1062 emendari
1441 1039 1589 1072 possunt.
1636 1034 1676 1063 Et
1702 1033 1784 1063 addo
1808 1034 1948 1072 scholia,
1977 1043 2061 1073 quae
2085 1033 2243 1064 adiuvent

227 1072 366 1105 nonnihil
390 1075 541 1103 lectorem
567 1075 595 1102 in
619 1079 684 1103 tam
706 1075 843 1104 obscura
866 1080 898 1105 ct
913 1076 1068 1114 perplexa
1083 1076 1328 1115 disputationc.''
1350 1076 1465 1114 (Corp.
1484 1076 1555 1107 Res.
1580 1076 1651 1106 Vol.
1669 1078 1692 1106 1.
1716 1087 1745 1115 p.
1763 1076 1872 1116 95:303
1897 1076 2066 1115 eidemque
2088 1076 2139 1106 28.
2154 1076 2242 1115 Aug.

228 1119 334 1148 1529.:
360 1117 482 1155 „Mitto
508 1117 561 1146 tibi
586 1117 820 1146 enarrationem
844 1117 976 1147 duorum
1001 1119 1151 1148 librorum
1178 1116 1303 1158 ἧθικῶν
1316 1118 1519 1148 Aristotelis.
1564 1120 1599 1148 In
1624 1120 1689 1148 line
1712 1121 1826 1161 insunt
1849 1121 2060 1159 grammatica
2083 1118 2243 1158 quaedam

226 1161 265 1190 de
289 1161 391 1190 altera
415 1160 639 1198 navigatione,
663 1168 746 1198 qnae
770 1165 802 1190 te
825 1161 938 1190 videre
960 1162 1082 1190 velim”
1106 1162 1145 1200 (l.
1168 1162 1187 1191 l.
1211 1171 1241 1201 p.
1265 1161 1387 1199 1093.)
1413 1176 1451 1183 —
1496 1162 1531 1190 In
1556 1162 1793 1192 introductione
1818 1163 1992 1192 utilitatem
2015 1162 2193 1192 ethicorum
2208 1166 2244 1191 et.

225 1202 437 1232 differentiam
467 1202 663 1231 christianae
693 1202 858 1233 doctrinae
887 1210 921 1234 et
951 1204 1172 1243 philosophiae
1202 1205 1413 1234 demonstrat.
1465 1205 1546 1234 Tum
1577 1204 1658 1234 duos
1687 1205 1757 1235 illos
1787 1206 1886 1235 libros
1916 1206 2062 1235 breviter
2090 1205 2242 1244 explicat.

225 1245 398 1283 Vituperat
423 1245 573 1283 plurimos
597 1250 886 1283 commentatores,
909 1248 990 1286 „qui
1013 1248 1087 1286 quia
1109 1257 1170 1276 non
1200 1253 1355 1277 enarrant
1378 1248 1574 1277 sententiam
1599 1248 1744 1287 populari
1768 1257 1890 1288 genere
1914 1249 2081 1287 orationis,
2103 1256 2166 1278 uec
2187 1256 2244 1277 re-

226 1288 333 1317 ferunt
362 1292 536 1326 praecepta
565 1287 605 1316 ad
633 1296 834 1318 communem
865 1298 997 1319 sensum
1029 1294 1063 1319 et
1093 1290 1133 1319 ad
1157 1290 1285 1319 civilem
1310 1291 1399 1319 vitae
1423 1291 1711 1329 consuetudinem,
1741 1301 1759 1320 e
1783 1292 1893 1330 procul
1917 1297 2042 1322 tantum
2064 1289 2244 1321 ostendunt

224 1340 308 1365 rein,
330 1339 391 1359 nec
414 1331 495 1359 satis
518 1330 712 1368 explicatam
737 1331 883 1371 tradunt,
913 1338 946 1362 et
970 1332 1134 1371 plerisque
1156 1333 1235 1362 locis
1257 1333 1390 1363 vincere
1414 1333 1594 1363 subtilitate
1616 1334 1830 1364 Aristotelem
1853 1339 1982 1364 certant
2003 1351 2045 1357 —
2067 1333 2242 1363 ambitione

224 1372 359 1411 quadam
390 1380 484 1410 quam
512 1373 700 1411 longissime
730 1373 864 1403 student
893 1374 1062 1404 discedere
1092 1384 1111 1404 a
1134 1380 1230 1413 captu
1251 1376 1384 1405 aliorum
1408 1376 1598 1405 liominum.”
1642 1376 1770 1406 Versus
1794 1378 1892 1407 finem
1916 1377 2010 1407 dicit:
2045 1377 2243 1417 „Hactenus

224 1415 445 1444 enarravimus
468 1416 660 1453 praecipuos
683 1415 772 1445 locos
794 1417 908 1446 horum
930 1418 1089 1447 librorum.
1145 1418 1273 1447 Primus
1296 1419 1441 1447 continet
1464 1419 1692 1458 gravissimam
1717 1419 1969 1458 disputationem
1993 1419 2033 1449 de
2055 1419 2121 1449 fine
2137 1419 2244 1449 homi-

222 1458 290 1494 nis,
313 1457 479 1486 secundus
502 1456 720 1487 definitionem
744 1458 905 1489 virtutis.''
949 1461 984 1489 ln
1008 1460 1088 1489 line:
1112 1460 1237 1498 „Nolui
1260 1460 1396 1490 delictos
1420 1461 1559 1491 lectores
1582 1461 1760 1491 immodicis
1783 1463 2024 1491 commentariis
2045 1463 2086 1491 ab
2108 1462 2244 1492 Aristo-

223 1500 296 1529 telis
319 1500 456 1529 lectione
479 1500 679 1538 absterrere,
703 1510 803 1539 quare
824 1503 1014 1542 praecipuos
1037 1504 1159 1532 autoris
1182 1503 1272 1532 locos
1296 1503 1494 1543 delegimus,
1525 1513 1665 1544 eosque,
1695 1510 1850 1543 quantum
1874 1506 1905 1534 in
1930 1505 1994 1534 ista
2016 1504 2178 1534 brevitate
2200 1504 2243 1534 li-

223 1543 305 1580 cuit,
336 1542 543 1580 popularibus
572 1542 682 1572 verbis
712 1545 942 1585 exposuimus,
973 1546 1126 1585 pleraque
1156 1546 1304 1576 consulto
1326 1548 1625 1587 praetermisimus,
1659 1557 1741 1587 qnae
1765 1548 1904 1588 diligens
1926 1548 2028 1577 lector
2053 1547 2149 1577 facile
2171 1548 2244 1576 sine

223 1586 400 1623 interprete
423 1587 645 1623 assequetur.''

304 1636 396 1666 llaec
419 1635 515 1665 editio
540 1645 656 1666 recusa
679 1641 729 1666 est
751 1636 932 1677 Haganoae
956 1637 1070 1676 1530„
1095 1638 1260 1669 Ciceronis
1282 1640 1370 1670 libris
1394 1639 1434 1670 de
1459 1640 1574 1670 officiis
1598 1650 1741 1679 annexa,
1765 1640 1811 1670 sic
1834 1641 2007 1679 inscripta:

349 1677 516 1710 Ciceronis
544 1676 655 1717 officia
686 1689 756 1709 cum
786 1679 918 1710 scholiis
941 1679 1188 1717 Meluntlmnis,
1219 1681 1294 1712 item
1326 1682 1361 1713 in
1383 1682 1578 1714 Aristotelis
1602 1682 1720 1714 Ethica
1751 1682 2006 1714 commentarius
2035 1680 2242 1714 doctissimus

390 1720 498 1750 eodem
521 1720 677 1751 ,ianime-e.
721 1722 902 1762 Hayanoae
926 1723 1018 1754 1530.
1053 1725 1083 1754 S.
1129 1726 1168 1754 19
1189 1725 1299 1765 plagg.

305 1772 419 1803 Altera
442 1772 539 1802 editio
563 1773 641 1802 libro
666 1774 760 1804 tertio
785 1780 817 1804 et
839 1776 950 1813 quinto
975 1775 1163 1806 Ethicorum
1187 1777 1378 1806 Aristotelis
1401 1782 1498 1807 aucta
1521 1777 1676 1816 inscripta
1699 1782 1766 1807 est:

346 1813 387 1845 In
409 1814 572 1854 primum,
600 1815 794 1856 secuudum,
826 1817 960 1848 tertium
983 1820 1014 1849 et
1036 1818 1185 1861 quinium
1210 1819 1404 1850 Ethicorum
1428 1819 1657 1850 commentarii
1680 1818 1767 1850 Phil.
1791 1817 1875 1850 Mel.
1925 1817 2118 1860 Veteberyae
2149 1818 2241 1850 1532.

387 1858 416 1888 S.
448 1857 487 1887 14
511 1859 619 1899 plagg.

306 1908 397 1938 Hanc
420 1909 496 1938 Mel.
519 1915 746 1940 commemorat
768 1911 799 1940 in
823 1912 926 1941 tribus
952 1912 991 1942 ad
1016 1913 1121 1942 Ioach.
1146 1913 1368 1944 Camerarium
1391 1914 1538 1953 epistolis
1562 1923 1645 1943 anno
1671 1912 1763 1943 1532.
1787 1913 1934 1951 scriptis,
1957 1913 1985 1941 2.
2009 1912 2102 1941 Maii:
2125 1911 2242 1951 „Vetti

222 1951 365 1989 quintum
390 1952 576 1982 Ethicorum
600 1963 717 1993 magno
741 1964 814 1984 cum
837 1955 963 1991 labore,
993 1961 1025 1984 et
1049 1955 1157 1986 addidi
1181 1958 1489 1986 commentariolum.
1545 1957 1615 1997 Ego
1640 1966 1712 1986 cum
1736 1956 1862 1985 habebo
1887 1955 2054 1994 exempla,
2084 1955 2140 1985 tibi
2162 1956 2241 1984 mit·-

224 1994 320 2022 tam.'”
352 1994 464 2033 (Corp.
489 1995 561 2025 Rel'.
586 1996 659 2025 Vol.
684 1997 724 2025 11.
747 2006 775 2036 p.
800 1997 907 2037 585),
939 1998 988 2027 19.
1012 1998 1104 2028 Maii:
1135 2000 1259 2037 „Mitto
1284 2001 1341 2029 tibi
1363 2001 1510 2039 quintum
1534 2000 1648 2029 librum
1672 1999 1876 2036 Ethicorum,
1906 2008 2000 2037 quem
2031 2002 2066 2028 ut
2088 1998 2240 2038 perlegas

222 2035 316 2066 valde
347 2042 379 2066 te
410 2047 482 2074 ow,
513 2042 545 2067 et
575 2039 750 2076 observes,
780 2040 807 2068 si
831 2041 906 2078 quid
935 2042 1027 2070 aliter
1051 2042 1153 2071 fnisse
1177 2042 1374 2072 reddendum
1399 2043 1619 2081 existimabis,
1649 2043 1715 2072 scis
1738 2042 1821 2070 enim
1847 2050 1943 2080 (piam
1967 2051 2079 2080 parum
2102 2040 2240 2071 habeam

223 2079 294 2111 otii,
317 2084 350 2108 et
374 2080 518 2118 prol'ccto
541 2090 640 2120 saepe
662 2081 869 2112 divinandum
893 2088 945 2113 est
967 2084 996 2112 in
1021 2085 1200 2115 Aristotele
1223 2092 1354 2124 propter
1378 2086 1582 2115 brevitatem.
1626 2085 1714 2114 Novi
1739 2090 1849 2113 autem
1873 2089 1961 2113 tuam
1985 2089 2016 2113 ct
2040 2084 2237 2123 diligentiam

223 2121 252 2149 in
277 2121 337 2150 hoc
359 2131 479 2161 genere
503 2124 554 2151 καὶ
580 2121 766 2163 demorata.-
788 2127 1008 2165 gratissimum
1031 2128 1108 2156 milii
1133 2127 1267 2167 seceris,
1292 2130 1319 2158 si
1343 2129 1416 2167 quid
1441 2123 1676 2158 emendaveris.
1720 2126 1791 2165 Ego
1814 2127 1846 2156 in
1870 2127 2030 2166 ambiguis
2051 2127 2131 2156 locis
2154 2125 2238 2155 verti

222 2162 273 2199 id,
304 2164 386 2202 quod
415 2165 688 2203 simplicissimum
718 2173 750 2196 et
780 2169 1000 2198 mollissimum
1024 2170 1214 2209 videbatur,
1243 2171 1302 2201 sed
1331 2177 1470 2211 expecto
1494 2180 1666 2201 censuram
1696 2176 1801 2209 tuam,
1834 2179 1896 2199 non
1922 2169 2128 2199 encomium.'’
2157 2168 2237 2206 (1.1.

223 2214 252 2244 p.
268 2206 376 2244 5890,
401 2212 433 2236 et
456 2207 488 2238 2.
504 2209 599 2238 Iunii:
622 2209 698 2247 „De
722 2210 832 2248 quinto
855 2211 1043 2242 Ethicorum
1066 2214 1178 2243 amabo
1202 2219 1252 2252 te,
1276 2215 1400 2244 scribas
1424 2214 1498 2243 mihi
1523 2219 1609 2243 tuam
1633 2221 1813 2243 censuram.
1860 2212 1893 2241 In
1917 2210 2145 2242 commentario
2166 2211 2237 2250 ipse

223 2248 395 2295 quaedam,
419 2259 491 2278 cum
515 2251 576 2281 erit
599 2252 672 2290 plus
696 2254 769 2291 otii,
793 2254 931 2283 conabor
956 2255 1091 2285 reddere
1115 2257 1258 2286 clariora.
1270 2257 1284 2268 ’⁵
1315 2257 1354 2296 (l.
1379 2257 1396 2286 l.
1422 2266 1452 2295 p.
1475 2256 1568 2295 595.)
1593 2273 1634 2277 —
1678 2256 1712 2285 In
1738 2255 1798 2284 hac
1822 2254 1981 2294 editione,
2010 2263 2091 2293 quae
2114 2254 2236 2292 primae

223 2291 373 2337 ambitum
399 2291 526 2321 dimidio
549 2299 698 2334 superat,
722 2295 835 2325 librum
858 2298 988 2328 tertium
1013 2299 1171 2337 breviter,
1196 2300 1341 2338 quintum
1365 2304 1491 2337 autem,
1514 2299 1544 2327 in
1569 2308 1631 2338 quo
1654 2298 1852 2328 Aristoteles
1875 2297 1915 2327 de
1938 2297 2061 2327 iustitia
2082 2295 2238 2335 disputat,

223 2342 351 2380 copiose
375 2333 549 2366 illustravit
571 2342 604 2366 et
628 2338 869 2368 translationem
893 2340 1016 2370 adiecit.
1061 2343 1095 2371 In
1121 2342 1259 2381 epistola
1283 2343 1516 2381 nuncupatoria
1531 2341 1719 2371 Clarissimo
1742 2342 1812 2370 viro
1836 2340 1998 2379 equestris
2021 2339 2141 2369 ordinis
2163 2338 2235 2369 Re-

222 2380 301 2404 ctori
324 2375 520 2423 Academiae
544 2379 795 2420 Vitebergensis
818 2382 924 2412 [ti-ico
948 2385 1082 2424 Sillingo
1095 2385 1148 2423 ²¹),
1170 2386 1326 2424 compatri
1349 2394 1408 2415 suo
1432 2386 1587 2423 inscripta
1611 2384 1726 2423 (Corp.
1751 2383 1824 2414 Res.
1848 2383 1920 2413 Vol.
1938 2383 1979 2412 11.
2003 2391 2033 2421 p.
2047 2381 2111 2412 585
2134 2382 2236 2420 sqq-J)

222 2426 317 2464 qnam
339 2418 418 2465 libro
440 2422 619 2457 praemisit.
648 2423 687 2452 de
712 2423 956 2455 difficultatibus
980 2427 1083 2456 bonae
1105 2428 1389 2457 Aristotelicorum
1412 2429 1562 2457 libroruin
1587 2427 1809 2457 translationis
1833 2430 1866 2454 et
1889 2424 1929 2454 de
1950 2434 2010 2455 suo
2033 2425 2141 2454 labore
2164 2424 2236 2453 dis-

222 2465 325 2506 serit3
360 2461 503 2507 ...Neque
527 2466 639 2502 vero'',
668 2466 783 2504 inquit,
812 2467 935 2505 „facile
960 2468 1115 2508 dixerim,
1145 2475 1265 2509 quanto
1290 2479 1362 2500 cum
1386 2471 1493 2500 labore
1515 2471 1671 2500 verterim
1694 2470 1779 2499 hunc
1801 2469 1916 2498 librum
1946 2477 1963 2497 e
1986 2476 2114 2507 graeco.
2168 2466 2235 2496 Sed

222 2501 251 2530 id
276 2503 523 2534 existimandum
547 2506 597 2536 his
621 2508 780 2548 relinquo,
810 2511 862 2548 qui
891 2511 922 2540 in
947 2511 1060 2542 eodem
1084 2523 1206 2553 genere
1229 2513 1400 2552 aliquando
1428 2513 1605 2552 perieulum
1628 2513 1794 2550 fecerunt,
1822 2519 1862 2541 ac
1884 2515 2003 2540 norunt
2025 2519 2118 2550 quam
2143 2510 2235 2540 disfi—

257 2625 283 2658 1)
303 2627 331 2650 In
353 2634 479 2653 sermone
497 2631 530 2652 de
548 2630 718 2661 corrigendis
737 2633 938 2660 adolescentiae
957 2637 1055 2661 studiis
1075 2638 1170 2669 (Corp.
1191 2639 1250 2665 Res.
1273 2640 1335 2664 voi.
1350 2639 1396 2663 XI.
1416 2647 1439 2670 p.
1455 2639 1513 2668 22.)
1532 2640 1613 2664 dicit:
1633 2639 1689 2665 ..Iu
1708 2637 1802 2668 primis
1822 2636 1864 2660 hic
1882 2637 2033 2662 eruditione
2052 2643 2151 2669 graeca
2163 2643 2232 2667 opus

289 2664 348 2700 est,
376 2669 442 2702 ‘tuae
462 2666 576 2703 naturae
595 2666 735 2689 scientiam
755 2667 913 2694 nniversam
938 2673 1141 2705 complectitur,
1166 2676 1196 2698 ut
1215 2675 1247 2699 de
1265 2675 1387 2699 moribus
1407 2675 1532 2705 apposite
1550 2680 1583 2699 ae
1599 2674 1711 2704 copiose
1731 2673 1821 2697 dicere
1840 2678 1934 2703 queas.
1971 2673 2120 2698 Plurimum
2138 2672 2231 2696 valent

286 2697 444 2720 Aristotelis
463 2699 594 2731 Mor-alia,
613 2700 702 2729 Leges
723 2700 862 2733 Platonis,
881 2704 1008 2730 Poetae.'’

251 2736 281 2767 ²)
301 2738 358 2763 Ull‘·
378 2739 512 2771 §tiringus
532 2748 554 2765 S·
572 2742 663 2771 potius
683 2742 865 2776 Schiuingus,
885 2752 917 2770 ex
936 2747 1032 2778 oppido
1051 2750 1202 2782 canstadt7
1219 2751 1355 2777 Pincerna
1372 2752 1494 2777 Ducatus
1513 2751 1638 2777 SuevIae.
