<?xml version="1.0" encoding="UTF-8"?>
<!DOCTYPE html PUBLIC "-//W3C//DTD XHTML 1.0 Transitional//EN"
    "http://www.w3.org/TR/xhtml1/DTD/xhtml1-transitional.dtd">
<html xmlns="http://www.w3.org/1999/xhtml" xml:lang="en" lang="en">
 <head>
  <title>
</title>
<meta http-equiv="Content-Type" content="text/html;charset=utf-8" />
  <meta name='ocr-system' content='tesseract 3.04.00' />
  <meta name='ocr-capabilities' content='ocr_page ocr_carea ocr_par ocr_line ocrx_word'/>
</head>
<body>
  <div class='ocr_page' id='page_1' title='image "./operaquaesupersu16melauoft/operaquaesupersu16melauoft_0298.png"; bbox 0 0 2347 3000; ppageno 0'>
   <div class='ocr_carea' id='block_1_1' title="bbox 178 107 251 142">
    <p class='ocr_par' dir='ltr' id='par_1_1' title="bbox 178 107 251 142">
     <span class='ocr_line' id='line_1_1' title="bbox 178 107 251 142; baseline 0 0"><span class='ocrx_word' id='word_1_1' title='bbox 178 107 251 142; x_wconf 87' lang='grc'>567</span> 
     </span>
    </p>
   </div>
   <div class='ocr_carea' id='block_1_2' title="bbox 180 192 1185 1459">
    <p class='ocr_par' dir='ltr' id='par_1_2' title="bbox 180 192 1177 692">
     <span class='ocr_line' id='line_1_2' title="bbox 278 192 1168 237; baseline -0.001 -11"><span class='ocrx_word' id='word_1_2' title='bbox 278 193 455 226; x_wconf 84' lang='lat' dir='ltr'>Hactenus</span> <span class='ocrx_word' id='word_1_3' title='bbox 485 192 557 225; x_wconf 79' lang='lat' dir='ltr'>dixi</span> <span class='ocrx_word' id='word_1_4' title='bbox 587 200 814 237; x_wconf 79' lang='lat' dir='ltr'>praeceptum</span> <span class='ocrx_word' id='word_1_5' title='bbox 851 205 923 225; x_wconf 86' lang='lat' dir='ltr'>esse</span> <span class='ocrx_word' id='word_1_6' title='bbox 953 193 1168 236; x_wconf 77' lang='lat' dir='ltr'>magistrati-</span> 
     </span>
     <span class='ocr_line' id='line_1_3' title="bbox 180 244 1169 287; baseline 0 -10"><span class='ocrx_word' id='word_1_7' title='bbox 180 246 264 284; x_wconf 84' lang='lat' dir='ltr'>bus,</span> <span class='ocrx_word' id='word_1_8' title='bbox 291 251 329 278; x_wconf 89' lang='lat' dir='ltr'>ut</span> <span class='ocrx_word' id='word_1_9' title='bbox 348 245 441 277; x_wconf 75' lang='lat' dir='ltr'>iuxta</span> <span class='ocrx_word' id='word_1_10' title='bbox 462 245 573 287; x_wconf 73' lang='lat' dir='ltr'>legem</span> <span class='ocrx_word' id='word_1_11' title='bbox 591 251 686 276; x_wconf 86' lang='lat' dir='ltr'>certo</span> <span class='ocrx_word' id='word_1_12' title='bbox 709 244 833 275; x_wconf 81' lang='lat' dir='ltr'>ordine</span> <span class='ocrx_word' id='word_1_13' title='bbox 859 244 1049 277; x_wconf 77' lang='lat' dir='ltr'>vindictam</span> <span class='ocrx_word' id='word_1_14' title='bbox 1073 257 1169 277; x_wconf 82' lang='lat' dir='ltr'>exer-</span> 
     </span>
     <span class='ocr_line' id='line_1_4' title="bbox 182 295 1168 337; baseline -0.001 -9"><span class='ocrx_word' id='word_1_15' title='bbox 182 302 300 334; x_wconf 84' lang='lat' dir='ltr'>ceant,</span> <span class='ocrx_word' id='word_1_16' title='bbox 329 301 450 329; x_wconf 84' lang='lat' dir='ltr'>contra</span> <span class='ocrx_word' id='word_1_17' title='bbox 470 295 625 337; x_wconf 72' lang='lat' dir='ltr'>singulos</span> <span class='ocrx_word' id='word_1_18' title='bbox 644 295 817 332; x_wconf 87' lang='lat' dir='ltr'>latrones,</span> <span class='ocrx_word' id='word_1_19' title='bbox 846 301 907 327; x_wconf 89' lang='lat' dir='ltr'>aut</span> <span class='ocrx_word' id='word_1_20' title='bbox 925 296 1066 329; x_wconf 83' lang='lat' dir='ltr'>multos.</span> <span class='ocrx_word' id='word_1_21' title='bbox 1102 296 1168 328; x_wconf 88' lang='lat' dir='ltr'>Sed</span> 
     </span>
     <span class='ocr_line' id='line_1_5' title="bbox 185 345 1171 390; baseline 0 -12"><span class='ocrx_word' id='word_1_22' title='bbox 185 347 339 390; x_wconf 67' lang='lat' dir='ltr'>privatas</span> <span class='ocrx_word' id='word_1_23' title='bbox 358 358 526 390; x_wconf 81' lang='lat' dir='ltr'>personas</span> <span class='ocrx_word' id='word_1_24' title='bbox 545 345 617 377; x_wconf 78' lang='lat' dir='ltr'>vult</span> <span class='ocrx_word' id='word_1_25' title='bbox 634 345 727 377; x_wconf 83' lang='lat' dir='ltr'>Dens</span> <span class='ocrx_word' id='word_1_26' title='bbox 746 345 870 377; x_wconf 88' lang='lat' dir='ltr'>ordine</span> <span class='ocrx_word' id='word_1_27' title='bbox 895 352 928 377; x_wconf 87' lang='lat' dir='ltr'>et.</span> <span class='ocrx_word' id='word_1_28' title='bbox 955 347 1068 378; x_wconf 70' lang='lat' dir='ltr'>ol‘ticio</span> <span class='ocrx_word' id='word_1_29' title='bbox 1096 359 1171 379; x_wconf 75' lang='lat' dir='ltr'>nia-</span> 
     </span>
     <span class='ocr_line' id='line_1_6' title="bbox 184 396 1172 440; baseline 0 -11"><span class='ocrx_word' id='word_1_30' title='bbox 184 397 392 439; x_wconf 66' lang='lat' dir='ltr'>gistratuum</span> <span class='ocrx_word' id='word_1_31' title='bbox 411 396 569 435; x_wconf 72' lang='lat' dir='ltr'>defendi,</span> <span class='ocrx_word' id='word_1_32' title='bbox 596 408 667 427; x_wconf 85' lang='lat' dir='ltr'>non</span> <span class='ocrx_word' id='word_1_33' title='bbox 692 396 767 427; x_wconf 73' lang='lat' dir='ltr'>vnlt</span> <span class='ocrx_word' id='word_1_34' title='bbox 793 397 981 440; x_wconf 77' lang='lat' dir='ltr'>quemlibet</span> <span class='ocrx_word' id='word_1_35' title='bbox 1002 398 1067 430; x_wconf 82' lang='lat' dir='ltr'>sibi</span> <span class='ocrx_word' id='word_1_36' title='bbox 1083 397 1172 430; x_wconf 85' lang='lat' dir='ltr'>iudi—</span> 
     </span>
     <span class='ocr_line' id='line_1_7' title="bbox 186 446 1173 491; baseline 0 -11"><span class='ocrx_word' id='word_1_37' title='bbox 186 461 259 480; x_wconf 82' lang='lat' dir='ltr'>cem</span> <span class='ocrx_word' id='word_1_38' title='bbox 279 448 502 481; x_wconf 63' lang='lat' dir='ltr'>etxi1ulic1=m</span> <span class='ocrx_word' id='word_1_39' title='bbox 522 458 593 479; x_wconf 89' lang='lat' dir='ltr'>csse</span> <span class='ocrx_word' id='word_1_40' title='bbox 611 452 644 478; x_wconf 81' lang='lat' dir='ltr'>et</span> <span class='ocrx_word' id='word_1_41' title='bbox 667 446 864 491; x_wconf 87' lang='lat' dir='ltr'>irrumpere</span> <span class='ocrx_word' id='word_1_42' title='bbox 892 448 925 479; x_wconf 86' lang='lat' dir='ltr'>in</span> <span class='ocrx_word' id='word_1_43' title='bbox 951 449 1084 480; x_wconf 74' lang='lat' dir='ltr'>alienas</span> <span class='ocrx_word' id='word_1_44' title='bbox 1111 450 1173 480; x_wconf 86' lang='lat' dir='ltr'>do—</span> 
     </span>
     <span class='ocr_line' id='line_1_8' title="bbox 186 497 1174 542; baseline -0.001 -11"><span class='ocrx_word' id='word_1_45' title='bbox 186 512 282 537; x_wconf 59' lang='lat'>11&#39;105,</span> <span class='ocrx_word' id='word_1_46' title='bbox 312 505 371 530; x_wconf 86' lang='lat' dir='ltr'>aut</span> <span class='ocrx_word' id='word_1_47' title='bbox 389 508 530 529; x_wconf 78' lang='lat' dir='ltr'>movere</span> <span class='ocrx_word' id='word_1_48' title='bbox 547 497 747 530; x_wconf 82' lang='lat' dir='ltr'>seditiones.</span> <span class='ocrx_word' id='word_1_49' title='bbox 809 500 926 542; x_wconf 79' lang='lat' dir='ltr'>Quare</span> <span class='ocrx_word' id='word_1_50' title='bbox 945 500 1035 531; x_wconf 78' lang='lat' dir='ltr'>dicta</span> <span class='ocrx_word' id='word_1_51' title='bbox 1055 498 1174 542; x_wconf 73' lang='lat' dir='ltr'>prolii-</span> 
     </span>
     <span class='ocr_line' id='line_1_9' title="bbox 186 548 1175 593; baseline -0.001 -10"><span class='ocrx_word' id='word_1_52' title='bbox 186 550 304 583; x_wconf 82' lang='lat' dir='ltr'>bentia</span> <span class='ocrx_word' id='word_1_53' title='bbox 324 548 536 586; x_wconf 62' lang='lat' dir='ltr'>vindictam,</span> <span class='ocrx_word' id='word_1_54' title='bbox 564 549 608 579; x_wconf 86' lang='lat' dir='ltr'>ad</span> <span class='ocrx_word' id='word_1_55' title='bbox 625 548 780 591; x_wconf 75' lang='lat' dir='ltr'>privatas</span> <span class='ocrx_word' id='word_1_56' title='bbox 799 562 966 593; x_wconf 85' lang='lat' dir='ltr'>personas</span> <span class='ocrx_word' id='word_1_57' title='bbox 986 551 1175 593; x_wconf 81' lang='lat' dir='ltr'>pertinent,</span> 
     </span>
     <span class='ocr_line' id='line_1_10' title="bbox 188 597 1177 645; baseline 0.001 -13"><span class='ocrx_word' id='word_1_58' title='bbox 188 607 221 633; x_wconf 83' lang='lat' dir='ltr'>et</span> <span class='ocrx_word' id='word_1_59' title='bbox 255 597 443 643; x_wconf 79' lang='lat' dir='ltr'>prohibent</span> <span class='ocrx_word' id='word_1_60' title='bbox 475 610 616 631; x_wconf 87' lang='lat' dir='ltr'>omnem</span> <span class='ocrx_word' id='word_1_61' title='bbox 647 599 858 640; x_wconf 71' lang='lat' dir='ltr'>vindictam,</span> <span class='ocrx_word' id='word_1_62' title='bbox 903 614 992 645; x_wconf 77' lang='lat' dir='ltr'>qnae</span> <span class='ocrx_word' id='word_1_63' title='bbox 1024 614 1095 633; x_wconf 90' lang='lat' dir='ltr'>non</span> <span class='ocrx_word' id='word_1_64' title='bbox 1126 607 1177 633; x_wconf 81' lang='lat' dir='ltr'>est</span> 
     </span>
     <span class='ocr_line' id='line_1_11' title="bbox 190 649 777 692; baseline -0.003 -9"><span class='ocrx_word' id='word_1_65' title='bbox 190 651 354 683; x_wconf 84' lang='lat' dir='ltr'>mandata</span> <span class='ocrx_word' id='word_1_66' title='bbox 374 656 405 681; x_wconf 89' lang='lat' dir='ltr'>et</span> <span class='ocrx_word' id='word_1_67' title='bbox 426 649 588 682; x_wconf 83' lang='lat' dir='ltr'>ordinata</span> <span class='ocrx_word' id='word_1_68' title='bbox 607 649 680 692; x_wconf 76' lang='lat' dir='ltr'>lege</span> <span class='ocrx_word' id='word_1_69' title='bbox 700 650 777 683; x_wconf 85' lang='lat' dir='ltr'>Dei.</span> 
     </span>
    </p>

    <p class='ocr_par' dir='ltr' id='par_1_3' title="bbox 189 700 1183 1249">
     <span class='ocr_line' id='line_1_12' title="bbox 290 700 1177 744; baseline 0 -11"><span class='ocrx_word' id='word_1_70' title='bbox 290 700 347 733; x_wconf 76' lang='lat' dir='ltr'>Sic</span> <span class='ocrx_word' id='word_1_71' title='bbox 377 700 484 743; x_wconf 66' lang='lat' dir='ltr'>igitur</span> <span class='ocrx_word' id='word_1_72' title='bbox 514 702 799 744; x_wconf 85' lang='lat' dir='ltr'>respondendum</span> <span class='ocrx_word' id='word_1_73' title='bbox 835 708 885 734; x_wconf 87' lang='lat' dir='ltr'>cst</span> <span class='ocrx_word' id='word_1_74' title='bbox 916 703 957 734; x_wconf 84' lang='lat' dir='ltr'>de</span> <span class='ocrx_word' id='word_1_75' title='bbox 983 702 1084 735; x_wconf 83' lang='lat' dir='ltr'>dictis</span> <span class='ocrx_word' id='word_1_76' title='bbox 1111 702 1177 734; x_wconf 80' lang='lat' dir='ltr'>illis</span> 
     </span>
     <span class='ocr_line' id='line_1_13' title="bbox 189 751 1178 797; baseline 0.002 -14"><span class='ocrx_word' id='word_1_77' title='bbox 189 752 310 797; x_wconf 76' lang='lat' dir='ltr'>(Rom.</span> <span class='ocrx_word' id='word_1_78' title='bbox 330 752 387 789; x_wconf 72' lang='grc'>12,</span> <span class='ocrx_word' id='word_1_79' title='bbox 411 751 504 796; x_wconf 85' lang='grc'>19.);</span> <span class='ocrx_word' id='word_1_80' title='bbox 546 752 627 785; x_wconf 55' lang='lat' dir='ltr'>Bon</span> <span class='ocrx_word' id='word_1_81' title='bbox 653 752 872 785; x_wconf 64' lang='lat' dir='ltr'>vindicantes</span> <span class='ocrx_word' id='word_1_82' title='bbox 904 760 1041 786; x_wconf 65' lang='lat' dir='ltr'>vosmet</span> <span class='ocrx_word' id='word_1_83' title='bbox 1073 754 1178 797; x_wconf 86' lang='lat' dir='ltr'>ipsos,</span> 
     </span>
     <span class='ocr_line' id='line_1_14' title="bbox 190 801 1176 846; baseline 0.001 -11"><span class='ocrx_word' id='word_1_84' title='bbox 190 803 321 836; x_wconf 84' lang='lat' dir='ltr'>scilicet</span> <span class='ocrx_word' id='word_1_85' title='bbox 345 802 483 846; x_wconf 71' lang='lat' dir='ltr'>privata</span> <span class='ocrx_word' id='word_1_86' title='bbox 508 802 681 843; x_wconf 60' lang='lat' dir='ltr'>vindicta,</span> <span class='ocrx_word' id='word_1_87' title='bbox 716 801 782 835; x_wconf 77' lang='lat' dir='ltr'>linc</span> <span class='ocrx_word' id='word_1_88' title='bbox 809 811 877 843; x_wconf 77' lang='lat' dir='ltr'>est,</span> <span class='ocrx_word' id='word_1_89' title='bbox 915 817 988 837; x_wconf 88' lang='lat' dir='ltr'>non</span> <span class='ocrx_word' id='word_1_90' title='bbox 1015 805 1176 836; x_wconf 83' lang='lat' dir='ltr'>ordinata</span> 
     </span>
     <span class='ocr_line' id='line_1_15' title="bbox 190 851 1177 900; baseline 0.002 -15"><span class='ocrx_word' id='word_1_91' title='bbox 190 855 263 897; x_wconf 77' lang='lat' dir='ltr'>lege</span> <span class='ocrx_word' id='word_1_92' title='bbox 276 853 353 886; x_wconf 86' lang='lat' dir='ltr'>Dei.</span> <span class='ocrx_word' id='word_1_93' title='bbox 389 852 435 886; x_wconf 79' lang='lat' dir='ltr'>Et</span> <span class='ocrx_word' id='word_1_94' title='bbox 451 851 518 885; x_wconf 78' lang='lat' dir='ltr'>lluc</span> <span class='ocrx_word' id='word_1_95' title='bbox 535 853 688 898; x_wconf 87' lang='lat' dir='ltr'>pertinet</span> <span class='ocrx_word' id='word_1_96' title='bbox 709 855 840 886; x_wconf 82' lang='lat' dir='ltr'>dictum</span> <span class='ocrx_word' id='word_1_97' title='bbox 863 854 984 900; x_wconf 69' lang='lat' dir='ltr'>(l&#39;tom.</span> <span class='ocrx_word' id='word_1_98' title='bbox 1005 856 1063 894; x_wconf 70' lang='lat'>12,</span> <span class='ocrx_word' id='word_1_99' title='bbox 1085 856 1177 899; x_wconf 82' lang='lat'>19.):</span> 
     </span>
     <span class='ocr_line' id='line_1_16' title="bbox 192 903 1181 948; baseline 0.002 -11"><span class='ocrx_word' id='word_1_100' title='bbox 192 903 282 938; x_wconf 83' lang='lat' dir='ltr'>Mihi</span> <span class='ocrx_word' id='word_1_101' title='bbox 308 905 521 943; x_wconf 60' lang='lat' dir='ltr'>vlnditsstanl,</span> <span class='ocrx_word' id='word_1_102' title='bbox 563 911 596 937; x_wconf 85' lang='lat' dir='ltr'>et</span> <span class='ocrx_word' id='word_1_103' title='bbox 620 917 683 948; x_wconf 76' lang='lat' dir='ltr'>ego</span> <span class='ocrx_word' id='word_1_104' title='bbox 707 906 922 947; x_wconf 73' lang='lat' dir='ltr'>retribuam,</span> <span class='ocrx_word' id='word_1_105' title='bbox 967 907 1098 939; x_wconf 74' lang='lat' dir='ltr'>scilicet</span> <span class='ocrx_word' id='word_1_106' title='bbox 1120 913 1181 938; x_wconf 83' lang='lat' dir='ltr'>ant</span> 
     </span>
     <span class='ocr_line' id='line_1_17' title="bbox 192 955 1181 1000; baseline 0.001 -12"><span class='ocrx_word' id='word_1_107' title='bbox 192 968 255 1000; x_wconf 87' lang='lat' dir='ltr'>per</span> <span class='ocrx_word' id='word_1_108' title='bbox 271 968 325 988; x_wconf 88' lang='lat' dir='ltr'>me</span> <span class='ocrx_word' id='word_1_109' title='bbox 345 955 565 995; x_wconf 85' lang='lat' dir='ltr'>immediate,</span> <span class='ocrx_word' id='word_1_110' title='bbox 604 962 641 988; x_wconf 82' lang='lat' dir='ltr'>nt</span> <span class='ocrx_word' id='word_1_111' title='bbox 664 957 810 999; x_wconf 86' lang='lat' dir='ltr'>punitur</span> <span class='ocrx_word' id='word_1_112' title='bbox 829 955 986 990; x_wconf 82' lang='lat' dir='ltr'>Pharao:</span> <span class='ocrx_word' id='word_1_113' title='bbox 1024 964 1084 990; x_wconf 89' lang='lat' dir='ltr'>aut</span> <span class='ocrx_word' id='word_1_114' title='bbox 1110 970 1181 989; x_wconf 90' lang='lat' dir='ltr'>me-</span> 
     </span>
     <span class='ocr_line' id='line_1_18' title="bbox 193 1007 1181 1052; baseline 0.001 -13"><span class='ocrx_word' id='word_1_115' title='bbox 193 1007 286 1039; x_wconf 84' lang='lat' dir='ltr'>diate</span> <span class='ocrx_word' id='word_1_116' title='bbox 304 1019 366 1051; x_wconf 85' lang='lat' dir='ltr'>per</span> <span class='ocrx_word' id='word_1_117' title='bbox 383 1007 628 1049; x_wconf 73' lang='lat' dir='ltr'>magistratum</span> <span class='ocrx_word' id='word_1_118' title='bbox 648 1013 686 1039; x_wconf 88' lang='lat' dir='ltr'>ut</span> <span class='ocrx_word' id='word_1_119' title='bbox 705 1007 850 1051; x_wconf 86' lang='lat' dir='ltr'>punitur</span> <span class='ocrx_word' id='word_1_120' title='bbox 870 1009 1019 1041; x_wconf 85' lang='lat' dir='ltr'>Catilina</span> <span class='ocrx_word' id='word_1_121' title='bbox 1046 1021 1108 1052; x_wconf 84' lang='lat' dir='ltr'>per</span> <span class='ocrx_word' id='word_1_122' title='bbox 1126 1009 1181 1040; x_wconf 83' lang='lat' dir='ltr'>Ci-</span> 
     </span>
     <span class='ocr_line' id='line_1_19' title="bbox 193 1057 1182 1104; baseline 0 -13"><span class='ocrx_word' id='word_1_123' title='bbox 193 1071 378 1097; x_wconf 82' lang='lat' dir='ltr'>ceronem,</span> <span class='ocrx_word' id='word_1_124' title='bbox 406 1057 583 1090; x_wconf 88' lang='lat' dir='ltr'>Antonius</span> <span class='ocrx_word' id='word_1_125' title='bbox 607 1070 668 1100; x_wconf 90' lang='lat' dir='ltr'>per</span> <span class='ocrx_word' id='word_1_126' title='bbox 682 1059 899 1101; x_wconf 70' lang='lat' dir='ltr'>Augustum,</span> <span class='ocrx_word' id='word_1_127' title='bbox 927 1060 1096 1104; x_wconf 64' lang='lat' dir='ltr'>Astyages</span> <span class='ocrx_word' id='word_1_128' title='bbox 1118 1072 1182 1103; x_wconf 82' lang='lat' dir='ltr'>per</span> 
     </span>
     <span class='ocr_line' id='line_1_20' title="bbox 194 1108 1183 1154; baseline -0.001 -12"><span class='ocrx_word' id='word_1_129' title='bbox 194 1110 338 1154; x_wconf 59' lang='lat' dir='ltr'>Cyrum.</span> <span class='ocrx_word' id='word_1_130' title='bbox 390 1109 481 1142; x_wconf 75' lang='lat' dir='ltr'>Nam</span> <span class='ocrx_word' id='word_1_131' title='bbox 498 1115 531 1140; x_wconf 86' lang='lat' dir='ltr'>et</span> <span class='ocrx_word' id='word_1_132' title='bbox 549 1108 722 1149; x_wconf 75' lang='lat' dir='ltr'>vindicta,</span> <span class='ocrx_word' id='word_1_133' title='bbox 751 1122 856 1154; x_wconf 85' lang='lat' dir='ltr'>qnam</span> <span class='ocrx_word' id='word_1_134' title='bbox 877 1111 1031 1153; x_wconf 76' lang='lat' dir='ltr'>legitime</span> <span class='ocrx_word' id='word_1_135' title='bbox 1048 1117 1183 1143; x_wconf 76' lang='lat' dir='ltr'>exercet</span> 
     </span>
     <span class='ocr_line' id='line_1_21' title="bbox 195 1158 1183 1205; baseline 0.001 -13"><span class='ocrx_word' id='word_1_136' title='bbox 195 1160 438 1203; x_wconf 74' lang='lat' dir='ltr'>magistratus,</span> <span class='ocrx_word' id='word_1_137' title='bbox 467 1165 517 1191; x_wconf 87' lang='lat' dir='ltr'>est</span> <span class='ocrx_word' id='word_1_138' title='bbox 537 1158 603 1191; x_wconf 74' lang='lat' dir='ltr'>Dei</span> <span class='ocrx_word' id='word_1_139' title='bbox 620 1172 727 1202; x_wconf 85' lang='lat' dir='ltr'>opus,</span> <span class='ocrx_word' id='word_1_140' title='bbox 756 1161 817 1205; x_wconf 82' lang='lat' dir='ltr'>qui</span> <span class='ocrx_word' id='word_1_141' title='bbox 834 1174 910 1193; x_wconf 83' lang='lat' dir='ltr'>eam</span> <span class='ocrx_word' id='word_1_142' title='bbox 934 1162 1098 1201; x_wconf 83' lang='lat' dir='ltr'>mandat,</span> <span class='ocrx_word' id='word_1_143' title='bbox 1128 1173 1183 1193; x_wconf 88' lang='lat' dir='ltr'>or-</span> 
     </span>
     <span class='ocr_line' id='line_1_22' title="bbox 195 1211 679 1249; baseline -0.002 -5"><span class='ocrx_word' id='word_1_144' title='bbox 195 1211 313 1249; x_wconf 87' lang='lat' dir='ltr'>dinat,</span> <span class='ocrx_word' id='word_1_145' title='bbox 341 1211 485 1243; x_wconf 85' lang='lat' dir='ltr'>adiuvat</span> <span class='ocrx_word' id='word_1_146' title='bbox 501 1215 533 1241; x_wconf 83' lang='lat' dir='ltr'>et</span> <span class='ocrx_word' id='word_1_147' title='bbox 552 1216 679 1243; x_wconf 88' lang='lat' dir='ltr'>tuetur.</span> 
     </span>
    </p>

    <p class='ocr_par' dir='ltr' id='par_1_4' title="bbox 196 1260 1185 1459">
     <span class='ocr_line' id='line_1_23' title="bbox 298 1260 1184 1307; baseline 0.001 -14"><span class='ocrx_word' id='word_1_148' title='bbox 298 1261 388 1293; x_wconf 83' lang='lat' dir='ltr'>Hinc</span> <span class='ocrx_word' id='word_1_149' title='bbox 405 1261 497 1303; x_wconf 81' lang='lat' dir='ltr'>leges</span> <span class='ocrx_word' id='word_1_150' title='bbox 513 1260 596 1292; x_wconf 86' lang='lat' dir='ltr'>belli</span> <span class='ocrx_word' id='word_1_151' title='bbox 619 1267 828 1301; x_wconf 88' lang='lat' dir='ltr'>sumuntur,</span> <span class='ocrx_word' id='word_1_152' title='bbox 866 1264 1010 1307; x_wconf 87' lang='lat' dir='ltr'>quando</span> <span class='ocrx_word' id='word_1_153' title='bbox 1036 1263 1125 1295; x_wconf 84' lang='lat' dir='ltr'>iusta</span> <span class='ocrx_word' id='word_1_154' title='bbox 1151 1268 1184 1294; x_wconf 90' lang='lat' dir='ltr'>et</span> 
     </span>
     <span class='ocr_line' id='line_1_24' title="bbox 196 1312 1185 1357; baseline 0 -11"><span class='ocrx_word' id='word_1_155' title='bbox 196 1312 390 1346; x_wconf 80' lang='lat' dir='ltr'>necessaria</span> <span class='ocrx_word' id='word_1_156' title='bbox 406 1318 488 1345; x_wconf 86' lang='lat' dir='ltr'>sunt</span> <span class='ocrx_word' id='word_1_157' title='bbox 504 1312 611 1350; x_wconf 77' lang='lat' dir='ltr'>bella3</span> <span class='ocrx_word' id='word_1_158' title='bbox 647 1312 774 1345; x_wconf 89' lang='lat' dir='ltr'>deinde.</span> <span class='ocrx_word' id='word_1_159' title='bbox 798 1312 875 1357; x_wconf 85' lang='lat' dir='ltr'>quis</span> <span class='ocrx_word' id='word_1_160' title='bbox 900 1315 1027 1346; x_wconf 87' lang='lat' dir='ltr'>modus</span> <span class='ocrx_word' id='word_1_161' title='bbox 1049 1320 1083 1346; x_wconf 82' lang='lat' dir='ltr'>et</span> <span class='ocrx_word' id='word_1_162' title='bbox 1106 1313 1185 1346; x_wconf 83' lang='lat' dir='ltr'>finis</span> 
     </span>
     <span class='ocr_line' id='line_1_25' title="bbox 196 1363 1185 1408; baseline -0.001 -11"><span class='ocrx_word' id='word_1_163' title='bbox 196 1377 266 1397; x_wconf 89' lang='lat' dir='ltr'>esse</span> <span class='ocrx_word' id='word_1_164' title='bbox 284 1364 427 1401; x_wconf 77' lang='lat' dir='ltr'>debeat3</span> <span class='ocrx_word' id='word_1_165' title='bbox 463 1363 545 1395; x_wconf 86' lang='lat' dir='ltr'>item</span> <span class='ocrx_word' id='word_1_166' title='bbox 564 1375 654 1408; x_wconf 80' lang='lat' dir='ltr'>quae</span> <span class='ocrx_word' id='word_1_167' title='bbox 671 1363 741 1396; x_wconf 83' lang='lat' dir='ltr'>sint</span> <span class='ocrx_word' id='word_1_168' title='bbox 765 1376 927 1398; x_wconf 83' lang='lat' dir='ltr'>concessa</span> <span class='ocrx_word' id='word_1_169' title='bbox 954 1371 1077 1398; x_wconf 79' lang='lat' dir='ltr'>contra</span> <span class='ocrx_word' id='word_1_170' title='bbox 1101 1365 1185 1408; x_wconf 77' lang='lat' dir='ltr'>legi-</span> 
     </span>
     <span class='ocr_line' id='line_1_26' title="bbox 197 1413 857 1459; baseline 0.002 -12"><span class='ocrx_word' id='word_1_171' title='bbox 197 1416 302 1448; x_wconf 84' lang='lat' dir='ltr'>timos</span> <span class='ocrx_word' id='word_1_172' title='bbox 320 1413 456 1454; x_wconf 83' lang='lat' dir='ltr'>hostes,</span> <span class='ocrx_word' id='word_1_173' title='bbox 484 1426 573 1459; x_wconf 85' lang='lat' dir='ltr'>quae</span> <span class='ocrx_word' id='word_1_174' title='bbox 591 1426 664 1446; x_wconf 88' lang='lat' dir='ltr'>non</span> <span class='ocrx_word' id='word_1_175' title='bbox 682 1426 857 1449; x_wconf 87' lang='lat' dir='ltr'>concessa.</span> 
     </span>
    </p>
   </div>
   <div class='ocr_carea' id='block_1_3' title="bbox 543 1498 835 1543">
    <p class='ocr_par' dir='ltr' id='par_1_5' title="bbox 543 1498 835 1543">
     <span class='ocr_line' id='line_1_27' title="bbox 543 1498 835 1543; baseline 0.003 -12"><span class='ocrx_word' id='word_1_176' title='bbox 543 1498 679 1543; x_wconf 82' lang='lat' dir='ltr'><strong>Leges</strong></span> <span class='ocrx_word' id='word_1_177' title='bbox 711 1500 835 1533; x_wconf 86' lang='lat' dir='ltr'>belli.</span> 
     </span>
    </p>
   </div>
   <div class='ocr_carea' id='block_1_4' title="bbox 201 1565 1191 2480">
    <p class='ocr_par' dir='ltr' id='par_1_6' title="bbox 201 1565 1191 2317">
     <span class='ocr_line' id='line_1_28' title="bbox 304 1565 1187 1613; baseline 0.002 -13"><span class='ocrx_word' id='word_1_178' title='bbox 304 1566 481 1611; x_wconf 83' lang='lat' dir='ltr'>Scriptum</span> <span class='ocrx_word' id='word_1_179' title='bbox 499 1573 550 1600; x_wconf 85' lang='lat' dir='ltr'>est</span> <span class='ocrx_word' id='word_1_180' title='bbox 571 1565 713 1611; x_wconf 80' lang='lat' dir='ltr'>(Ezech.</span> <span class='ocrx_word' id='word_1_181' title='bbox 732 1570 792 1606; x_wconf 73' lang='lat'>20,</span> <span class='ocrx_word' id='word_1_182' title='bbox 811 1568 903 1613; x_wconf 81' lang='grc'>19.);</span> <span class='ocrx_word' id='word_1_183' title='bbox 931 1567 970 1600; x_wconf 90' lang='lat' dir='ltr'>In</span> <span class='ocrx_word' id='word_1_184' title='bbox 990 1568 1187 1612; x_wconf 78' lang='lat' dir='ltr'>praeceptis</span> 
     </span>
     <span class='ocr_line' id='line_1_29' title="bbox 201 1617 1187 1659; baseline 0.002 -9"><span class='ocrx_word' id='word_1_185' title='bbox 201 1617 288 1651; x_wconf 85' lang='lat' dir='ltr'>meis</span> <span class='ocrx_word' id='word_1_186' title='bbox 304 1618 492 1651; x_wconf 83' lang='lat' dir='ltr'>ambulate.</span> <span class='ocrx_word' id='word_1_187' title='bbox 552 1618 624 1651; x_wconf 56' lang='lat' dir='ltr'>hec</span> <span class='ocrx_word' id='word_1_188' title='bbox 652 1625 761 1651; x_wconf 81' lang='lat' dir='ltr'>cessat</span> <span class='ocrx_word' id='word_1_189' title='bbox 781 1620 835 1652; x_wconf 72' lang='lat' dir='ltr'>lex</span> <span class='ocrx_word' id='word_1_190' title='bbox 852 1619 918 1651; x_wconf 87' lang='lat' dir='ltr'>Dei</span> <span class='ocrx_word' id='word_1_191' title='bbox 942 1619 1034 1651; x_wconf 88' lang='lat' dir='ltr'>inter</span> <span class='ocrx_word' id='word_1_192' title='bbox 1058 1617 1187 1659; x_wconf 82' lang='lat' dir='ltr'>hostes,</span> 
     </span>
     <span class='ocr_line' id='line_1_30' title="bbox 201 1669 1187 1714; baseline 0 -12"><span class='ocrx_word' id='word_1_193' title='bbox 201 1675 240 1702; x_wconf 89' lang='lat' dir='ltr'>ut</span> <span class='ocrx_word' id='word_1_194' title='bbox 263 1680 468 1714; x_wconf 77' lang='lat' dir='ltr'>quanquam</span> <span class='ocrx_word' id='word_1_195' title='bbox 492 1681 619 1713; x_wconf 86' lang='lat' dir='ltr'>sponsa</span> <span class='ocrx_word' id='word_1_196' title='bbox 647 1669 791 1702; x_wconf 82' lang='lat' dir='ltr'>alterins</span> <span class='ocrx_word' id='word_1_197' title='bbox 815 1671 965 1702; x_wconf 82' lang='lat' dir='ltr'>adducta</span> <span class='ocrx_word' id='word_1_198' title='bbox 988 1670 1032 1702; x_wconf 87' lang='lat' dir='ltr'>ad</span> <span class='ocrx_word' id='word_1_199' title='bbox 1054 1670 1187 1714; x_wconf 86' lang='lat' dir='ltr'>Scipio-</span> 
     </span>
     <span class='ocr_line' id='line_1_31' title="bbox 201 1717 1188 1765; baseline 0.001 -13"><span class='ocrx_word' id='word_1_200' title='bbox 201 1732 283 1753; x_wconf 85' lang='lat' dir='ltr'>nem</span> <span class='ocrx_word' id='word_1_201' title='bbox 312 1727 412 1764; x_wconf 79' lang='lat' dir='ltr'>capta</span> <span class='ocrx_word' id='word_1_202' title='bbox 438 1726 489 1752; x_wconf 89' lang='lat' dir='ltr'>est</span> <span class='ocrx_word' id='word_1_203' title='bbox 512 1732 553 1752; x_wconf 79' lang='lat' dir='ltr'>ex</span> <span class='ocrx_word' id='word_1_204' title='bbox 576 1717 809 1765; x_wconf 60' lang='lat' dir='ltr'>hostibusffi),</span> <span class='ocrx_word' id='word_1_205' title='bbox 847 1727 965 1753; x_wconf 80' lang='lat' dir='ltr'>tamen</span> <span class='ocrx_word' id='word_1_206' title='bbox 990 1728 1111 1754; x_wconf 82' lang='lat' dir='ltr'>manet</span> <span class='ocrx_word' id='word_1_207' title='bbox 1134 1722 1188 1753; x_wconf 78' lang='lat' dir='ltr'>lex</span> 
     </span>
     <span class='ocr_line' id='line_1_32' title="bbox 203 1768 1188 1805; baseline 0.002 -2"><span class='ocrx_word' id='word_1_208' title='bbox 203 1771 340 1803; x_wconf 83' lang='lat' dir='ltr'>divina:</span> <span class='ocrx_word' id='word_1_209' title='bbox 368 1771 449 1804; x_wconf 88' lang='lat' dir='ltr'>Non</span> <span class='ocrx_word' id='word_1_210' title='bbox 465 1768 720 1805; x_wconf 83' lang='lat' dir='ltr'>moechaberis.</span> <span class='ocrx_word' id='word_1_211' title='bbox 756 1772 828 1805; x_wconf 84' lang='lat' dir='ltr'>Nec</span> <span class='ocrx_word' id='word_1_212' title='bbox 845 1772 975 1805; x_wconf 87' lang='lat' dir='ltr'>bellum</span> <span class='ocrx_word' id='word_1_213' title='bbox 996 1772 1119 1804; x_wconf 76' lang='lat' dir='ltr'>tribuit</span> <span class='ocrx_word' id='word_1_214' title='bbox 1136 1772 1188 1805; x_wconf 88' lang='lat' dir='ltr'>ius</span> 
     </span>
     <span class='ocr_line' id='line_1_33' title="bbox 203 1821 1189 1866; baseline 0 -11"><span class='ocrx_word' id='word_1_215' title='bbox 203 1821 360 1866; x_wconf 81' lang='lat' dir='ltr'>Scipioni</span> <span class='ocrx_word' id='word_1_216' title='bbox 380 1822 552 1865; x_wconf 79' lang='lat' dir='ltr'>attingere</span> <span class='ocrx_word' id='word_1_217' title='bbox 571 1822 714 1855; x_wconf 87' lang='lat' dir='ltr'>alterins</span> <span class='ocrx_word' id='word_1_218' title='bbox 740 1835 918 1866; x_wconf 79' lang='lat' dir='ltr'>sponsam.</span> <span class='ocrx_word' id='word_1_219' title='bbox 972 1822 1027 1855; x_wconf 86' lang='lat' dir='ltr'>Sic</span> <span class='ocrx_word' id='word_1_220' title='bbox 1045 1823 1189 1856; x_wconf 76' lang='lat' dir='ltr'>Consal-</span> 
     </span>
     <span class='ocr_line' id='line_1_34' title="bbox 204 1873 1190 1918; baseline 0 -12"><span class='ocrx_word' id='word_1_221' title='bbox 204 1886 266 1907; x_wconf 82' lang='lat' dir='ltr'>vus</span> <span class='ocrx_word' id='word_1_222' title='bbox 276 1873 321 1918; x_wconf 73' lang='lat'>⁸⁸)</span> <span class='ocrx_word' id='word_1_223' title='bbox 346 1873 490 1906; x_wconf 84' lang='lat' dir='ltr'>Genuae</span> <span class='ocrx_word' id='word_1_224' title='bbox 514 1873 602 1906; x_wconf 84' lang='lat' dir='ltr'>iuste</span> <span class='ocrx_word' id='word_1_225' title='bbox 626 1873 724 1913; x_wconf 83' lang='lat' dir='ltr'>fecit,</span> <span class='ocrx_word' id='word_1_226' title='bbox 763 1875 822 1918; x_wconf 90' lang='lat' dir='ltr'>qui</span> <span class='ocrx_word' id='word_1_227' title='bbox 847 1886 925 1906; x_wconf 86' lang='lat' dir='ltr'>cum</span> <span class='ocrx_word' id='word_1_228' title='bbox 948 1875 1113 1914; x_wconf 85' lang='lat' dir='ltr'>domum,</span> <span class='ocrx_word' id='word_1_229' title='bbox 1153 1874 1190 1906; x_wconf 86' lang='lat' dir='ltr'>in</span> 
     </span>
     <span class='ocr_line' id='line_1_35' title="bbox 203 1924 1190 1970; baseline -0.001 -12"><span class='ocrx_word' id='word_1_230' title='bbox 203 1937 272 1970; x_wconf 83' lang='lat' dir='ltr'>qua</span> <span class='ocrx_word' id='word_1_231' title='bbox 292 1924 390 1957; x_wconf 84' lang='lat' dir='ltr'>miles</span> <span class='ocrx_word' id='word_1_232' title='bbox 410 1925 578 1968; x_wconf 85' lang='lat' dir='ltr'>praedam</span> <span class='ocrx_word' id='word_1_233' title='bbox 598 1936 770 1969; x_wconf 87' lang='lat' dir='ltr'>quaerens</span> <span class='ocrx_word' id='word_1_234' title='bbox 789 1925 892 1957; x_wconf 86' lang='lat' dir='ltr'>etiam</span> <span class='ocrx_word' id='word_1_235' title='bbox 914 1932 1114 1958; x_wconf 86' lang='lat' dir='ltr'>matronam</span> <span class='ocrx_word' id='word_1_236' title='bbox 1134 1938 1190 1957; x_wconf 87' lang='lat' dir='ltr'>co-</span> 
     </span>
     <span class='ocr_line' id='line_1_36' title="bbox 205 1975 1190 2020; baseline 0 -11"><span class='ocrx_word' id='word_1_237' title='bbox 205 1988 285 2019; x_wconf 83' lang='lat' dir='ltr'>gere</span> <span class='ocrx_word' id='word_1_238' title='bbox 308 1975 420 2008; x_wconf 72' lang='lat' dir='ltr'>voluit</span> <span class='ocrx_word' id='word_1_239' title='bbox 442 1976 485 2007; x_wconf 86' lang='lat' dir='ltr'>ad</span> <span class='ocrx_word' id='word_1_240' title='bbox 516 1975 747 2015; x_wconf 85' lang='lat' dir='ltr'>adulterium,</span> <span class='ocrx_word' id='word_1_241' title='bbox 781 1977 1010 2020; x_wconf 86' lang='lat' dir='ltr'>praeteriret,</span> <span class='ocrx_word' id='word_1_242' title='bbox 1044 1976 1190 2010; x_wconf 79' lang='lat' dir='ltr'>audiens</span> 
     </span>
     <span class='ocr_line' id='line_1_37' title="bbox 205 2025 1191 2069; baseline 0 -9"><span class='ocrx_word' id='word_1_243' title='bbox 205 2027 374 2060; x_wconf 83' lang='lat' dir='ltr'>eiulatum</span> <span class='ocrx_word' id='word_1_244' title='bbox 392 2025 569 2065; x_wconf 83' lang='lat' dir='ltr'>mulieris,</span> <span class='ocrx_word' id='word_1_245' title='bbox 604 2026 779 2069; x_wconf 83' lang='lat' dir='ltr'>ingressus</span> <span class='ocrx_word' id='word_1_246' title='bbox 811 2034 861 2060; x_wconf 85' lang='lat' dir='ltr'>est</span> <span class='ocrx_word' id='word_1_247' title='bbox 891 2028 927 2060; x_wconf 90' lang='lat' dir='ltr'>in</span> <span class='ocrx_word' id='word_1_248' title='bbox 957 2029 1123 2068; x_wconf 86' lang='lat' dir='ltr'>domum,</span> <span class='ocrx_word' id='word_1_249' title='bbox 1158 2034 1191 2060; x_wconf 82' lang='lat' dir='ltr'>et</span> 
     </span>
     <span class='ocr_line' id='line_1_38' title="bbox 206 2075 1190 2122; baseline -0.001 -11"><span class='ocrx_word' id='word_1_250' title='bbox 206 2078 325 2111; x_wconf 81' lang='lat' dir='ltr'>audita</span> <span class='ocrx_word' id='word_1_251' title='bbox 352 2078 493 2122; x_wconf 80' lang='lat' dir='ltr'>querela</span> <span class='ocrx_word' id='word_1_252' title='bbox 516 2075 682 2110; x_wconf 83' lang='lat' dir='ltr'>honestae</span> <span class='ocrx_word' id='word_1_253' title='bbox 705 2085 910 2118; x_wconf 84' lang='lat' dir='ltr'>matronae,</span> <span class='ocrx_word' id='word_1_254' title='bbox 950 2079 1099 2111; x_wconf 85' lang='lat' dir='ltr'>militem</span> <span class='ocrx_word' id='word_1_255' title='bbox 1128 2091 1190 2112; x_wconf 85' lang='lat' dir='ltr'>sua</span> 
     </span>
     <span class='ocr_line' id='line_1_39' title="bbox 206 2128 1191 2162; baseline -0.001 0"><span class='ocrx_word' id='word_1_256' title='bbox 206 2142 315 2162; x_wconf 85' lang='lat' dir='ltr'>manu</span> <span class='ocrx_word' id='word_1_257' title='bbox 331 2128 515 2162; x_wconf 82' lang='lat' dir='ltr'>interfecit.</span> <span class='ocrx_word' id='word_1_258' title='bbox 568 2128 767 2161; x_wconf 68' lang='lat' dir='ltr'>Alexander</span> <span class='ocrx_word' id='word_1_259' title='bbox 790 2129 890 2162; x_wconf 84' lang='lat' dir='ltr'>iussit</span> <span class='ocrx_word' id='word_1_260' title='bbox 906 2130 1125 2162; x_wconf 83' lang='lat' dir='ltr'>Timocleam</span> <span class='ocrx_word' id='word_1_261' title='bbox 1152 2130 1191 2161; x_wconf 89' lang='lat' dir='ltr'>li-</span> 
     </span>
     <span class='ocr_line' id='line_1_40' title="bbox 206 2180 1191 2224; baseline 0 -11"><span class='ocrx_word' id='word_1_262' title='bbox 206 2182 328 2214; x_wconf 84' lang='lat' dir='ltr'>beram</span> <span class='ocrx_word' id='word_1_263' title='bbox 359 2193 449 2219; x_wconf 86' lang='lat' dir='ltr'>esse,</span> <span class='ocrx_word' id='word_1_264' title='bbox 485 2191 575 2224; x_wconf 83' lang='lat' dir='ltr'>quae</span> <span class='ocrx_word' id='word_1_265' title='bbox 600 2180 822 2213; x_wconf 69' lang='lat' dir='ltr'>interfecerat</span> <span class='ocrx_word' id='word_1_266' title='bbox 845 2193 954 2213; x_wconf 92' lang='lat' dir='ltr'>unum</span> <span class='ocrx_word' id='word_1_267' title='bbox 978 2193 1019 2213; x_wconf 73' lang='lat' dir='ltr'>ex</span> <span class='ocrx_word' id='word_1_268' title='bbox 1042 2180 1191 2213; x_wconf 80' lang='lat' dir='ltr'>tribunis</span> 
     </span>
     <span class='ocr_line' id='line_1_41' title="bbox 207 2231 1191 2276; baseline -0.001 -11"><span class='ocrx_word' id='word_1_269' title='bbox 207 2232 379 2271; x_wconf 85' lang='lat' dir='ltr'>militum,</span> <span class='ocrx_word' id='word_1_270' title='bbox 408 2231 468 2276; x_wconf 85' lang='lat' dir='ltr'>qui</span> <span class='ocrx_word' id='word_1_271' title='bbox 490 2243 567 2263; x_wconf 86' lang='lat' dir='ltr'>eam</span> <span class='ocrx_word' id='word_1_272' title='bbox 591 2232 634 2262; x_wconf 88' lang='lat' dir='ltr'>ad</span> <span class='ocrx_word' id='word_1_273' title='bbox 659 2231 871 2265; x_wconf 69' lang='lat' dir='ltr'>adulterium</span> <span class='ocrx_word' id='word_1_274' title='bbox 896 2244 1020 2275; x_wconf 85' lang='lat' dir='ltr'>cogere</span> <span class='ocrx_word' id='word_1_275' title='bbox 1046 2238 1191 2265; x_wconf 84' lang='lat' dir='ltr'>conatus</span> 
     </span>
     <span class='ocr_line' id='line_1_42' title="bbox 209 2291 293 2317; baseline 0.012 -1"><span class='ocrx_word' id='word_1_276' title='bbox 209 2291 293 2317; x_wconf 85' lang='lat' dir='ltr'>erat.</span> 
     </span>
    </p>

    <p class='ocr_par' dir='ltr' id='par_1_7' title="bbox 206 2331 1191 2480">
     <span class='ocr_line' id='line_1_43' title="bbox 311 2331 1191 2367; baseline -0.001 0"><span class='ocrx_word' id='word_1_277' title='bbox 311 2333 399 2367; x_wconf 86' lang='lat' dir='ltr'>Cum</span> <span class='ocrx_word' id='word_1_278' title='bbox 431 2332 468 2364; x_wconf 87' lang='lat' dir='ltr'>in</span> <span class='ocrx_word' id='word_1_279' title='bbox 500 2333 592 2365; x_wconf 85' lang='lat' dir='ltr'>bello</span> <span class='ocrx_word' id='word_1_280' title='bbox 621 2331 729 2366; x_wconf 77' lang='grc'>1546.</span> <span class='ocrx_word' id='word_1_281' title='bbox 770 2332 970 2366; x_wconf 71' lang='lat' dir='ltr'>Alexander</span> <span class='ocrx_word' id='word_1_282' title='bbox 1002 2333 1191 2367; x_wconf 83' lang='lat' dir='ltr'>Farnesius</span> 
     </span>
     <span class='ocr_line' id='line_1_44' title="bbox 209 2383 1191 2430; baseline 0.001 -13"><span class='ocrx_word' id='word_1_283' title='bbox 209 2386 381 2430; x_wconf 78' lang='lat' dir='ltr'>quaedam</span> <span class='ocrx_word' id='word_1_284' title='bbox 407 2384 500 2417; x_wconf 86' lang='lat' dir='ltr'>inter</span> <span class='ocrx_word' id='word_1_285' title='bbox 527 2390 708 2416; x_wconf 82' lang='lat' dir='ltr'>matronas</span> <span class='ocrx_word' id='word_1_286' title='bbox 733 2384 868 2418; x_wconf 88' lang='lat' dir='ltr'>nobiles</span> <span class='ocrx_word' id='word_1_287' title='bbox 892 2383 1076 2418; x_wconf 81' lang='lat' dir='ltr'>inhoneste</span> <span class='ocrx_word' id='word_1_288' title='bbox 1094 2385 1191 2418; x_wconf 79' lang='lat' dir='ltr'>secis-</span> 
     </span>
     <span class='ocr_line' id='line_1_45' title="bbox 206 2435 1190 2480; baseline -0.001 -11"><span class='ocrx_word' id='word_1_289' title='bbox 206 2442 269 2475; x_wconf 84' lang='lat' dir='ltr'>set,</span> <span class='ocrx_word' id='word_1_290' title='bbox 297 2436 443 2469; x_wconf 86' lang='lat' dir='ltr'>Carolus</span> <span class='ocrx_word' id='word_1_291' title='bbox 462 2435 655 2479; x_wconf 85' lang='lat' dir='ltr'>imperator</span> <span class='ocrx_word' id='word_1_292' title='bbox 671 2435 718 2468; x_wconf 85' lang='lat' dir='ltr'>sic</span> <span class='ocrx_word' id='word_1_293' title='bbox 738 2435 866 2468; x_wconf 77' lang='lat' dir='ltr'>exarsit</span> <span class='ocrx_word' id='word_1_294' title='bbox 884 2435 934 2469; x_wconf 84' lang='lat' dir='ltr'>ira</span> <span class='ocrx_word' id='word_1_295' title='bbox 947 2462 955 2476; x_wconf 96' lang='lat'>,</span> <span class='ocrx_word' id='word_1_296' title='bbox 981 2443 1020 2469; x_wconf 82' lang='lat' dir='ltr'>ut</span> <span class='ocrx_word' id='word_1_297' title='bbox 1035 2436 1190 2480; x_wconf 78' lang='lat' dir='ltr'>gladium</span> 
     </span>
    </p>
   </div>
   <div class='ocr_carea' id='block_1_5' title="bbox 265 2515 411 2519">
    <p class='ocr_par' dir='ltr' id='par_1_8' title="bbox 265 2515 411 2519">
     <span class='ocr_line' id='line_1_46' title="bbox 265 2515 411 2519; baseline 0 0"><span class='ocrx_word' id='word_1_298' title='bbox 265 2515 411 2519; x_wconf 95' lang='lat' dir='ltr'> </span> 
     </span>
    </p>
   </div>
   <div class='ocr_carea' id='block_1_6' title="bbox 242 2551 744 2583">
    <p class='ocr_par' dir='ltr' id='par_1_9' title="bbox 242 2551 744 2583">
     <span class='ocr_line' id='line_1_47' title="bbox 242 2551 744 2583; baseline -0.004 -7"><span class='ocrx_word' id='word_1_299' title='bbox 242 2554 288 2583; x_wconf 81' lang='grc'>87)</span> <span class='ocrx_word' id='word_1_300' title='bbox 309 2552 386 2576; x_wconf 84' lang='lat' dir='ltr'>Conf.</span> <span class='ocrx_word' id='word_1_301' title='bbox 407 2557 490 2580; x_wconf 79' lang='lat' dir='ltr'>supra</span> <span class='ocrx_word' id='word_1_302' title='bbox 508 2559 531 2581; x_wconf 85' lang='lat' dir='ltr'>p.</span> <span class='ocrx_word' id='word_1_303' title='bbox 551 2552 606 2576; x_wconf 67' lang='lat'>189.</span> <span class='ocrx_word' id='word_1_304' title='bbox 627 2553 690 2574; x_wconf 78' lang='lat' dir='ltr'>nota</span> <span class='ocrx_word' id='word_1_305' title='bbox 702 2551 744 2576; x_wconf 76' lang='lat'>66.</span> 
     </span>
    </p>
   </div>
   <div class='ocr_carea' id='block_1_7' title="bbox 244 2602 1191 2730">
    <p class='ocr_par' dir='ltr' id='par_1_10' title="bbox 244 2602 1191 2730">
     <span class='ocr_line' id='line_1_48' title="bbox 244 2602 1191 2635; baseline -0.001 -8"><span class='ocrx_word' id='word_1_306' title='bbox 244 2605 290 2635; x_wconf 55' lang='grc' dir='ltr'>ὅτε)</span> <span class='ocrx_word' id='word_1_307' title='bbox 312 2603 473 2627; x_wconf 67' lang='lat' dir='ltr'>nei-nandoz</span> <span class='ocrx_word' id='word_1_308' title='bbox 493 2610 511 2632; x_wconf 72' lang='lat' dir='ltr'>y</span> <span class='ocrx_word' id='word_1_309' title='bbox 526 2604 636 2631; x_wconf 73' lang='lat' dir='ltr'>Aquilai·</span> <span class='ocrx_word' id='word_1_310' title='bbox 655 2603 810 2627; x_wconf 75' lang='lat' dir='ltr'>Gonsatvo,</span> <span class='ocrx_word' id='word_1_311' title='bbox 837 2603 870 2625; x_wconf 80' lang='lat' dir='ltr'>oh</span> <span class='ocrx_word' id='word_1_312' title='bbox 889 2602 1013 2625; x_wconf 75' lang='lat' dir='ltr'>eximiam</span> <span class='ocrx_word' id='word_1_313' title='bbox 1036 2603 1098 2626; x_wconf 78' lang='lat' dir='ltr'>belli</span> <span class='ocrx_word' id='word_1_314' title='bbox 1117 2604 1191 2633; x_wconf 81' lang='lat' dir='ltr'>peri-</span> 
     </span>
     <span class='ocr_line' id='line_1_49' title="bbox 273 2637 1191 2665; baseline -0.001 -3"><span class='ocrx_word' id='word_1_315' title='bbox 273 2640 336 2662; x_wconf 81' lang='lat' dir='ltr'>tiam</span> <span class='ocrx_word' id='word_1_316' title='bbox 357 2641 383 2659; x_wconf 88' lang='lat' dir='ltr'>et</span> <span class='ocrx_word' id='word_1_317' title='bbox 403 2638 500 2659; x_wconf 63' lang='lat' dir='ltr'>inultas</span> <span class='ocrx_word' id='word_1_318' title='bbox 520 2643 564 2658; x_wconf 72' lang='lat' dir='ltr'>res</span> <span class='ocrx_word' id='word_1_319' title='bbox 584 2643 693 2663; x_wconf 50' lang='lat' dir='ltr'>ear-*ew</span> <span class='ocrx_word' id='word_1_320' title='bbox 713 2639 808 2663; x_wconf 60' lang='lat' dir='ltr'>gestas</span> <span class='ocrx_word' id='word_1_321' title='bbox 828 2638 851 2659; x_wconf 78' lang='lat' dir='ltr'>et</span> <span class='ocrx_word' id='word_1_322' title='bbox 878 2643 945 2664; x_wconf 62' lang='lat' dir='ltr'>aran</span> <span class='ocrx_word' id='word_1_323' title='bbox 966 2637 1098 2665; x_wconf 64' lang='lat' dir='ltr'>capitano</span> <span class='ocrx_word' id='word_1_324' title='bbox 1119 2642 1191 2665; x_wconf 72' lang='lat' dir='ltr'>(ma-</span> 
     </span>
     <span class='ocr_line' id='line_1_50' title="bbox 278 2671 1191 2701; baseline 0 -6"><span class='ocrx_word' id='word_1_325' title='bbox 278 2680 347 2701; x_wconf 64' lang='lat' dir='ltr'>gnus</span> <span class='ocrx_word' id='word_1_326' title='bbox 367 2671 433 2697; x_wconf 83' lang='lat' dir='ltr'>dux)</span> <span class='ocrx_word' id='word_1_327' title='bbox 453 2673 673 2701; x_wconf 54' lang='lat' dir='ltr'>cognominatus&gt;</span> <span class='ocrx_word' id='word_1_328' title='bbox 696 2671 760 2694; x_wconf 81' lang='lat'>1502</span> <span class='ocrx_word' id='word_1_329' title='bbox 777 2674 802 2694; x_wconf 86' lang='lat' dir='ltr'>et</span> <span class='ocrx_word' id='word_1_330' title='bbox 820 2671 885 2694; x_wconf 83' lang='lat'>1503</span> <span class='ocrx_word' id='word_1_331' title='bbox 905 2671 929 2694; x_wconf 83' lang='lat' dir='ltr'>in</span> <span class='ocrx_word' id='word_1_332' title='bbox 944 2671 1023 2694; x_wconf 71' lang='lat' dir='ltr'>ltalia</span> <span class='ocrx_word' id='word_1_333' title='bbox 1043 2673 1191 2695; x_wconf 74' lang='lat' dir='ltr'>exercitum</span> 
     </span>
     <span class='ocr_line' id='line_1_51' title="bbox 278 2708 361 2730; baseline -0.012 0"><span class='ocrx_word' id='word_1_334' title='bbox 278 2708 361 2730; x_wconf 67' lang='lat' dir='ltr'>duxit..</span> 
     </span>
    </p>
   </div>
   <div class='ocr_carea' id='block_1_8' title="bbox 746 107 1621 144">
    <p class='ocr_par' dir='ltr' id='par_1_11' title="bbox 746 107 1621 144">
     <span class='ocr_line' id='line_1_52' title="bbox 746 107 1621 144; baseline 0.003 -4"><span class='ocrx_word' id='word_1_335' title='bbox 746 107 867 142; x_wconf 89' lang='lat' dir='ltr'>PHIL.</span> <span class='ocrx_word' id='word_1_336' title='bbox 903 108 1014 141; x_wconf 71' lang='lat' dir='ltr'><strong>MEL.</strong></span> <span class='ocrx_word' id='word_1_337' title='bbox 1050 108 1251 143; x_wconf 78' lang='lat' dir='ltr'><strong>SCRIPTA</strong></span> <span class='ocrx_word' id='word_1_338' title='bbox 1287 108 1621 144; x_wconf 77' lang='lat' dir='ltr'>PHILOLOGICA.</span> 
     </span>
    </p>
   </div>
   <div class='ocr_carea' id='block_1_9' title="bbox 2138 109 2210 144">
    <p class='ocr_par' dir='ltr' id='par_1_12' title="bbox 2138 109 2210 144">
     <span class='ocr_line' id='line_1_53' title="bbox 2138 109 2210 144; baseline 0 0"><span class='ocrx_word' id='word_1_339' title='bbox 2138 109 2210 144; x_wconf 82' lang='lat'>568</span> 
     </span>
    </p>
   </div>
   <div class='ocr_carea' id='block_1_10' title="bbox 1222 193 2226 1439">
    <p class='ocr_par' dir='ltr' id='par_1_13' title="bbox 1222 193 2210 337">
     <span class='ocr_line' id='line_1_54' title="bbox 1222 193 2210 235; baseline 0.001 -8"><span class='ocrx_word' id='word_1_340' title='bbox 1222 195 1403 229; x_wconf 81' lang='lat' dir='ltr'>strinxerit</span> <span class='ocrx_word' id='word_1_341' title='bbox 1427 202 1459 228; x_wconf 86' lang='lat' dir='ltr'>et</span> <span class='ocrx_word' id='word_1_342' title='bbox 1483 196 1633 235; x_wconf 86' lang='lat' dir='ltr'>diceret,</span> <span class='ocrx_word' id='word_1_343' title='bbox 1677 207 1711 228; x_wconf 87' lang='lat' dir='ltr'>se</span> <span class='ocrx_word' id='word_1_344' title='bbox 1742 206 1802 228; x_wconf 82' lang='lat' dir='ltr'>sua</span> <span class='ocrx_word' id='word_1_345' title='bbox 1834 206 1942 228; x_wconf 85' lang='lat' dir='ltr'>mauu</span> <span class='ocrx_word' id='word_1_346' title='bbox 1974 193 2073 226; x_wconf 88' lang='lat' dir='ltr'>illum</span> <span class='ocrx_word' id='word_1_347' title='bbox 2103 195 2210 228; x_wconf 85' lang='lat' dir='ltr'>inter—</span> 
     </span>
     <span class='ocr_line' id='line_1_55' title="bbox 1222 245 2210 285; baseline 0.001 -8"><span class='ocrx_word' id='word_1_348' title='bbox 1222 248 1395 279; x_wconf 71' lang='lat' dir='ltr'>fecturum</span> <span class='ocrx_word' id='word_1_349' title='bbox 1414 259 1504 285; x_wconf 86' lang='lat' dir='ltr'>esse,</span> <span class='ocrx_word' id='word_1_350' title='bbox 1530 247 1559 280; x_wconf 89' lang='lat' dir='ltr'>si</span> <span class='ocrx_word' id='word_1_351' title='bbox 1576 247 1722 285; x_wconf 89' lang='lat' dir='ltr'>adesset,</span> <span class='ocrx_word' id='word_1_352' title='bbox 1751 258 1790 278; x_wconf 87' lang='lat' dir='ltr'>ac</span> <span class='ocrx_word' id='word_1_353' title='bbox 1808 245 1907 278; x_wconf 84' lang='lat' dir='ltr'>iussit</span> <span class='ocrx_word' id='word_1_354' title='bbox 1923 245 2041 279; x_wconf 85' lang='lat' dir='ltr'>statim</span> <span class='ocrx_word' id='word_1_355' title='bbox 2063 245 2093 277; x_wconf 80' lang='lat' dir='ltr'>ei</span> <span class='ocrx_word' id='word_1_356' title='bbox 2112 258 2210 278; x_wconf 83' lang='lat' dir='ltr'>man-</span> 
     </span>
     <span class='ocr_line' id='line_1_56' title="bbox 1224 297 1883 337; baseline 0.002 -8"><span class='ocrx_word' id='word_1_357' title='bbox 1224 297 1323 337; x_wconf 87' lang='lat' dir='ltr'>dari,</span> <span class='ocrx_word' id='word_1_358' title='bbox 1352 302 1390 329; x_wconf 88' lang='lat' dir='ltr'>nt</span> <span class='ocrx_word' id='word_1_359' title='bbox 1407 310 1447 329; x_wconf 79' lang='lat' dir='ltr'>ex</span> <span class='ocrx_word' id='word_1_360' title='bbox 1468 297 1660 330; x_wconf 81' lang='lat' dir='ltr'>Germania</span> <span class='ocrx_word' id='word_1_361' title='bbox 1679 297 1883 330; x_wconf 88' lang='lat' dir='ltr'>discederet.</span> 
     </span>
    </p>

    <p class='ocr_par' dir='ltr' id='par_1_14' title="bbox 1226 353 2216 604">
     <span class='ocr_line' id='line_1_57' title="bbox 1326 353 2215 397; baseline -0.001 -9"><span class='ocrx_word' id='word_1_362' title='bbox 1326 355 1513 388; x_wconf 88' lang='lat' dir='ltr'>Sciendum</span> <span class='ocrx_word' id='word_1_363' title='bbox 1530 362 1579 388; x_wconf 88' lang='lat' dir='ltr'>est</span> <span class='ocrx_word' id='word_1_364' title='bbox 1602 356 1707 397; x_wconf 73' lang='lat' dir='ltr'>igitur</span> <span class='ocrx_word' id='word_1_365' title='bbox 1722 357 1834 397; x_wconf 67' lang='lat' dir='ltr'>legem</span> <span class='ocrx_word' id='word_1_366' title='bbox 1854 356 2011 388; x_wconf 63' lang='lat' dir='ltr'>divinam</span> <span class='ocrx_word' id='word_1_367' title='bbox 2038 355 2128 388; x_wconf 88' lang='lat' dir='ltr'>inter</span> <span class='ocrx_word' id='word_1_368' title='bbox 2151 353 2215 388; x_wconf 85' lang='lat' dir='ltr'>ho-</span> 
     </span>
     <span class='ocr_line' id='line_1_58' title="bbox 1226 405 2215 440; baseline -0.001 -1"><span class='ocrx_word' id='word_1_369' title='bbox 1226 413 1292 440; x_wconf 86' lang='lat' dir='ltr'>stes</span> <span class='ocrx_word' id='word_1_370' title='bbox 1313 419 1383 438; x_wconf 88' lang='lat' dir='ltr'>non</span> <span class='ocrx_word' id='word_1_371' title='bbox 1401 418 1547 439; x_wconf 77' lang='lat' dir='ltr'>cessare.</span> <span class='ocrx_word' id='word_1_372' title='bbox 1601 405 1683 438; x_wconf 78' lang='lat' dir='ltr'>Ideo</span> <span class='ocrx_word' id='word_1_373' title='bbox 1706 407 1807 439; x_wconf 86' lang='lat' dir='ltr'>initio</span> <span class='ocrx_word' id='word_1_374' title='bbox 1834 420 1904 439; x_wconf 84' lang='lat' dir='ltr'>non</span> <span class='ocrx_word' id='word_1_375' title='bbox 1934 413 2118 439; x_wconf 56' lang='lat' dir='ltr'>moueatur</span> <span class='ocrx_word' id='word_1_376' title='bbox 2144 406 2215 439; x_wconf 84' lang='lat' dir='ltr'>bel-</span> 
     </span>
     <span class='ocr_line' id='line_1_59' title="bbox 1228 456 2216 500; baseline -0.002 -10"><span class='ocrx_word' id='word_1_377' title='bbox 1228 459 1319 497; x_wconf 88' lang='lat' dir='ltr'>lnm,</span> <span class='ocrx_word' id='word_1_378' title='bbox 1362 457 1426 490; x_wconf 85' lang='lat' dir='ltr'>nisi</span> <span class='ocrx_word' id='word_1_379' title='bbox 1453 458 1526 500; x_wconf 74' lang='lat' dir='ltr'>lege</span> <span class='ocrx_word' id='word_1_380' title='bbox 1556 456 1621 489; x_wconf 86' lang='lat' dir='ltr'>Dei</span> <span class='ocrx_word' id='word_1_381' title='bbox 1644 464 1807 499; x_wconf 71' lang='lat' dir='ltr'>cogente,</span> <span class='ocrx_word' id='word_1_382' title='bbox 1844 458 1932 491; x_wconf 79' lang='lat' dir='ltr'>sient</span> <span class='ocrx_word' id='word_1_383' title='bbox 1957 459 2010 491; x_wconf 74' lang='lat' dir='ltr'>lex</span> <span class='ocrx_word' id='word_1_384' title='bbox 2032 457 2098 489; x_wconf 89' lang='lat' dir='ltr'>Dei</span> <span class='ocrx_word' id='word_1_385' title='bbox 2124 456 2216 499; x_wconf 80' lang='lat' dir='ltr'>cogit</span> 
     </span>
     <span class='ocr_line' id='line_1_60' title="bbox 1228 507 2215 552; baseline -0.001 -11"><span class='ocrx_word' id='word_1_386' title='bbox 1228 510 1383 541; x_wconf 80' lang='lat' dir='ltr'>latrones</span> <span class='ocrx_word' id='word_1_387' title='bbox 1412 514 1443 539; x_wconf 89' lang='lat' dir='ltr'>et</span> <span class='ocrx_word' id='word_1_388' title='bbox 1468 508 1652 541; x_wconf 82' lang='lat' dir='ltr'>seditiosos</span> <span class='ocrx_word' id='word_1_389' title='bbox 1676 508 1839 551; x_wconf 75' lang='lat' dir='ltr'>reprimi,</span> <span class='ocrx_word' id='word_1_390' title='bbox 1868 515 1898 541; x_wconf 86' lang='lat' dir='ltr'>et</span> <span class='ocrx_word' id='word_1_391' title='bbox 1922 509 2094 552; x_wconf 76' lang='lat' dir='ltr'>supplicio</span> <span class='ocrx_word' id='word_1_392' title='bbox 2113 507 2215 546; x_wconf 72' lang='lat' dir='ltr'>astiti,</span> 
     </span>
     <span class='ocr_line' id='line_1_61' title="bbox 1229 558 2011 604; baseline 0 -12"><span class='ocrx_word' id='word_1_393' title='bbox 1229 566 1267 593; x_wconf 91' lang='lat' dir='ltr'>ut</span> <span class='ocrx_word' id='word_1_394' title='bbox 1284 560 1477 592; x_wconf 85' lang='lat' dir='ltr'>Deuteron.</span> <span class='ocrx_word' id='word_1_395' title='bbox 1497 559 1554 597; x_wconf 76' lang='grc'>19,</span> <span class='ocrx_word' id='word_1_396' title='bbox 1573 558 1686 604; x_wconf 74' lang='grc'>(13.);</span> <span class='ocrx_word' id='word_1_397' title='bbox 1729 559 1810 592; x_wconf 59' lang='lat' dir='ltr'>Non</span> <span class='ocrx_word' id='word_1_398' title='bbox 1829 572 1951 603; x_wconf 86' lang='lat' dir='ltr'>parcas</span> <span class='ocrx_word' id='word_1_399' title='bbox 1969 561 2011 593; x_wconf 87' lang='lat' dir='ltr'>ei.</span> 
     </span>
    </p>

    <p class='ocr_par' dir='ltr' id='par_1_15' title="bbox 1232 618 2219 958">
     <span class='ocr_line' id='line_1_62' title="bbox 1332 618 2216 662; baseline 0.001 -11"><span class='ocrx_word' id='word_1_400' title='bbox 1332 618 1486 651; x_wconf 60' lang='lat' dir='ltr'>Maxime.</span> <span class='ocrx_word' id='word_1_401' title='bbox 1506 625 1622 651; x_wconf 84' lang='lat' dir='ltr'>antem</span> <span class='ocrx_word' id='word_1_402' title='bbox 1643 618 1824 662; x_wconf 83' lang='lat' dir='ltr'>perspicua</span> <span class='ocrx_word' id='word_1_403' title='bbox 1844 630 1944 651; x_wconf 85' lang='lat' dir='ltr'>causa</span> <span class='ocrx_word' id='word_1_404' title='bbox 1962 619 2043 650; x_wconf 74' lang='lat' dir='ltr'>lwlli</span> <span class='ocrx_word' id='word_1_405' title='bbox 2061 621 2216 662; x_wconf 73' lang='lat' dir='ltr'>gerendi,</span> 
     </span>
     <span class='ocr_line' id='line_1_63' title="bbox 1232 669 2216 704; baseline 0.002 -2"><span class='ocrx_word' id='word_1_406' title='bbox 1232 676 1281 702; x_wconf 84' lang='lat' dir='ltr'>est</span> <span class='ocrx_word' id='word_1_407' title='bbox 1300 682 1398 702; x_wconf 83' lang='lat' dir='ltr'>casus</span> <span class='ocrx_word' id='word_1_408' title='bbox 1418 682 1521 701; x_wconf 65' lang='lat' dir='ltr'>x&#39;‹·rae</span> <span class='ocrx_word' id='word_1_409' title='bbox 1540 676 1571 701; x_wconf 88' lang='lat' dir='ltr'>et</span> <span class='ocrx_word' id='word_1_410' title='bbox 1590 682 1661 701; x_wconf 87' lang='lat' dir='ltr'>non</span> <span class='ocrx_word' id='word_1_411' title='bbox 1680 669 1864 702; x_wconf 70' lang='lat' dir='ltr'>simulatae</span> <span class='ocrx_word' id='word_1_412' title='bbox 1883 670 2106 703; x_wconf 74' lang='lat' dir='ltr'>defensionis.</span> <span class='ocrx_word' id='word_1_413' title='bbox 2169 671 2216 704; x_wconf 84' lang='lat' dir='ltr'>Ut</span> 
     </span>
     <span class='ocr_line' id='line_1_64' title="bbox 1232 720 2217 763; baseline 0 -10"><span class='ocrx_word' id='word_1_414' title='bbox 1232 721 1358 754; x_wconf 64' lang='lat' dir='ltr'>Graeci</span> <span class='ocrx_word' id='word_1_415' title='bbox 1386 727 1512 763; x_wconf 64' lang='lat' dir='ltr'>¹gerunt</span> <span class='ocrx_word' id='word_1_416' title='bbox 1543 721 1674 753; x_wconf 77' lang='lat' dir='ltr'>bellum</span> <span class='ocrx_word' id='word_1_417' title='bbox 1707 727 1829 752; x_wconf 84' lang='lat' dir='ltr'>contra</span> <span class='ocrx_word' id='word_1_418' title='bbox 1854 720 1990 753; x_wconf 72' lang='lat' dir='ltr'>Xerxen</span> <span class='ocrx_word' id='word_1_419' title='bbox 2022 721 2217 754; x_wconf 82' lang='lat' dir='ltr'>necessaria</span> 
     </span>
     <span class='ocr_line' id='line_1_65' title="bbox 1232 770 2219 811; baseline 0 -7"><span class='ocrx_word' id='word_1_420' title='bbox 1232 771 1454 810; x_wconf 73' lang='lat' dir='ltr'>defensione,</span> <span class='ocrx_word' id='word_1_421' title='bbox 1483 772 1637 804; x_wconf 67' lang='lat' dir='ltr'>Romani</span> <span class='ocrx_word' id='word_1_422' title='bbox 1666 779 1788 804; x_wconf 76' lang='lat' dir='ltr'>contra</span> <span class='ocrx_word' id='word_1_423' title='bbox 1808 771 2066 811; x_wconf 82' lang='lat' dir='ltr'>Hannibalem,</span> <span class='ocrx_word' id='word_1_424' title='bbox 2100 770 2219 805; x_wconf 85' lang='lat' dir='ltr'>ludaei</span> 
     </span>
     <span class='ocr_line' id='line_1_66' title="bbox 1234 820 2218 866; baseline 0.002 -11"><span class='ocrx_word' id='word_1_425' title='bbox 1234 829 1354 855; x_wconf 76' lang='lat' dir='ltr'>contra</span> <span class='ocrx_word' id='word_1_426' title='bbox 1382 820 1617 861; x_wconf 62' lang='lat' dir='ltr'>Antiochum,</span> <span class='ocrx_word' id='word_1_427' title='bbox 1658 822 1737 855; x_wconf 82' lang='lat' dir='ltr'>ideo</span> <span class='ocrx_word' id='word_1_428' title='bbox 1765 822 1933 866; x_wconf 86' lang='lat' dir='ltr'>scriptum</span> <span class='ocrx_word' id='word_1_429' title='bbox 1961 829 2010 855; x_wconf 86' lang='lat' dir='ltr'>est</span> <span class='ocrx_word' id='word_1_430' title='bbox 2036 822 2138 856; x_wconf 73' lang='lat' dir='ltr'>l&#39;unn.</span> <span class='ocrx_word' id='word_1_431' title='bbox 2160 823 2218 863; x_wconf 80' lang='lat'>13,</span> 
     </span>
     <span class='ocr_line' id='line_1_67' title="bbox 1234 874 2219 919; baseline -0.001 -12"><span class='ocrx_word' id='word_1_432' title='bbox 1234 876 1320 919; x_wconf 76' lang='lat'>(4.):</span> <span class='ocrx_word' id='word_1_433' title='bbox 1351 874 1579 914; x_wconf 62' lang='lat' dir='ltr'>Magistratus</span> <span class='ocrx_word' id='word_1_434' title='bbox 1596 874 1663 906; x_wconf 83' lang='lat' dir='ltr'>Dei</span> <span class='ocrx_word' id='word_1_435' title='bbox 1682 874 1842 906; x_wconf 75' lang='lat' dir='ltr'>minister</span> <span class='ocrx_word' id='word_1_436' title='bbox 1857 879 1907 906; x_wconf 86' lang='lat' dir='ltr'>est</span> <span class='ocrx_word' id='word_1_437' title='bbox 1927 874 2051 906; x_wconf 70' lang='lat' dir='ltr'>ximlcx</span> <span class='ocrx_word' id='word_1_438' title='bbox 2068 875 2112 906; x_wconf 84' lang='lat' dir='ltr'>ad</span> <span class='ocrx_word' id='word_1_439' title='bbox 2130 874 2219 907; x_wconf 82' lang='lat' dir='ltr'>iram</span> 
     </span>
     <span class='ocr_line' id='line_1_68' title="bbox 1233 925 1544 958; baseline -0.006 0"><span class='ocrx_word' id='word_1_440' title='bbox 1233 925 1375 958; x_wconf 70' lang='lat' dir='ltr'>l&#39;acienti</span> <span class='ocrx_word' id='word_1_441' title='bbox 1400 925 1544 957; x_wconf 72' lang='lat' dir='ltr'>nialtnn.</span> 
     </span>
    </p>

    <p class='ocr_par' dir='ltr' id='par_1_16' title="bbox 1235 985 2226 1439">
     <span class='ocr_line' id='line_1_69' title="bbox 1336 985 2218 1027; baseline 0.002 -11"><span class='ocrx_word' id='word_1_442' title='bbox 1336 985 1517 1017; x_wconf 83' lang='lat' dir='ltr'>Teneatnr</span> <span class='ocrx_word' id='word_1_443' title='bbox 1535 997 1617 1027; x_wconf 71' lang='lat' dir='ltr'>ergo</span> <span class='ocrx_word' id='word_1_444' title='bbox 1634 985 1775 1027; x_wconf 80' lang='lat' dir='ltr'>regula,</span> <span class='ocrx_word' id='word_1_445' title='bbox 1804 985 1895 1027; x_wconf 76' lang='lat' dir='ltr'>leges</span> <span class='ocrx_word' id='word_1_446' title='bbox 1912 985 2049 1019; x_wconf 62' lang='lat' dir='ltr'>divinas</span> <span class='ocrx_word' id='word_1_447' title='bbox 2076 999 2218 1019; x_wconf 79' lang='lat' dir='ltr'>servan-</span> 
     </span>
     <span class='ocr_line' id='line_1_70' title="bbox 1235 1034 2222 1079; baseline 0 -10"><span class='ocrx_word' id='word_1_448' title='bbox 1235 1038 1296 1069; x_wconf 89' lang='lat' dir='ltr'>das</span> <span class='ocrx_word' id='word_1_449' title='bbox 1315 1049 1386 1068; x_wconf 69' lang='lat' dir='ltr'>esse</span> <span class='ocrx_word' id='word_1_450' title='bbox 1405 1049 1484 1077; x_wconf 59' lang='lat' dir='ltr'>erga</span> <span class='ocrx_word' id='word_1_451' title='bbox 1502 1034 1629 1069; x_wconf 78' lang='lat' dir='ltr'>hostes.</span> <span class='ocrx_word' id='word_1_452' title='bbox 1683 1036 1802 1079; x_wconf 84' lang='lat' dir='ltr'>Quare</span> <span class='ocrx_word' id='word_1_453' title='bbox 1826 1042 1969 1069; x_wconf 78' lang='lat' dir='ltr'>eatenus</span> <span class='ocrx_word' id='word_1_454' title='bbox 1989 1043 2123 1069; x_wconf 82' lang='lat' dir='ltr'>tantum</span> <span class='ocrx_word' id='word_1_455' title='bbox 2142 1037 2222 1069; x_wconf 87' lang='lat' dir='ltr'>licet</span> 
     </span>
     <span class='ocr_line' id='line_1_71' title="bbox 1239 1085 2222 1130; baseline 0.001 -11"><span class='ocrx_word' id='word_1_456' title='bbox 1239 1100 1362 1119; x_wconf 70' lang='lat' dir='ltr'>nocere</span> <span class='ocrx_word' id='word_1_457' title='bbox 1388 1085 1565 1125; x_wconf 76' lang='lat' dir='ltr'>liostilms,</span> <span class='ocrx_word' id='word_1_458' title='bbox 1609 1092 1782 1130; x_wconf 81' lang='lat' dir='ltr'>qnatenus</span> <span class='ocrx_word' id='word_1_459' title='bbox 1804 1087 1859 1118; x_wconf 77' lang='lat' dir='ltr'>lex</span> <span class='ocrx_word' id='word_1_460' title='bbox 1879 1086 1944 1119; x_wconf 87' lang='lat' dir='ltr'>Dei</span> <span class='ocrx_word' id='word_1_461' title='bbox 1968 1088 2143 1128; x_wconf 83' lang='lat' dir='ltr'>concedit,</span> <span class='ocrx_word' id='word_1_462' title='bbox 2184 1094 2222 1121; x_wconf 83' lang='lat' dir='ltr'>ut</span> 
     </span>
     <span class='ocr_line' id='line_1_72' title="bbox 1237 1136 2223 1181; baseline 0 -11"><span class='ocrx_word' id='word_1_463' title='bbox 1237 1139 1290 1170; x_wconf 74' lang='lat' dir='ltr'>lex</span> <span class='ocrx_word' id='word_1_464' title='bbox 1312 1138 1376 1170; x_wconf 79' lang='lat' dir='ltr'>Dei</span> <span class='ocrx_word' id='word_1_465' title='bbox 1406 1138 1498 1170; x_wconf 72' lang='lat' dir='ltr'>ininet</span> <span class='ocrx_word' id='word_1_466' title='bbox 1524 1136 1659 1171; x_wconf 74' lang='lat' dir='ltr'>liosteni</span> <span class='ocrx_word' id='word_1_467' title='bbox 1683 1137 1809 1170; x_wconf 82' lang='lat' dir='ltr'>iniuste</span> <span class='ocrx_word' id='word_1_468' title='bbox 1835 1145 2051 1180; x_wconf 77' lang='lat' dir='ltr'>pugnantem</span> <span class='ocrx_word' id='word_1_469' title='bbox 2076 1138 2223 1181; x_wconf 77' lang='lat' dir='ltr'>reprimi</span> 
     </span>
     <span class='ocr_line' id='line_1_73' title="bbox 1238 1188 2222 1232; baseline 0.001 -12"><span class='ocrx_word' id='word_1_470' title='bbox 1238 1195 1294 1221; x_wconf 88' lang='lat' dir='ltr'>ant</span> <span class='ocrx_word' id='word_1_471' title='bbox 1312 1189 1451 1232; x_wconf 58' lang='lat' dir='ltr'>puniti,</span> <span class='ocrx_word' id='word_1_472' title='bbox 1488 1189 1590 1221; x_wconf 77' lang='lat' dir='ltr'>talem</span> <span class='ocrx_word' id='word_1_473' title='bbox 1615 1188 1694 1221; x_wconf 82' lang='lat' dir='ltr'>licet</span> <span class='ocrx_word' id='word_1_474' title='bbox 1719 1188 1896 1228; x_wconf 81' lang='lat' dir='ltr'>occidere,</span> <span class='ocrx_word' id='word_1_475' title='bbox 1930 1195 1963 1221; x_wconf 85' lang='lat' dir='ltr'>et</span> <span class='ocrx_word' id='word_1_476' title='bbox 1986 1189 2167 1223; x_wconf 78' lang='lat' dir='ltr'>facultates</span> <span class='ocrx_word' id='word_1_477' title='bbox 2191 1189 2222 1221; x_wconf 80' lang='lat' dir='ltr'>ei</span> 
     </span>
     <span class='ocr_line' id='line_1_74' title="bbox 1238 1239 2224 1284; baseline 0.001 -13"><span class='ocrx_word' id='word_1_478' title='bbox 1238 1240 1391 1283; x_wconf 81' lang='lat' dir='ltr'>eripere,</span> <span class='ocrx_word' id='word_1_479' title='bbox 1420 1252 1509 1284; x_wconf 78' lang='lat' dir='ltr'>quae</span> <span class='ocrx_word' id='word_1_480' title='bbox 1528 1246 1609 1273; x_wconf 88' lang='lat' dir='ltr'>sunt</span> <span class='ocrx_word' id='word_1_481' title='bbox 1627 1245 1687 1271; x_wconf 83' lang='lat' dir='ltr'>ant</span> <span class='ocrx_word' id='word_1_482' title='bbox 1701 1240 1843 1271; x_wconf 86' lang='lat' dir='ltr'>suerunt</span> <span class='ocrx_word' id='word_1_483' title='bbox 1862 1239 2093 1273; x_wconf 83' lang='lat' dir='ltr'>instrumenta</span> <span class='ocrx_word' id='word_1_484' title='bbox 2110 1241 2154 1272; x_wconf 90' lang='lat' dir='ltr'>ad</span> <span class='ocrx_word' id='word_1_485' title='bbox 2172 1239 2224 1272; x_wconf 86' lang='lat' dir='ltr'>iu-</span> 
     </span>
     <span class='ocr_line' id='line_1_75' title="bbox 1239 1289 2222 1324; baseline 0.001 -2"><span class='ocrx_word' id='word_1_486' title='bbox 1239 1291 1326 1324; x_wconf 78' lang='lat' dir='ltr'>inste</span> <span class='ocrx_word' id='word_1_487' title='bbox 1346 1291 1558 1324; x_wconf 88' lang='lat' dir='ltr'>nocendum.</span> <span class='ocrx_word' id='word_1_488' title='bbox 1618 1289 1669 1322; x_wconf 80' lang='lat' dir='ltr'>lbi</span> <span class='ocrx_word' id='word_1_489' title='bbox 1688 1297 1716 1323; x_wconf 90' lang='lat' dir='ltr'>et</span> <span class='ocrx_word' id='word_1_490' title='bbox 1737 1303 1855 1323; x_wconf 75' lang='lat' dir='ltr'>reruni</span> <span class='ocrx_word' id='word_1_491' title='bbox 1875 1291 2057 1324; x_wconf 86' lang='lat' dir='ltr'>translatio</span> <span class='ocrx_word' id='word_1_492' title='bbox 2076 1292 2112 1323; x_wconf 87' lang='lat' dir='ltr'>in</span> <span class='ocrx_word' id='word_1_493' title='bbox 2131 1291 2222 1323; x_wconf 88' lang='lat' dir='ltr'>bello</span> 
     </span>
     <span class='ocr_line' id='line_1_76' title="bbox 1238 1340 2226 1385; baseline 0.001 -11"><span class='ocrx_word' id='word_1_494' title='bbox 1238 1342 1394 1385; x_wconf 76' lang='lat' dir='ltr'>legitimo</span> <span class='ocrx_word' id='word_1_495' title='bbox 1413 1348 1463 1374; x_wconf 87' lang='lat' dir='ltr'>est</span> <span class='ocrx_word' id='word_1_496' title='bbox 1486 1342 1593 1379; x_wconf 86' lang='lat' dir='ltr'>insta,</span> <span class='ocrx_word' id='word_1_497' title='bbox 1621 1343 1680 1374; x_wconf 81' lang='lat' dir='ltr'>sed</span> <span class='ocrx_word' id='word_1_498' title='bbox 1704 1343 1815 1374; x_wconf 86' lang='lat' dir='ltr'>donec</span> <span class='ocrx_word' id='word_1_499' title='bbox 1840 1341 1927 1374; x_wconf 64' lang='lat' dir='ltr'>x&#39;ivit</span> <span class='ocrx_word' id='word_1_500' title='bbox 1952 1340 2080 1383; x_wconf 78' lang='lat' dir='ltr'>hostis,</span> <span class='ocrx_word' id='word_1_501' title='bbox 2107 1348 2226 1375; x_wconf 82' lang='lat' dir='ltr'>manet</span> 
     </span>
     <span class='ocr_line' id='line_1_77' title="bbox 1240 1391 2224 1439; baseline 0.003 -15"><span class='ocrx_word' id='word_1_502' title='bbox 1240 1394 1417 1426; x_wconf 63' lang='lat' dir='ltr'>xinculnm</span> <span class='ocrx_word' id='word_1_503' title='bbox 1436 1391 1590 1436; x_wconf 76' lang='lat' dir='ltr'>coniugii</span> <span class='ocrx_word' id='word_1_504' title='bbox 1607 1393 1766 1426; x_wconf 66' lang='lat' dir='ltr'>dixinuln</span> <span class='ocrx_word' id='word_1_505' title='bbox 1785 1391 1929 1438; x_wconf 73' lang='lat' dir='ltr'>(Matth.</span> <span class='ocrx_word' id='word_1_506' title='bbox 1949 1393 2006 1434; x_wconf 84' lang='lat'>19,</span> <span class='ocrx_word' id='word_1_507' title='bbox 2026 1393 2094 1439; x_wconf 83' lang='lat'>6.):</span> <span class='ocrx_word' id='word_1_508' title='bbox 2125 1393 2224 1438; x_wconf 83' lang='lat' dir='ltr'>Quos</span> 
     </span>
    </p>
   </div>
   <div class='ocr_carea' id='block_1_11' title="bbox 1240 1441 2226 1543">
    <p class='ocr_par' dir='ltr' id='par_1_17' title="bbox 1240 1441 2226 1543">
     <span class='ocr_line' id='line_1_78' title="bbox 1240 1441 2226 1488; baseline 0.003 -12"><span class='ocrx_word' id='word_1_509' title='bbox 1240 1444 1334 1477; x_wconf 85' lang='lat' dir='ltr'>Deus</span> <span class='ocrx_word' id='word_1_510' title='bbox 1358 1444 1560 1483; x_wconf 78' lang='lat' dir='ltr'>coniunxit,</span> <span class='ocrx_word' id='word_1_511' title='bbox 1589 1441 1696 1477; x_wconf 85' lang='lat' dir='ltr'>homo</span> <span class='ocrx_word' id='word_1_512' title='bbox 1720 1457 1792 1476; x_wconf 86' lang='lat' dir='ltr'>non</span> <span class='ocrx_word' id='word_1_513' title='bbox 1817 1451 1966 1488; x_wconf 81' lang='lat' dir='ltr'>separet.</span> <span class='ocrx_word' id='word_1_514' title='bbox 2020 1445 2226 1479; x_wconf 82' lang='lat' dir='ltr'>Celebratur</span> 
     </span>
     <span class='ocr_line' id='line_1_79' title="bbox 1241 1493 2226 1543; baseline 0.003 -15"><span class='ocrx_word' id='word_1_515' title='bbox 1241 1508 1323 1537; x_wconf 74' lang='lat' dir='ltr'>ergo</span> <span class='ocrx_word' id='word_1_516' title='bbox 1349 1496 1480 1529; x_wconf 86' lang='lat' dir='ltr'>sactum</span> <span class='ocrx_word' id='word_1_517' title='bbox 1503 1495 1642 1528; x_wconf 83' lang='lat' dir='ltr'>Totilae</span> <span class='ocrx_word' id='word_1_518' title='bbox 1668 1493 1811 1529; x_wconf 77' lang='lat' dir='ltr'>Gotliici</span> <span class='ocrx_word' id='word_1_519' title='bbox 1835 1496 1926 1539; x_wconf 79' lang='lat' dir='ltr'>regis</span> <span class='ocrx_word' id='word_1_520' title='bbox 1941 1496 2005 1543; x_wconf 76' lang='lat'>⁸9),</span> <span class='ocrx_word' id='word_1_521' title='bbox 2056 1497 2115 1541; x_wconf 87' lang='lat' dir='ltr'>qui</span> <span class='ocrx_word' id='word_1_522' title='bbox 2146 1505 2226 1542; x_wconf 86' lang='lat' dir='ltr'>post</span> 
     </span>
    </p>
   </div>
   <div class='ocr_carea' id='block_1_12' title="bbox 1240 1545 2228 1682">
    <p class='ocr_par' dir='ltr' id='par_1_18' title="bbox 1240 1545 2228 1682">
     <span class='ocr_line' id='line_1_80' title="bbox 1240 1545 2228 1583; baseline 0.005 -5"><span class='ocrx_word' id='word_1_523' title='bbox 1240 1547 1426 1579; x_wconf 62' lang='lat' dir='ltr'>victoriani</span> <span class='ocrx_word' id='word_1_524' title='bbox 1458 1547 1493 1579; x_wconf 87' lang='lat' dir='ltr'>in</span> <span class='ocrx_word' id='word_1_525' title='bbox 1522 1546 1620 1578; x_wconf 88' lang='lat' dir='ltr'>ltalia</span> <span class='ocrx_word' id='word_1_526' title='bbox 1647 1548 1775 1580; x_wconf 84' lang='lat' dir='ltr'>multas</span> <span class='ocrx_word' id='word_1_527' title='bbox 1798 1545 1963 1580; x_wconf 73' lang='lat' dir='ltr'>honestas</span> <span class='ocrx_word' id='word_1_528' title='bbox 1988 1553 2168 1583; x_wconf 79' lang='lat' dir='ltr'>matronas</span> <span class='ocrx_word' id='word_1_529' title='bbox 2193 1556 2228 1582; x_wconf 82' lang='lat' dir='ltr'>et</span> 
     </span>
     <span class='ocr_line' id='line_1_81' title="bbox 1240 1598 2223 1644; baseline 0.004 -15"><span class='ocrx_word' id='word_1_530' title='bbox 1240 1598 1414 1640; x_wconf 66' lang='lat' dir='ltr'>virgines,</span> <span class='ocrx_word' id='word_1_531' title='bbox 1456 1605 1489 1630; x_wconf 85' lang='lat' dir='ltr'>et</span> <span class='ocrx_word' id='word_1_532' title='bbox 1524 1598 1803 1631; x_wconf 82' lang='lat' dir='ltr'>adolescentulos</span> <span class='ocrx_word' id='word_1_533' title='bbox 1826 1598 1983 1643; x_wconf 79' lang='lat' dir='ltr'>captivos</span> <span class='ocrx_word' id='word_1_534' title='bbox 2008 1599 2142 1633; x_wconf 85' lang='lat' dir='ltr'>remisit</span> <span class='ocrx_word' id='word_1_535' title='bbox 2163 1612 2223 1644; x_wconf 80' lang='lat' dir='ltr'>pa-</span> 
     </span>
     <span class='ocr_line' id='line_1_82' title="bbox 1240 1648 1609 1682; baseline 0.003 -1"><span class='ocrx_word' id='word_1_536' title='bbox 1240 1649 1398 1682; x_wconf 82' lang='lat' dir='ltr'>rentibus</span> <span class='ocrx_word' id='word_1_537' title='bbox 1414 1654 1447 1681; x_wconf 86' lang='lat' dir='ltr'>et</span> <span class='ocrx_word' id='word_1_538' title='bbox 1463 1648 1609 1682; x_wconf 80' lang='lat' dir='ltr'>maritis.</span> 
     </span>
    </p>
   </div>
   <div class='ocr_carea' id='block_1_13' title="bbox 1584 1740 1879 1785">
    <p class='ocr_par' dir='ltr' id='par_1_19' title="bbox 1584 1740 1879 1785">
     <span class='ocr_line' id='line_1_83' title="bbox 1584 1740 1879 1785; baseline 0.003 -11"><span class='ocrx_word' id='word_1_539' title='bbox 1584 1740 1683 1774; x_wconf 68' lang='lat' dir='ltr'>Alia</span> <span class='ocrx_word' id='word_1_540' title='bbox 1713 1743 1879 1785; x_wconf 80' lang='lat' dir='ltr'>regula.</span> 
     </span>
    </p>
   </div>
   <div class='ocr_carea' id='block_1_14' title="bbox 1242 1807 2228 2530">
    <p class='ocr_par' dir='ltr' id='par_1_20' title="bbox 1242 1807 2228 2470">
     <span class='ocr_line' id='line_1_84' title="bbox 1343 1807 2226 1854; baseline 0.007 -14"><span class='ocrx_word' id='word_1_541' title='bbox 1343 1809 1498 1853; x_wconf 79' lang='lat' dir='ltr'>Quando</span> <span class='ocrx_word' id='word_1_542' title='bbox 1522 1807 1630 1842; x_wconf 74' lang='lat' dir='ltr'>liostis</span> <span class='ocrx_word' id='word_1_543' title='bbox 1657 1810 1743 1853; x_wconf 84' lang='lat' dir='ltr'>petit</span> <span class='ocrx_word' id='word_1_544' title='bbox 1766 1823 1907 1854; x_wconf 85' lang='lat' dir='ltr'>pacem,</span> <span class='ocrx_word' id='word_1_545' title='bbox 1941 1813 2153 1845; x_wconf 66' lang='lat' dir='ltr'>servandum</span> <span class='ocrx_word' id='word_1_546' title='bbox 2177 1819 2226 1846; x_wconf 88' lang='lat' dir='ltr'>est</span> 
     </span>
     <span class='ocr_line' id='line_1_85' title="bbox 1242 1860 2227 1908; baseline 0.004 -16"><span class='ocrx_word' id='word_1_547' title='bbox 1242 1860 1295 1893; x_wconf 83' lang='lat' dir='ltr'>ius</span> <span class='ocrx_word' id='word_1_548' title='bbox 1317 1860 1532 1904; x_wconf 82' lang='lat' dir='ltr'>supplicum,</span> <span class='ocrx_word' id='word_1_549' title='bbox 1569 1867 1720 1906; x_wconf 78' lang='lat' dir='ltr'>suntque</span> <span class='ocrx_word' id='word_1_550' title='bbox 1747 1862 1937 1906; x_wconf 85' lang='lat' dir='ltr'>supplices,</span> <span class='ocrx_word' id='word_1_551' title='bbox 1972 1863 2032 1908; x_wconf 84' lang='lat' dir='ltr'>qui</span> <span class='ocrx_word' id='word_1_552' title='bbox 2059 1869 2119 1896; x_wconf 86' lang='lat' dir='ltr'>aut</span> <span class='ocrx_word' id='word_1_553' title='bbox 2139 1862 2227 1897; x_wconf 82' lang='lat' dir='ltr'>nihil</span> 
     </span>
     <span class='ocr_line' id='line_1_86' title="bbox 1242 1912 2226 1955; baseline 0.006 -13"><span class='ocrx_word' id='word_1_554' title='bbox 1242 1917 1452 1955; x_wconf 80' lang='lat' dir='ltr'>peccarunt,</span> <span class='ocrx_word' id='word_1_555' title='bbox 1499 1917 1532 1943; x_wconf 84' lang='lat' dir='ltr'>et</span> <span class='ocrx_word' id='word_1_556' title='bbox 1566 1912 1802 1955; x_wconf 83' lang='lat' dir='ltr'>deprecantur</span> <span class='ocrx_word' id='word_1_557' title='bbox 1839 1913 2021 1947; x_wconf 75' lang='lat' dir='ltr'>manifeste</span> <span class='ocrx_word' id='word_1_558' title='bbox 2060 1914 2226 1948; x_wconf 84' lang='lat' dir='ltr'>iniustam</span> 
     </span>
     <span class='ocr_line' id='line_1_87' title="bbox 1243 1962 2228 2007; baseline 0.005 -13"><span class='ocrx_word' id='word_1_559' title='bbox 1243 1962 1466 2001; x_wconf 66' lang='lat' dir='ltr'>violentiam,</span> <span class='ocrx_word' id='word_1_560' title='bbox 1495 1969 1555 1994; x_wconf 85' lang='lat' dir='ltr'>aut</span> <span class='ocrx_word' id='word_1_561' title='bbox 1572 1963 1633 2007; x_wconf 84' lang='lat' dir='ltr'>qni</span> <span class='ocrx_word' id='word_1_562' title='bbox 1650 1971 1858 2006; x_wconf 81' lang='lat' dir='ltr'>peccarunt,</span> <span class='ocrx_word' id='word_1_563' title='bbox 1884 1965 2018 1999; x_wconf 86' lang='lat' dir='ltr'>faciunt</span> <span class='ocrx_word' id='word_1_564' title='bbox 2036 1970 2153 1999; x_wconf 84' lang='lat' dir='ltr'>tamen</span> <span class='ocrx_word' id='word_1_565' title='bbox 2170 1967 2228 1999; x_wconf 85' lang='lat' dir='ltr'>de-</span> 
     </span>
     <span class='ocr_line' id='line_1_88' title="bbox 1244 2014 2226 2060; baseline 0.005 -15"><span class='ocrx_word' id='word_1_566' title='bbox 1244 2014 1436 2053; x_wconf 86' lang='lat' dir='ltr'>ditionem,</span> <span class='ocrx_word' id='word_1_567' title='bbox 1466 2019 1499 2045; x_wconf 90' lang='lat' dir='ltr'>et</span> <span class='ocrx_word' id='word_1_568' title='bbox 1517 2015 1671 2047; x_wconf 72' lang='lat' dir='ltr'>oss&#39;ernnt</span> <span class='ocrx_word' id='word_1_569' title='bbox 1687 2028 1722 2047; x_wconf 88' lang='lat' dir='ltr'>se</span> <span class='ocrx_word' id='word_1_570' title='bbox 1740 2016 1783 2047; x_wconf 88' lang='lat' dir='ltr'>ad</span> <span class='ocrx_word' id='word_1_571' title='bbox 1802 2028 1955 2060; x_wconf 86' lang='lat' dir='ltr'>poenam</span> <span class='ocrx_word' id='word_1_572' title='bbox 1973 2024 2006 2050; x_wconf 87' lang='lat' dir='ltr'>et</span> <span class='ocrx_word' id='word_1_573' title='bbox 2021 2023 2147 2060; x_wconf 86' lang='lat' dir='ltr'>petunt</span> <span class='ocrx_word' id='word_1_574' title='bbox 2162 2017 2226 2050; x_wconf 82' lang='lat' dir='ltr'>mi-</span> 
     </span>
     <span class='ocr_line' id='line_1_89' title="bbox 1244 2065 2226 2113; baseline 0.004 -17"><span class='ocrx_word' id='word_1_575' title='bbox 1244 2065 1449 2108; x_wconf 70' lang='lat' dir='ltr'>tigationem</span> <span class='ocrx_word' id='word_1_576' title='bbox 1470 2072 1614 2109; x_wconf 84' lang='lat' dir='ltr'>propter</span> <span class='ocrx_word' id='word_1_577' title='bbox 1630 2067 1849 2110; x_wconf 83' lang='lat' dir='ltr'>probabilem</span> <span class='ocrx_word' id='word_1_578' title='bbox 1868 2080 2008 2102; x_wconf 87' lang='lat' dir='ltr'>causam</span> <span class='ocrx_word' id='word_1_579' title='bbox 2021 2095 2030 2109; x_wconf 88' lang='lat'>,</span> <span class='ocrx_word' id='word_1_580' title='bbox 2065 2068 2146 2113; x_wconf 76' lang='lat' dir='ltr'>quia</span> <span class='ocrx_word' id='word_1_581' title='bbox 2166 2073 2226 2101; x_wconf 81' lang='lat' dir='ltr'>aut</span> 
     </span>
     <span class='ocr_line' id='line_1_90' title="bbox 1245 2116 2225 2160; baseline 0.003 -12"><span class='ocrx_word' id='word_1_582' title='bbox 1245 2129 1344 2148; x_wconf 87' lang='lat' dir='ltr'>error</span> <span class='ocrx_word' id='word_1_583' title='bbox 1374 2116 1479 2149; x_wconf 84' lang='lat' dir='ltr'>suerit</span> <span class='ocrx_word' id='word_1_584' title='bbox 1509 2122 1569 2149; x_wconf 86' lang='lat' dir='ltr'>aut</span> <span class='ocrx_word' id='word_1_585' title='bbox 1600 2130 1794 2160; x_wconf 89' lang='lat' dir='ltr'>paucorum</span> <span class='ocrx_word' id='word_1_586' title='bbox 1826 2119 2015 2154; x_wconf 81' lang='lat' dir='ltr'>temeritas.</span> <span class='ocrx_word' id='word_1_587' title='bbox 2080 2118 2225 2152; x_wconf 85' lang='lat' dir='ltr'>Talibus</span> 
     </span>
     <span class='ocr_line' id='line_1_91' title="bbox 1244 2167 2225 2215; baseline 0.002 -15"><span class='ocrx_word' id='word_1_588' title='bbox 1244 2168 1316 2200; x_wconf 55' lang='lat' dir='ltr'>x‘nlt</span> <span class='ocrx_word' id='word_1_589' title='bbox 1336 2168 1430 2211; x_wconf 86' lang='lat' dir='ltr'>parci</span> <span class='ocrx_word' id='word_1_590' title='bbox 1447 2168 1560 2207; x_wconf 87' lang='lat' dir='ltr'>Dens,</span> <span class='ocrx_word' id='word_1_591' title='bbox 1587 2174 1619 2200; x_wconf 83' lang='lat' dir='ltr'>et</span> <span class='ocrx_word' id='word_1_592' title='bbox 1646 2167 1712 2202; x_wconf 86' lang='lat' dir='ltr'>hoc</span> <span class='ocrx_word' id='word_1_593' title='bbox 1737 2169 1789 2202; x_wconf 87' lang='lat' dir='ltr'>ius</span> <span class='ocrx_word' id='word_1_594' title='bbox 1814 2171 2009 2215; x_wconf 85' lang='lat' dir='ltr'>supplicum</span> <span class='ocrx_word' id='word_1_595' title='bbox 2033 2170 2145 2204; x_wconf 86' lang='lat' dir='ltr'>sancit</span> <span class='ocrx_word' id='word_1_596' title='bbox 2170 2169 2225 2202; x_wconf 84' lang='lat' dir='ltr'>lex</span> 
     </span>
     <span class='ocr_line' id='line_1_92' title="bbox 1244 2220 2225 2266; baseline 0.001 -14"><span class='ocrx_word' id='word_1_597' title='bbox 1244 2220 1308 2252; x_wconf 78' lang='lat' dir='ltr'>Dei</span> <span class='ocrx_word' id='word_1_598' title='bbox 1329 2220 1518 2252; x_wconf 78' lang='lat' dir='ltr'>Deuteron.</span> <span class='ocrx_word' id='word_1_599' title='bbox 1534 2220 1595 2258; x_wconf 76' lang='lat'>20,</span> <span class='ocrx_word' id='word_1_600' title='bbox 1614 2220 1689 2265; x_wconf 89' lang='lat'>(10.</span> <span class='ocrx_word' id='word_1_601' title='bbox 1717 2221 1811 2266; x_wconf 87' lang='lat'>11.),</span> <span class='ocrx_word' id='word_1_602' title='bbox 1839 2222 1898 2254; x_wconf 82' lang='lat' dir='ltr'>ubi</span> <span class='ocrx_word' id='word_1_603' title='bbox 1915 2222 2030 2266; x_wconf 88' lang='lat' dir='ltr'>primo</span> <span class='ocrx_word' id='word_1_604' title='bbox 2056 2221 2152 2255; x_wconf 82' lang='lat' dir='ltr'>iubet</span> <span class='ocrx_word' id='word_1_605' title='bbox 2175 2222 2225 2254; x_wconf 88' lang='lat' dir='ltr'>os-</span> 
     </span>
     <span class='ocr_line' id='line_1_93' title="bbox 1244 2272 2226 2317; baseline 0.001 -13"><span class='ocrx_word' id='word_1_606' title='bbox 1244 2272 1324 2304; x_wconf 70' lang='lat' dir='ltr'>l&#39;erri</span> <span class='ocrx_word' id='word_1_607' title='bbox 1351 2284 1493 2315; x_wconf 83' lang='lat' dir='ltr'>pacem,</span> <span class='ocrx_word' id='word_1_608' title='bbox 1522 2277 1556 2303; x_wconf 81' lang='lat' dir='ltr'>et</span> <span class='ocrx_word' id='word_1_609' title='bbox 1579 2272 1786 2306; x_wconf 77' lang='lat' dir='ltr'>dedentibus</span> <span class='ocrx_word' id='word_1_610' title='bbox 1814 2285 1848 2305; x_wconf 88' lang='lat' dir='ltr'>se</span> <span class='ocrx_word' id='word_1_611' title='bbox 1870 2273 1977 2317; x_wconf 90' lang='lat' dir='ltr'>parci.</span> <span class='ocrx_word' id='word_1_612' title='bbox 2029 2272 2116 2306; x_wconf 83' lang='lat' dir='ltr'>Item</span> <span class='ocrx_word' id='word_1_613' title='bbox 2132 2273 2226 2305; x_wconf 84' lang='lat' dir='ltr'>Deu-</span> 
     </span>
     <span class='ocr_line' id='line_1_94' title="bbox 1245 2320 2224 2370; baseline 0.003 -15"><span class='ocrx_word' id='word_1_614' title='bbox 1245 2330 1357 2356; x_wconf 83' lang='lat' dir='ltr'>teron.</span> <span class='ocrx_word' id='word_1_615' title='bbox 1377 2323 1438 2361; x_wconf 73' lang='lat'>24,</span> <span class='ocrx_word' id='word_1_616' title='bbox 1457 2320 1567 2368; x_wconf 82' lang='grc'>(16.);</span> <span class='ocrx_word' id='word_1_617' title='bbox 1595 2322 1705 2357; x_wconf 84' lang='lat' dir='ltr'>Filius</span> <span class='ocrx_word' id='word_1_618' title='bbox 1726 2337 1799 2357; x_wconf 88' lang='lat' dir='ltr'>non</span> <span class='ocrx_word' id='word_1_619' title='bbox 1821 2324 1976 2368; x_wconf 86' lang='lat' dir='ltr'>portabit</span> <span class='ocrx_word' id='word_1_620' title='bbox 2001 2324 2224 2370; x_wconf 84' lang='lat' dir='ltr'>iniquitatem</span> 
     </span>
     <span class='ocr_line' id='line_1_95' title="bbox 1244 2374 2226 2421; baseline 0.003 -15"><span class='ocrx_word' id='word_1_621' title='bbox 1244 2374 1373 2418; x_wconf 88' lang='lat' dir='ltr'>patris,</span> <span class='ocrx_word' id='word_1_622' title='bbox 1414 2375 1473 2408; x_wconf 86' lang='lat' dir='ltr'>sed</span> <span class='ocrx_word' id='word_1_623' title='bbox 1505 2375 1745 2420; x_wconf 86' lang='lat' dir='ltr'>unusquisque</span> <span class='ocrx_word' id='word_1_624' title='bbox 1775 2381 1920 2419; x_wconf 89' lang='lat' dir='ltr'>propter</span> <span class='ocrx_word' id='word_1_625' title='bbox 1948 2376 2134 2421; x_wconf 87' lang='lat' dir='ltr'>proprium</span> <span class='ocrx_word' id='word_1_626' title='bbox 2168 2376 2226 2409; x_wconf 86' lang='lat' dir='ltr'>de-</span> 
     </span>
     <span class='ocr_line' id='line_1_96' title="bbox 1244 2425 1563 2470; baseline -0.003 -12"><span class='ocrx_word' id='word_1_627' title='bbox 1244 2426 1363 2459; x_wconf 83' lang='lat' dir='ltr'>lictum</span> <span class='ocrx_word' id='word_1_628' title='bbox 1386 2425 1563 2470; x_wconf 86' lang='lat' dir='ltr'>puniatur.</span> 
     </span>
    </p>

    <p class='ocr_par' dir='ltr' id='par_1_21' title="bbox 1346 2483 2222 2530">
     <span class='ocr_line' id='line_1_97' title="bbox 1346 2483 2222 2530; baseline 0.003 -11"><span class='ocrx_word' id='word_1_629' title='bbox 1346 2486 1402 2519; x_wconf 88' lang='lat' dir='ltr'>Sic</span> <span class='ocrx_word' id='word_1_630' title='bbox 1421 2492 1454 2518; x_wconf 84' lang='lat' dir='ltr'>et</span> <span class='ocrx_word' id='word_1_631' title='bbox 1469 2483 1597 2517; x_wconf 81' lang='lat' dir='ltr'>ethnici</span> <span class='ocrx_word' id='word_1_632' title='bbox 1625 2485 1678 2518; x_wconf 88' lang='lat' dir='ltr'>ius</span> <span class='ocrx_word' id='word_1_633' title='bbox 1701 2486 1896 2529; x_wconf 83' lang='lat' dir='ltr'>supplicum</span> <span class='ocrx_word' id='word_1_634' title='bbox 1923 2487 2084 2530; x_wconf 82' lang='lat' dir='ltr'>religiose</span> <span class='ocrx_word' id='word_1_635' title='bbox 2108 2500 2222 2522; x_wconf 73' lang='lat' dir='ltr'>serva-</span> 
     </span>
    </p>
   </div>
   <div class='ocr_carea' id='block_1_15' title="bbox 1244 2536 2224 2585">
    <p class='ocr_par' dir='ltr' id='par_1_22' title="bbox 1244 2536 2224 2585">
     <span class='ocr_line' id='line_1_98' title="bbox 1244 2536 2224 2585; baseline 0.005 -17"><span class='ocrx_word' id='word_1_636' title='bbox 1244 2537 1340 2570; x_wconf 85' lang='lat' dir='ltr'>bant.</span> <span class='ocrx_word' id='word_1_637' title='bbox 1405 2536 1451 2570; x_wconf 81' lang='lat' dir='ltr'>Et</span> <span class='ocrx_word' id='word_1_638' title='bbox 1473 2536 1745 2570; x_wconf 85' lang='lat' dir='ltr'>Lacedaemonii</span> <span class='ocrx_word' id='word_1_639' title='bbox 1772 2537 1963 2581; x_wconf 64' lang='lat' dir='ltr'>vituperati</span> <span class='ocrx_word' id='word_1_640' title='bbox 1985 2546 2086 2580; x_wconf 88' lang='lat' dir='ltr'>sunt,</span> <span class='ocrx_word' id='word_1_641' title='bbox 2129 2540 2224 2585; x_wconf 89' lang='lat' dir='ltr'>quod</span> 
     </span>
    </p>
   </div>
   <div class='ocr_carea' id='block_1_16' title="bbox 1246 2625 1340 2629">
    <p class='ocr_par' dir='ltr' id='par_1_23' title="bbox 1246 2625 1340 2629">
     <span class='ocr_line' id='line_1_99' title="bbox 1246 2625 1340 2629; baseline 0 0"><span class='ocrx_word' id='word_1_642' title='bbox 1246 2625 1340 2629; x_wconf 95' lang='lat' dir='ltr'> </span> 
     </span>
    </p>
   </div>
   <div class='ocr_carea' id='block_1_17' title="bbox 1342 2626 1450 2629">
    <p class='ocr_par' dir='ltr' id='par_1_24' title="bbox 1342 2626 1450 2629">
     <span class='ocr_line' id='line_1_100' title="bbox 1342 2626 1450 2629; baseline 0 0"><span class='ocrx_word' id='word_1_643' title='bbox 1342 2626 1450 2629; x_wconf 95' lang='lat' dir='ltr'> </span> 
     </span>
    </p>
   </div>
   <div class='ocr_carea' id='block_1_18' title="bbox 1277 2672 2221 2736">
    <p class='ocr_par' dir='ltr' id='par_1_25' title="bbox 1277 2672 2221 2736">
     <span class='ocr_line' id='line_1_101' title="bbox 1277 2672 2221 2702; baseline 0.008 -8"><span class='ocrx_word' id='word_1_644' title='bbox 1277 2672 1324 2697; x_wconf 65' lang='lat'>89)</span> <span class='ocrx_word' id='word_1_645' title='bbox 1353 2672 1578 2699; x_wconf 55' lang='lat' dir='ltr'>Ostrogotnorum</span> <span class='ocrx_word' id='word_1_646' title='bbox 1594 2689 1601 2699; x_wconf 86' lang='grc'>,</span> <span class='ocrx_word' id='word_1_647' title='bbox 1636 2678 1747 2701; x_wconf 79' lang='lat' dir='ltr'>quornm</span> <span class='ocrx_word' id='word_1_648' title='bbox 1773 2679 1885 2700; x_wconf 63' lang='lat' dir='ltr'>reenum</span> <span class='ocrx_word' id='word_1_649' title='bbox 1908 2673 1936 2698; x_wconf 81' lang='lat' dir='ltr'>in</span> <span class='ocrx_word' id='word_1_650' title='bbox 1962 2675 2040 2699; x_wconf 85' lang='lat' dir='ltr'>ltalia</span> <span class='ocrx_word' id='word_1_651' title='bbox 2063 2676 2221 2702; x_wconf 67' lang='lat'><strong>⁴9³—554</strong></span> 
     </span>
     <span class='ocr_line' id='line_1_102' title="bbox 1312 2706 1818 2736; baseline 0.004 -8"><span class='ocrx_word' id='word_1_652' title='bbox 1312 2707 1405 2736; x_wconf 76' lang='lat' dir='ltr'>stetit,</span> <span class='ocrx_word' id='word_1_653' title='bbox 1425 2712 1472 2729; x_wconf 84' lang='lat' dir='ltr'>rex</span> <span class='ocrx_word' id='word_1_654' title='bbox 1491 2706 1540 2729; x_wconf 82' lang='lat' dir='ltr'>suit</span> <span class='ocrx_word' id='word_1_655' title='bbox 1559 2707 1646 2730; x_wconf 80' lang='lat' dir='ltr'>Totita</span> <span class='ocrx_word' id='word_1_656' title='bbox 1663 2707 1818 2732; x_wconf 76' lang='lat'>540—552.</span> 
     </span>
    </p>
   </div>
  </div>
 </body>
</html>
