2347 3000
236 136 331 173 1035

411 272 441 307 1.
496 269 554 305 ΙΝ

801 131 923 166 PHlL.
959 130 1070 165 MEL.
1105 128 1305 164 SCRIPTA
1341 130 1674 166 PHILOLOGICA.

596 265 958 303 ORATIONEM
1000 263 1329 301 CICERONIS
1373 264 1487 301 PRO

2159 132 2257 166 1036

1529 265 1780 302 MURENA
1823 264 2088 302 SCHOLIA

893 341 1131 371 PlllLIPPI
1162 340 1553 371 MELANTHONIS
1574 340 1612 379 ¹).

563 436 591 468 Α
605 447 620 467 ι·
632 449 651 479 g
664 448 684 468 u
697 449 728 467 m
743 448 758 467 e
770 441 845 468 ntu
857 449 902 470 m.

241 505 327 555 &iub
354 526 510 553 extremo
538 525 697 562 tempore
725 520 927 552 consulatus
954 517 1134 551 Ciceronis
1166 529 1225 561 pe-

241 572 319 604 tixit
359 570 578 603 consulatum
615 570 786 609 Murena,
829 583 934 615 quem
975 570 1121 614 putabat
1151 568 1225 601 Ser.

239 622 413 666 Sulpicius
438 621 531 654 soliis
553 621 618 654 sibi
644 621 812 654 obsistere
836 634 956 664 posse,
985 621 1079 665 quod
1107 619 1226 651 notior

241 672 459 706 multitudini
484 678 590 711 essct,
626 674 721 716 quod
757 678 854 715 pater
887 684 968 705 sniis
1003 677 1033 703 et
1064 670 1134 714 ipse
1162 670 1227 701 im·-

242 731 422 768 peratores
444 722 482 754 iii
507 723 597 755 bello
620 723 777 755 fuissent.
829 722 951 767 ltaque
980 728 1018 754 ut
1045 721 1158 764 ipsimi
1183 721 1226 752 al)

243 774 308 808 boc
332 773 469 808 lionore
496 774 705 818 depelleret,
741 773 832 806 diem
863 773 962 806 dixit.
1017 772 1142 805 Oratio
1168 783 1227 803 au-

242 833 311 859 tern
340 832 390 859 est
405 825 435 871 2)
462 825 597 868 generis
625 824 806 857 iudicialis.
867 823 1009 857 Serxius
1045 823 1137 855 enini
1173 834 1229 854 ac-

243 884 340 911 cusat
372 876 580 916 Murenam,
622 882 661 909 ut
692 876 913 908 consulatum
952 875 1000 907 illi
1034 873 1230 918 praeripiat

243 928 448 972 dupliciter:
477 927 653 972 primum,
693 926 774 971 quia
798 939 872 958 iiiiii
899 926 981 960 satis
1009 926 1053 959 sit
1079 924 1229 968 dignita-

245 981 287 1013 tis
315 980 348 1011 in
377 979 547 1012 Murenae
576 990 746 1022 persoiia3
783 978 909 1009 deinde
944 977 1063 1009 obiicit
1095 976 1228 1008 crimen

511 1029 632 1061 Cicero
659 1029 813 1060 defendit
839 1029 1047 1068 Murenam,
1075 1040 1153 1059 cum
1179 1026 1229 1058 di-

247 1094 343 1114 versa
359 1080 466 1125 sint³)
484 1080 645 1118 crimina,
667 1079 719 1110 dix
730 1079 796 1111 ersi
814 1079 901 1111 fiunt
920 1085 1030 1112 status
1047 1077 1230 1110 orationis.

244 1132 386 1165 Primus
408 1137 518 1165 status
540 1137 591 1164 est
617 1130 874 1164 coniecturalis.
935 1129 1110 1162 infitiatur
1136 1128 1229 1161 enim

246 1183 368 1215 (licero
386 1183 514 1226 probra
534 1182 668 1213 obiecta
686 1181 875 1219 Murenae;
904 1181 1031 1213 deinde
1048 1179 1147 1212 addit
1162 1179 1231 1211 col-

246 1234 396 1266 lationes
427 1234 597 1278 quasdam
630 1245 671 1264 cx
700 1244 826 1275 genere
862 1231 1162 1269 demonstratixo,
1195 1229 1230 1260 in

247 1285 374 1330 quihus
398 1284 586 1328 praecipue
612 1283 717 1326 digna
752 1289 803 1316 est
827 1283 1064 1315 adnm-atione
1090 1280 1230 1313 collatio

246 1336 298 1369 rei
321 1335 503 1375 militaris,
540 1334 763 1380 eloquentiae
786 1340 819 1366 et
843 1334 1009 1368 scientiae
1037 1333 1134 1366 iuris.
1193 1330 1232 1363 lii

247 1387 359 1420 altero
391 1385 537 1419 crimine
570 1386 682 1419 utitur
714 1385 831 1430 primo
868 1384 1097 1418 coniecturali
1127 1389 1233 1421 statu,

248 1437 352 1482 negat
377 1438 551 1470 ambitum
576 1438 706 1469 factum
731 1449 818 1474 esse;
849 1438 907 1469 sed
947 1449 1057 1481 quum
1082 1435 1231 1468 'Murena

248 1489 462 1535 praebuerat
477 1489 508 1533 4)
533 1489 707 1533 quaedam
738 1500 885 1520 munera
920 1488 1072 1531 populo,
1108 1484 1234 1518 transit

250 1541 372 1575 Cicero
396 1541 439 1573 ad
462 1539 638 1573 finitivum
665 1544 816 1580 statum,
842 1543 946 1582 negat
969 1539 1055 1571 illud
1080 1536 1233 1576 officinm

251 1605 322 1626 esse.
350 1591 544 1630 ambitum,
572 1597 606 1623 et
630 1590 805 1634 disputat,
832 1590 906 1633 lege
931 1602 1005 1622 non
1029 1587 1235 1632 simpliciter

251 1655 393 1677 omnem
411 1641 658 1675 liberalitatem
674 1639 867 1684 prohiberi.
903 1640 964 1672 Est
982 1646 1015 1672 et
1034 1638 1089 1672 bic
1106 1641 1234 1672 inserta

251 1693 501 1728 iucundissima
534 1690 762 1736 reprehensio
798 1691 953 1724 Catonis.
1030 1691 1122 1724 Nam
1158 1701 1236 1721 cnm

252 1746 441 1779 Murenam
469 1743 639 1776 autoritas
665 1742 809 1774 Catonis
837 1747 1107 1785 praegravaret,
1149 1752 1237 1783 opus

244 1032 285 1063 di·
311 1030 455 1063 ambitu.

252 1797 320 1830 suit
342 1808 418 1828 eain
445 1794 627 1827 extenuari
645 1793 680 1825 in
698 1791 766 1825 lioc
784 1792 932 1829 iiidirio;
963 1798 995 1823 et
1014 1804 1026 1823 x
1039 1792 1099 1823 idit
1118 1797 1237 1823 tamen

255 1848 378 1881 Cicero
400 1846 615 1892 parcendum
626 1845 655 1890 ⁵)
677 1857 748 1877 esse
765 1843 927 1886 dignitati
947 1842 1102 1876 Catonis.
1155 1840 1237 1873 Ideo

255 1899 421 1932 transfert
439 1909 579 1930 causam
596 1895 794 1939 asperitatis
810 1895 846 1926 in
856 1894 1010 1927 Stoicam
1027 1892 1239 1931 doctrinam,

258 1957 291 1983 ct
325 1947 417 1982 lianc
446 1949 556 1980 facete
591 1947 737 1979 deridet.

258 2000 443 2034 consilium
467 1998 668 2038 Ciceronis,
704 1997 800 2042 quod
830 1996 879 2029 ita
913 1995 1112 2028 extenuarit
1142 2000 1240 2027 auto-

257 2051 400 2085 ritatem
425 2049 588 2089 Catonis,
622 2055 662 2081 ut
696 2054 816 2081 tamen
849 2046 1013 2090 dignitati
1033 2045 1242 2090 pepercerit,

258 2115 299 2136 ae
324 2102 397 2136 sine
424 2100 590 2133 conviciis·
616 2112 696 2132 eum
722 2098 821 2131 molli
847 2098 994 2130 articulo
1014 2096 1067 2141 (ut
1086 2097 1159 2140 ipse
1178 2096 1242 2139 ait)

260 2152 475 2187 tractaverit.
528 2150 568 2184 lii
590 2152 657 2184 fine
683 2156 765 2183 sunt
791 2149 929 2182 additae
954 2148 1122 2188 rationes,
1150 2161 1243 2180 suin-

261 2210 342 2249 ptae
372 2215 391 2237 a
424 2202 589 2248 periculis
619 2200 853 2246 re1publicae,
900 2206 1072 2245 quantum
1104 2199 1244 2237 reserat,

298 2341 327 2368 1)
348 2340 420 2363 Haec
444 2337 546 2361 scholia
571 2336 599 2359 iii
618 2335 701 2359 Editt.
728 2334 820 2363 i539.‚
848 2334 938 2359 1553..
968 2334 1040 2357 1554.
1063 2334 1088 2355 et
1110 2331 1182 2355 1508.
1203 2332 1246 2354 iii-
1271 2340 1273 2347 >

331 2374 434 2402 scripta
453 2373 530 2395 sunt:
550 2371 578 2394 lii
599 2370 750 2393 oratioiieiii
765 2368 906 2392 Ciceronis
927 2373 973 2396 pro
988 2368 1017 2392 L.
1031 2368 1145 2390 Murena
1161 2367 1246 2390 scho-

331 2408 384 2437 lia,
404 2407 526 2435 Philippo
545 2404 752 2427 Melaiichttioiie
771 2403 962 2431 praelegente,
983 2403 1103 2430 excepta.

298 2450 329 2479 2)
349 2450 438 2473 antem
458 2449 513 2476 est]
532 2447 571 2470 sie
588 2446 637 2470 Ed.
658 2444 750 2474 1554.;
768 2444 850 2468 Editt.
872 2443 962 2476 ¹539.‚
984 2444 1058 2468 1553.
1079 2444 1122 2467 cst
1140 2444 1246 2471 autenm

331 2485 380 2507 Ed.
401 2483 474 2507 1568.
493 2483 583 2506 autem
603 2480 733 2512 (omissoz
754 2477 820 2509 est).

299 2528 329 2555 3)
349 2527 460 2550 diversa
478 2525 546 2553 sint]
572 2524 612 2548 sic
630 2523 714 2547 Editt.
741 2521 833 2552 153⁹„
863 2521 954 2553 1553„
985 2522 1075 2552 i554.;
1103 2520 1151 2545 Ed.
1174 2519 1247 2543 1568.

333 2561 388 2583 sint
406 2560 524 2582 diversa.

300 2605 331 2630 4)
351 2602 527 2632 praebuerat]
558 2601 598 2624 sie
623 2599 672 2624 Ed.
703 2599 792 2629 1539.;
821 2598 904 2623 Editt.
934 2598 1026 2627 1553.‚
1056 2598 1145 2629 1554.‚
1173 2597 1246 2621 1568.

335 2635 496 2667 praebuerit.

301 2682 332 2708 5]
353 2677 530 2709 parcendum]
549 2676 598 2699 Ed.
618 2677 691 2700 1568.
712 2677 821 2706 typogr.
841 2681 953 2700 errore:
973 2674 1131 2705 parendum.

302 2725 334 2752 6)
354 2720 465 2751 Quintil.
484 2719 570 2743 instit.
591 2721 658 2742 orat.
679 2718 733 2749 XI,
756 2719 787 2742 1.
806 2718 846 2742 70.

1278 447 1321 467 ne
1356 434 1558 467 consulatus
1595 433 1766 477 eripiatur
1797 433 1980 468 Murenae.
2059 431 2109 465 lia
2151 437 2260 466 status

1278 485 1379 518 initio
1405 484 1599 530 quaerendi
1622 490 1721 524 sunt,
1747 490 1787 516 iit
1807 484 1941 527 negotii
1958 496 2093 517 sumnia
2115 482 2261 526 intelligi

1278 536 1388 580 possit
1414 549 1452 567 ac
1478 535 1633 579 prospici
1657 534 1829 567 orationis
1852 535 1942 573 finis,
1970 534 2029 579 qui
2054 532 2109 567 bic
2135 540 2196 574 est,
2224 539 2263 566 ut

1279 587 1429 620 Murena
1452 586 1632 619 absolutus
1656 585 1804 629 recipiat
1828 585 2047 629 dignitatem.

1380 636 1576 670 Exordium
1603 649 1676 669 non
1709 642 1846 669 constat
1876 635 2003 669 usitata
2037 636 2170 675 forma,
2203 635 2263 668 sed

1280 686 1387 721 liabet
1417 688 1657 721 excusationes
1689 687 1874 732 quasdam.
1924 683 2116 718 lnclioatur
2145 691 2263 718 autem

1281 752 1299 771 a
1325 745 1429 779 xoto,
1457 745 1495 772 ut
1521 745 1609 772 esset
1633 737 1862 781 aiispieacins.
1913 736 2050 769 Deinde
2075 741 2215 769 excusat
2230 748 2266 769 se

1282 790 1428 829 Catoni,
1480 790 1541 834 qni
1587 787 1864 834 reprehenderat
1899 787 2126 827 Ciceronem,
2169 787 2266 832 quod

1283 840 1426 886 reiiiii⁷)
1466 840 1618 873 ambitus
1650 841 1863 872 defenderet.
1930 838 2052 871 Cicero
2077 838 2269 882 respondet

1282 890 1347 925 bac
1370 892 1635 936 propositione:
1663 891 1772 924 Decet
1798 889 2020 932 designatum
2045 888 2224 922 consulem
2247 901 2267 922 a

1283 944 1424 976 consule
1457 943 1614 980 defendi;
1650 948 1683 975 et
1706 941 1845 975 subiicit
1866 947 2019 985 quatuor
2048 945 2270 983 argumenta.

1284 994 1443 1026 l’rimnm
1470 999 1717 1036 argumentum
1740 992 1891 1025 sumitur
1913 1004 1930 1023 a
1954 990 2200 1024 similitudine:
2228 989 2269 1023 In

1284 1045 1415 1078 iudicio
1443 1043 1633 1087 emptionis
1658 1042 1822 1076 venditor
1856 1042 1961 1074 debet
1991 1041 2145 1085 emptori
2167 1052 2270 1085 prae-

1284 1102 1375 1129 stare
1400 1095 1597 1139 periculum
1629 1094 1680 1126 rei
1701 1093 1882 1130 venditae3
1918 1104 1981 1135 ego
2005 1104 2083 1124 inea
2109 1103 2193 1124 voce
2214 1104 2270 1125 re-

1284 1146 1446 1179 nuntiavi
1468 1146 1657 1178 Murenam
1681 1144 1880 1182 consulein,
1912 1149 1944 1175 et
1977 1142 2073 1175 velut
2102 1141 2211 1176 tribui
2239 1143 2270 1176 ei

1286 1197 1542 1241 possessionem
1574 1196 1794 1229 consulatus:
1832 1206 1915 1238 ergo
1946 1206 2040 1226 nunc
2073 1193 2268 1237 pericnlum

1287 1254 1464 1292 praestare
1481 1247 1604 1280 debeo.
1658 1247 1859 1279 Secundum
1877 1245 1920 1277 ab
1939 1244 2115 1288 exemplo:
2138 1243 2178 1277 In
2194 1244 2271 1278 aliis

1286 1298 1485 1332 cixitatibus
1513 1304 1614 1342 turpe
1639 1297 1798 1337 ducitur,
1826 1295 2072 1339 magistratum
2097 1307 2114 1328 a
2131 1295 2270 1340 privato

1286 1350 1445 1383 defendi:
1491 1361 1573 1393 ergo
1611 1349 1705 1392 apud
1746 1361 1810 1381 nos
1849 1348 1955 1380 etiain
1994 1344 2183 1380 honestum
2216 1347 2272 1387 sit,

1287 1401 1468 1434 consulein
1493 1412 1512 1432 a
1538 1400 1681 1433 consule
1704 1399 1857 1432 defendi.
1916 1397 2079 1430 Tertium
2103 1409 2143 1430 ex
2168 1408 2271 1431 caiisa

1288 1452 1491 1496 impulsiva:
1509 1451 1665 1484 Maxime
1682 1450 1855 1483 afficimur
1872 1448 1913 1482 iis
1929 1448 2093 1492 periculis
2109 1448 2274 1489 aliorum,

1288 1504 1415 1549 quilius
1438 1515 1504 1536 nos
1525 1502 1701 1546 perfuncti
1726 1513 1862 1536 sunnis:
1892 1512 1975 1543 ergo
2001 1505 2034 1533 et
2057 1512 2120 1543 ego
2140 1499 2274 1532 afficior

1288 1554 1453 1599 periculis
1477 1554 1561 1586 novi
1587 1552 1759 1593 consulis,
1798 1563 1888 1598 qnae
1921 1551 2022 1583 video
2056 1550 2210 1595 plurima
2241 1550 2274 1583 ei

1290 1606 1452 1638 obeunda
1480 1617 1562 1639 esse.
1617 1604 1794 1648 Quartum
1820 1614 1839 1635 a
1864 1602 2021 1646 periculo
2045 1601 2273 1645 reipublicae:

1290 1657 1347 1689 Me
1366 1656 1544 1689 consulein
1561 1656 1660 1688 decet
1674 1654 1875 1698 prospicere
1890 1652 2123 1696 reipublic-'iffi
2146 1664 2274 1696 magno

1289 1713 1408 1740 autem
1431 1706 1468 1738 in
1492 1706 1648 1750 periculo
1676 1705 1742 1737 erit
1767 1704 1984 1748 respublica,
2012 1703 2077 1736 nisi
2096 1703 2167 1735 sint
2189 1703 2273 1736 certi

1292 1758 1467 1790 eonsules:
1505 1770 1588 1801 ergo
1620 1757 1860 1789 defendendus
1892 1761 1941 1787 est
1968 1754 2088 1787 consul
2113 1754 2275 1788 Murena.

1291 1809 1418 1841 Postea
1443 1807 1546 1840 diluit
1569 1809 1638 1839 duo
1658 1807 1802 1839 Catonis
1826 1811 2051 1849 argumenta:
2080 1804 2201 1849 Turpe
2226 1811 2277 1838 est

1293 1858 1410 1891 autori
1433 1858 1518 1902 legis
1541 1859 1582 1891 de
1608 1858 1756 1897 ambitu,
1784 1857 1970 1889 defendere
1988 1866 2087 1888 reum
2105 1855 2274 1893 amliitiis;

862 1946 868 1951 ,
917 1945 950 1951 ,,
1065 1945 1068 1950 ,
1266 1930 1268 1947 ;
1294 1910 1396 1942 diluit
1419 1920 1483 1953 per
1513 1908 1780 1942 infitiationem:
1817 1907 1938 1951 Turpe
1972 1913 2059 1939 esset
2089 1907 2276 1940 defendere

799 1946 1042 1990 Quintilianus
1054 1945 1084 1989 b)
1119 1944 1241 1975 laudat
1266 1952 1268 1972 i

1294 1961 1504 1999 Murenam,
1532 1960 1559 1993 si
1577 1959 1606 2005 8)
1632 1960 1762 1992 faterer
1787 1971 1867 1991 enm
1893 1958 2044 1991 ambitus
2068 1970 2168 1991 reum
2193 1970 2277 1992 esse.

1294 2012 1413 2044 Altera
1432 2010 1609 2043 cavillatio
1626 2009 1770 2043 Catonis
1787 2015 1854 2043 est:
1884 2009 2006 2041 Cicero
2034 2015 2134 2041 antea
2157 2021 2276 2042 severe

1296 2062 1399 2107 gessit
1425 2062 1665 2102 consulatum,
1692 2073 1786 2094 nunc
1812 2066 1957 2105 propter
1982 2058 2072 2092 lianc
2095 2060 2276 2093 lenitatem

1298 2114 1437 2146 xidetur
1467 2112 1519 2146 sui
1550 2112 1739 2145 dissimilis.
1805 2111 2030 2155 Respondet,
2071 2110 2277 2145 diSsiniilein

1298 2176 1369 2198 esse
1387 2175 1540 2204 causam,
1568 2175 1629 2196 cnr
1645 2169 1748 2196 antea
1765 2162 1871 2196 fuerit
1888 2173 2041 2202 severus,
2068 2173 2162 2195 nunc
2177 2162 2278 2197 lenis.

1297 2216 1412 2248 Porro
1454 2213 1597 2249 Servius
1640 2214 1746 2247 etiam
1789 2219 1931 2258 questus
1947 2213 1977 2259 9)
2028 2213 2141 2246 suerat
2158 2239 2168 2253 ‚
2221 2213 2278 2247 Ci-

1299 2279 1463 2300 ceronem
1482 2266 1630 2299 oblitum
1650 2264 1837 2305 amicitiae,
1855 2276 1944 2310 quae
1960 2264 2051 2297 inter
2070 2263 2163 2309 ipsos
2178 2271 2279 2305 esset,

1300 2324 1423 2351 contra
1448 2329 1483 2350 se
1504 2317 1542 2349 in
1564 2316 1695 2349 indicio
1717 2315 1849 2350 venire.
1903 2315 2024 2348 Cicero
2049 2315 2206 2360 quinque
2224 2328 2279 2348 ar-

1300 2367 1475 2412 gumentis
1505 2367 1677 2407 ostendit,
1710 2379 1825 2412 neque
1856 2365 2048 2398 amicitiani
2074 2377 2092 2398 a
2116 2378 2150 2400 se
2176 2367 2279 2407 laedi,

1298 2431 1414 2465 neque
1434 2425 1557 2451 contra
1569 2418 1721 2451 officium
1732 2416 1822 2450 hanc
1833 2416 2072 2450 defensionem
2083 2424 2279 2462 susceptam

1300 2483 1383 2504 esse.
1436 2469 1599 2503 Primum
1616 2474 1862 2511 argumentum
1880 2473 1946 2501 est:
1969 2467 2159 2512 Tantisper
2177 2469 2281 2501 amici

1301 2521 1495 2555 adiuvandi
1517 2527 1618 2560 sunt,
1645 2522 1730 2554 duni
1752 2519 1788 2552 id
1809 2518 1884 2552 fieri
1907 2525 2022 2564 potest
2038 2519 2113 2553 sine
2129 2519 2279 2553 aliorum

1335 2630 1366 2658 7)
1386 2630 1475 2657 reum]
1494 2628 1543 2652 Ed.
1565 2627 1639 2651 1568.
1658 2628 1768 2656 typogr.
1789 2631 1899 2649 errore:
1918 2631 2018 2649 rerum.

1335 2673 1367 2700 8)
1387 2672 1425 2700 si]
1445 2671 1485 2694 sic
1503 2669 1586 2693 Editt.
1607 2668 1699 2699 1539.,
1728 2668 1818 2696 1554.;
1843 2668 1869 2691 iii
1888 2668 1970 2693 Euat.
1992 2668 2082 2698 1553.‚
2104 2668 2176 2693 1568.
2198 2668 2282 2693 deest.

1336 2715 1367 2741 9)
1388 2714 1515 2744 questus]
1536 2712 1585 2735 Ed.
1608 2711 1683 2734 1554.
1702 2712 1841 2741 quaestus.
