2347 3000
205 102 277 136 859
776 94 897 128 PHIL.
934 92 1045 127 MEL.

208 187 264 221 sed
285 196 398 229 parce.
450 182 561 216 Fluxa
581 188 685 226 atque
703 181 852 219 caduca,
883 179 914 211 id
934 185 1002 218 est,
1030 178 1187 217 fluentia,

209 235 414 275 imbecillia,
443 233 689 267 inconstantia.

312 287 412 320 hova
443 291 543 323 sunt,
581 289 657 326 post
689 281 785 313 illam
820 287 969 313 aetatem
1005 287 1106 319 nata,
1152 286 1191 312 ut

212 338 362 371 mutatio
381 335 517 380 imperii
534 334 643 365 multa
665 332 834 364 xocabula
852 337 983 370 mutat,
1011 337 1039 362 et
1062 337 1100 363 ut
1116 343 1191 363 eae-

211 398 306 421 tcrae
316 401 370 421 res
388 386 562 420 humanae
582 382 726 415 infinitis
744 383 999 414 mutationilms
1017 381 1190 414 obnoxiae

211 446 309 474 sunt:
344 439 390 470 ita
431 434 649 478 temporibus
688 433 783 466 varie
820 439 1004 465 mutantur
1040 433 1192 475 linguae.

211 490 363 522 Vitanda
386 493 467 520 sunt
491 485 597 529 igitur
621 496 734 523 nova,
762 483 829 517 uisi
855 484 968 516 xicina
992 483 1061 517 sint.
1087 482 1193 515 aetati

213 541 400 577 Livianae,
439 543 478 570 ut
507 536 683 581 quaedam
715 535 876 567 Pliniana
897 535 953 579 92);
1033 533 1191 566 Licentia

213 603 296 624 uro
320 587 529 633 stqnentis.
523 592 588 618 :atet
592 586 646 618 itis
663 592 742 629 post
760 586 1035 630 Quintilianmn,
1062 596 1194 629 nequa-

213 654 319 688 quam
348 639 519 671 imitzatndi
542 643 612 676 cst,
648 650 716 681 qna
746 637 898 681 fingebat
927 636 1075 681 quisque
1102 647 1193 668 nova

215 705 289 725 soc:
293 691 384 724 {buli
412 702 478 734 pro
502 687 660 720 libidine.
712 686 786 720 Etsi
812 694 927 720 autem
953 687 1054 719 nobis
1081 687 1115 718 in
1131 685 1195 719 Ec-

214 743 314 777 clesia
340 741 470 774 nostris
495 739 704 784 quibusdum
732 738 911 771 vocabulis
936 739 1106 770 utendum
1129 743 1194 769 est:

214 802 333 827 tamen
355 804 481 836 corpus
509 789 682 823 sermonis
704 795 837 822 constet
856 802 895 821 ex
915 789 971 821 illa
988 795 1071 821 nota
1090 787 1196 821 seculi

216 843 452 879 ciceroniani.
505 841 578 875 Nec
614 841 715 872 liceat
746 840 886 873 cuilibet
912 841 1040 883 fingere
1063 851 1195 871 noxum

215 907 427 931 sermonem.
479 892 570 926 Nam
597 891 756 924 assiduae
782 891 1002 934 corruptelae
1024 889 1196 923 sermonis

216 948 380 981 adserunt
402 943 663 977 obscuritatem.

216 1005 250 1031 et
272 997 374 1030 novis
405 995 576 1028 utendum
609 1000 669 1026 est.

217 1047 438 1083 suetudinem
464 1056 676 1089 sequamur,
706 1050 738 1075 et
762 1044 803 1074 ab
829 1056 866 1074 ea
893 1055 1073 1075 sumamus
1091 1054 1199 1084 genus

217 1098 389 1134 sermonis
406 1096 592 1133 mundum,
611 1100 642 1125 et
660 1093 896 1137 perspicuum,
917 1093 1011 1125 iuxta
1024 1091 1198 1137 Oxidii93)

218 1154 461 1195 praeceptum:

261 1207 387 1242 Munda,
410 1205 462 1233 sed
485 1213 502 1232 e
525 1203 639 1238 medio,
663 1207 858 1239 consuetaque
883 1202 985 1237 verba,
1009 1201 1138 1238 puellae,

717 942 924 975 Parcissime
948 942 1053 984 igilur
1078 940 1197 985 priscis

723 993 788 1025 Sed
821 999 934 1025 certae
962 992 1085 1024 aetatis
1117 1003 1198 1023 con-

260 1258 402 1292 scribite,
425 1255 566 1283 sermonis
590 1254 703 1292 publica
725 1252 817 1280 forma
840 1253 947 1290 placet.

321 1308 435 1340 Vocat
450 1306 544 1339 enim
560 1305 733 1338 mundum
751 1316 965 1344 sermonem,
978 1316 1052 1337 non
1067 1302 1202 1348 priscis,

220 1373 294 1394 non
328 1358 448 1397 novis,
481 1368 555 1389 non
582 1368 702 1389 reeens
732 1356 907 1395 confictis,
939 1367 1013 1387 non
1041 1353 1203 1388 barbaris

221 1419 281 1446 aut
304 1408 501 1454 peregrinis
524 1407 654 1452 passim
681 1406 975 1439 contaminatum.

322 1461 479 1494 Alteram
503 1458 655 1502 speciem
678 1457 868 1491 verborum
903 1463 1006 1489 vocat
1029 1456 1135 1489 verba
1160 1456 1203 1488 ab

223 1519 364 1546 oratore
397 1509 599 1543 modificata
632 1515 666 1541 et
695 1508 842 1549 inflexa,
886 1508 922 1540 id
962 1514 1024 1548 est,
1069 1513 1203 1551 tropos.

222 1564 296 1597 Hos
326 1563 363 1595 in
399 1572 526 1606 genere
562 1565 665 1591 vocat
696 1559 818 1592 Cicero
854 1559 960 1591 verba
1001 1558 1203 1591 modificata

224 1622 257 1649 et
281 1614 419 1647 inflexa.
471 1611 643 1644 Recenset
666 1616 782 1642 autem
807 1608 861 1642 liic
889 1610 1044 1654 quinque
1061 1609 1204 1652 species.

224 1666 273 1699 Ea
286 1692 294 1701 ,
333 1676 421 1708 quae
444 1663 706 1695 transferuntur
718 1687 725 1700 ,

223 1713 470 1759 metaphoras,
499 1725 579 1745 cum
602 1711 736 1756 aliquid
761 1711 810 1743 rei
828 1711 950 1743 similis
969 1710 1205 1754 appellatione

226 1766 473 1810 significamus.
536 1762 581 1795 Et
614 1762 694 1806 quia
728 1760 958 1805 metaphorae
992 1759 1206 1793 adhibentur

225 1818 321 1851 velut
350 1816 527 1860 picturae,
571 1813 722 1845 multum
754 1813 842 1846 lucis
874 1813 1009 1845 addunt
1041 1811 1207 1850 orationi,

226 1876 263 1902 ut
288 1880 367 1901 cuin
392 1865 560 1909 Virgilius
577 1863 623 1910 ⁹³¹)
651 1863 715 1895 ait:

761 1673 850 1705 quae
880 1661 1007 1692 usitate
1037 1671 1205 1692 vocamus

352 1925 497 1953 Invadunt
520 1923 619 1951 urbem
642 1930 741 1950 somno
765 1922 890 1959 vinoque
912 1921 1066 1959 sepultam.

225 1979 290 2012 liic
317 1977 404 2010 dixit
435 1974 606 2018 sepultam
643 1985 708 2016 pro
738 1973 965 2005 dormitante.
1032 1972 1099 2005 Sed
1129 1982 1208 2003 cuin

229 2031 344 2071 imago
370 2026 420 2058 rei
441 2025 596 2068 sepultae
617 2024 765 2055 incurrit
781 2024 815 2054 in
834 2024 972 2062 oculos,
999 2021 1208 2065 significatio

227 2080 341 2123 neglu,
332 2077 460 2110 entiae
485 2081 518 2107 et
544 2074 698 2118 stuporis
722 2080 771 2106 est
790 2074 970 2106 illustrior.
1024 2073 1209 2106 Caeterum

230 2143 270 2164 ex
310 2120 387 2162 aliis
416 2124 601 2159 rhetoricis
638 2131 824 2168 praecepta
859 2125 901 2157 de
932 2122 1210 2168 metaphorisffi)

298 2280 428 2310 putantur
454 2283 516 2301 esse
536 2275 686 2300 constituti.
724 2275 764 2300 Ita
789 2281 938 2307 creperum
964 2275 1084 2306 bellum,
1112 2280 1212 2305 anceps

300 2316 326 2337 et
347 2312 461 2335 dubium.
511 2311 561 2334 His
580 2310 726 2340 adscripsit
746 2317 856 2334 versum
875 2310 1009 2340 Lucretii,
1033 2310 1059 2332 in
1080 2316 1130 2339 quo
1149 2316 1213 2333 cre-

298 2353 396 2378 perum
416 2347 529 2375 bellum,
549 2347 575 2368 et
588 2345 695 2368 Lucilii.
715 2345 742 2367 in
757 2351 808 2374 quo
823 2351 942 2375 crepera
957 2345 1092 2368 iuventus
1105 2344 1211 2374 legitur.

266 2391 314 2418 92)
334 2390 393 2419 lpse
414 2389 519 2412 Plinius
538 2388 564 2410 in
586 2388 665 2417 epist.
685 2387 747 2411 hist.
769 2389 823 2412 nat.
844 2388 899 2415 (ed.
918 2388 1023 2417 Bipont.
1043 2388 1071 2411 T.
1092 2387 1110 2410 Ι.
1128 2394 1153 2416 p.
1173 2387 1212 2415 6,)

301 2425 384 2447 libros
411 2429 476 2445 suos
502 2428 648 2451 respersos
673 2428 737 2445 esse
767 2422 887 2445 affirmat
916 2421 1093 2451 plurimarum
1123 2427 1212 2444 rerum

300 2459 347 2480 aut
365 2457 475 2480 rusticis
495 2456 645 2485 vocabulis,
663 2457 708 2479 aut
728 2456 860 2487 externis,
879 2456 957 2480 inimo
978 2456 1113 2488 barbaris,
1133 2455 1213 2479 etiam

301 2498 358 2515 cum
378 2491 488 2513 lionoris
506 2490 677 2520 praefatione
695 2490 835 2519 ponendis.

266 2532 314 2560 93)
335 2532 411 2556 Ovid.
430 2534 482 2556 art.
502 2534 616 2555 amator.
636 2532 687 2561 111,
707 2531 765 2557 479.
783 2532 843 2555 480.

266 2575 315 2602 94)
336 2574 415 2603 Virg.
433 2575 498 2598 Aen.
519 2574 558 2604 11,
578 2574 636 2598 265.

267 2617 315 2644 95)
334 2616 372 2639 De
391 2615 476 2638 variis
497 2617 637 2645 troporum
655 2615 800 2644 generibus
812 2633 818 2642 .
843 2616 1016 2645 metaphora.
1037 2615 1213 2645 metonymia.

302 2649 468 2679 camebi-esi,
493 2650 528 2672 ai.
549 2650 617 2673 cons.
637 2651 698 2673 Met.
718 2651 860 2675 Elementa
886 2650 1055 2674 rhetorice-3.
1085 2650 1109 2674 in
1135 2650 1212 2672 liuius

303 2683 383 2713 Corp.
402 2683 465 2707 Vol.
483 2683 555 2707 xm.
575 2690 600 2713 p,
620 2684 670 2708 46⁴
688 2691 747 2715 sqq.

1080 92 1280 127 SCRIPTA
1319 92 1651 129 PHILOLOGICA.

2149 97 2223 131 860

1248 185 1444 219 smnantur,
1473 192 1561 224 quae
1584 192 1751 224 magnum
1775 181 1879 213 decus
1903 180 2037 213 addunt
2060 180 2226 219 orationi,

1248 235 1282 261 et
1305 236 1387 261 sunt
1408 236 1576 274 tanquam
1604 232 1743 270 stellae,
1780 238 1817 264 ιιι
1837 232 1886 263 ait
1909 231 2053 271 Cicero,
2081 232 2107 264 si
2134 238 2226 275 apte,

1249 279 1283 312 in
1309 280 1386 311 loco
1414 287 1447 312 et
1469 293 1541 313 non
1566 282 1753 314 immodice
1777 289 1992 326 sparguntur
2021 282 2054 314 in
2077 282 2226 314 ortione.

1351 330 1548 363 Secundam
1585 333 1755 375 speciem,
1797 333 1959 365 xidclicet
1995 330 2230 377 Ιιιετωνυμιίιις

1247 386 1350 412 vocat
1374 380 1579 421 iummtata,
1607 389 1766 426 utsupra
1786 384 1892 423 dixit,
1921 390 1953 415 et
1971 385 2092 415 eadem
2111 383 2230 426 appel-

1247 431 1380 463 latione
1409 432 1531 464 Cicero
1560 445 1641 465 usus
1673 440 1723 465 cst
1747 433 1782 464 in
1807 434 1910 466 tertio
1938 436 1980 466 de
2005 434 2156 467 Oratore
2170 433 2229 478 96).

1248 481 1416 525 Exempla
1437 495 1541 526 supra
1560 483 1734 515 recensui:
1751 490 1789 515 ut
1807 485 1912 517 fasces
1928 498 1991 528 pro
2012 485 2230 526 magistratu,

1248 530 1406 565 Bacchus
1434 546 1496 576 pro
1526 534 1629 573 xino,
1662 535 1793 566 serrum
1823 547 1888 578 pro
1915 548 2016 575 ense,
2052 542 2228 579 sceptrum

1248 596 1312 627 pro
1339 596 1385 615 rw
1380 596 1460 626 guo.

1352 634 1462 666 'lezrti
1467 647 1511 666 ιιιι
1530 646 1608 678 spe(
1615 634 1643 666 i(
1648 648 1680 666 m
1699 641 1801 667 vocat
1816 647 1868 674 οι
1895 635 2022 680 quibus
2041 635 2232 673 abutimur,

1249 684 1374 718 usitat·
1399 685 1526 717 dicitul
1551 685 1693 725 abusio,
1721 683 2041 731 δοιικαῑάχοῃσις,
2076 692 2114 718 ut
2138 686 2232 729 apud

1248 735 1332 779 Virf,³
1324 735 1437 767 ilium
1456 735 1519 781 ¹³⁷):

1312 796 1347 822 At
1373 800 1489 832 sperate
1512 794 1607 828 Deos,
1632 803 1774 822 memores
1798 794 1875 822 sandi
1899 800 1986 832 atque
2011 794 2140 823 nefandi.

1815 845 2003 878 existimati
2031 845 2204 879 vindices:

1379 903 1472 930 Instar
1496 903 1599 930 montis
1623 912 1746 940 equum,
1772 903 1867 930 diviua
1889 903 2015 931 Palladis
2037 910 2098 931 arte

1377 953 1536 980 Aedificant
1549 952 1606 990 ²³⁸).

1354 1004 1409 1037 Sic
1433 1011 1466 1036 et
1491 1010 1585 1036 certo
1616 1003 1761 1035 consilio
1785 1010 1823 1035 ut
1849 1004 1932 1036 xitia
1958 1010 2139 1047 tegantur,

1252 1054 1386 1087 utimur
1410 1054 1580 1086 vitlutum
1607 1053 1828 1086 nominibus:

1250 846 1396 889 Sperate
1423 845 1528 883 dixit,
1557 857 1621 888 pro
1648 845 1786 884 timete,

2176 1004 2234 1035 ab-

1869 1061 1908 1086 ut
1939 1067 2003 1098 pro
2030 1054 2234 1087 crudelitate

1254 1105 1402 1137 dicimus
1427 1106 1670 1143 severitatem,
1699 1117 1762 1147 pro
1789 1105 1951 1137 sordibus
1969 1104 2237 1148 parsimoniam,

1252 1155 1462 1188 bellissimae
1479 1161 1556 1187 sunt
1579 1152 1806 1193 valacia-vsvs,
1825 1168 1902 1187 cnm
1924 1168 2060 1188 versum
2081 1155 2235 1200 aliquem

1255 1206 1291 1238 in
1322 1207 1474 1239 alienam
1503 1205 1711 1238 sententiam
1732 1206 1999 1250 detorquemus:
2030 1212 2067 1239 ut
2082 1206 2176 1251 quod
2194 1207 2237 1239 de

1255 1257 1462 1301 corruptelis
1482 1256 1636 1289 iudicum
1654 1254 1836 1289 inhoneste
1856 1257 2000 1289 dicitur:
2038 1257 2108 1301 Qui
2126 1257 2235 1289 multa

1255 1308 1390 1341 furatus
1421 1314 1489 1346 est,
1525 1313 1558 1340 et
1590 1319 1700 1351 pauca
1734 1308 1813 1346 dat,
1849 1308 2054 1341 absolvitur.
2108 1307 2144 1340 id
2175 1319 2237 1351 per

1256 1359 1371 1392 iocum
1400 1359 1631 1403 detorquetur
1652 1359 1696 1389 ad
1714 1370 1788 1390 rem
1808 1355 2010 1391 honestam:
2041 1358 2110 1403 Qui
2126 1359 2236 1390 multa

1256 1410 1391 1442 furatus
1417 1416 1485 1448 est,
1519 1409 1680 1441 xidvlicet
1713 1421 1752 1441 ex
1783 1410 2028 1449 monasteriis,
2062 1415 2093 1441 et
2126 1420 2236 1453 pauca

1256 1462 1335 1501 dat,
1368 1460 1499 1493 scilicet
1523 1459 1702 1492 Ecclesiis:
1737 1471 1774 1491 re
1801 1472 1883 1492 vera
1910 1460 2115 1493 absolvitur.
2168 1459 2239 1492 Aut

1257 1513 1299 1545 de
1324 1509 1481 1555 sophista
1506 1511 1644 1556 aliquo:

1342 1570 1447 1599 Omnia
1469 1569 1656 1598 transformat
1678 1577 1742 1596 sese
1764 1569 1793 1596 in
1817 1568 1954 1596 miracula
1977 1577 2073 1596 rerum
2086 1567 2144 1608 ⁰9).

1358 1622 1530 1665 Quartam
1551 1620 1722 1663 speciem,
1758 1632 1796 1652 ea
1822 1632 1889 1664 qua
1910 1620 2155 1659 obscuramus,
2189 1619 2240 1652 in-

1259 1672 1383 1714 telligit
1406 1671 1609 1713 allegoriam
1637 1677 1669 1702 et
1699 1671 1909 1713 aenigmata.
1964 1670 2053 1703 Min
2090 1677 2123 1703 ct
2154 1669 2239 1703 haec

1259 1723 1467 1767 plerumque
1494 1728 1575 1755 sunt
1599 1721 1816 1763 allegoricae.
1871 1720 1990 1753 Sciant
2021 1727 2136 1754 autem
2168 1727 2239 1755 stu-

1259 1773 1361 1811 diosi,
1389 1773 1541 1816 primam
1567 1778 1599 1804 et
1622 1771 1848 1815 praecipuai‘n
1876 1771 2041 1804 virtutem
2069 1772 2240 1805 orationis

1261 1836 1331 1857 csse
1348 1823 1646 1868 perspicuitatem,
1659 1822 1747 1854 sicut
1761 1821 1958 1854 communis
1974 1834 2094 1855 sensus
2111 1829 2243 1857 monet.

1260 1875 1307 1907 L't
1331 1881 1449 1907 extant
1473 1875 1507 1906 in
1531 1872 1621 1906 lianc
1645 1872 1856 1906 sententiam
1887 1873 1996 1905 multa
2028 1874 2242 1916 prudentum

1263 1926 1373 1964 dicta,
1408 1932 1445 1957 ut
1470 1924 1675 1958 Aristoteles
1705 1923 1820 1968 inquit
1854 1924 1890 1955 in
1912 1924 2015 1955 tertio
2041 1924 2132 1957 libro
2148 1922 2242 1957 Rhe„

1263 1976 1474 2009 turicorum:
1522 1975 1766 2008 Constituatur
1798 1972 1865 2007 hoc
1904 1975 2131 2018 praecipuam
2170 1987 2242 2009 esse

1262 2028 1429 2060 virtutem
1465 2026 1635 2059 orationis
1671 2025 1957 2069 perspicuitatem
1974 2024 2045 2071 ¹⁰⁰).
2124 2026 2244 2071 Quare

1263 2091 1337 2112 non
1360 2090 1462 2122 saepe
1489 2078 1568 2110 licet.
1592 2076 1644 2110 uti
1670 2077 1815 2109 obscure
1840 2076 1960 2115 dictis,
1987 2078 2046 2110 sed
2063 2076 2242 2110 interdum

1263 2129 1395 2162 liabent
1425 2129 1554 2162 locum.
1631 2127 1677 2160 Et
1708 2127 1896 2171 allegoriae
1926 2127 2042 2161 minus
2075 2128 2241 2161 obscurae

1264 2187 1345 2215 sunt
1367 2180 1574 2214 crebriores.
1636 2178 1699 2211 Est
1722 2185 1839 2211 autem
1862 2178 2048 2221 allegoria,
2085 2178 2241 2222 plurium

1265 2233 1455 2264 verborum
1481 2226 1712 2274 metaphora,
1741 2235 1795 2263 ut:
1824 2228 2056 2273 Margaritum
2088 2241 2159 2261 non
2192 2236 2242 2263 est

1266 2283 1503 2316 obiiciendum
1535 2280 1651 2326 porcis
1669 2279 1710 2326 ¹).
1767 2279 1960 2325 Pleraeque
1988 2285 2068 2314 sunt
2098 2292 2242 2324 prover-

1299 2436 1346 2461 95]
1366 2434 1423 2458 (Ἴτ’.
1442 2433 1474 2456 de
1497 2433 1572 2457 Orat.
1592 2431 1642 2463 111,
1662 2430 1710 2459 43,
1733 2431 1787 2454 169.

1298 2478 1345 2505 97)
1366 2477 1444 2506 Vin-g.
1464 2477 1530 2499 Aen.
1549 2475 1578 2505 1,
1597 2474 1656 2497 543.

1300 2522 1347 2547 98)
1368 2520 1447 2549 Virg.
1468 2520 1533 2541 Aen.
1552 2517 1591 2547 11,
1614 2517 1652 2540 15.
1676 2516 1712 2538 16.

1298 2563 1346 2587 99)
1366 2561 1445 2587 verz.
1465 2560 1565 2589 Georg.
1584 2557 1637 2586 lv,
1657 2557 1714 2579 441.

1302 2602 1362 2629 100]
1386 2603 1503 2626 Aristot.
1521 2601 1631 2624 Rhetor.
1654 2599 1702 2627 tn,
1722 2598 1747 2622 2.
1771 2597 1797 2620 1.-
1818 2594 1928 2627 ὡρίσθω
1948 2595 2039 2625 λέξεως
2059 2593 2148 2628 riperti,
2167 2597 2245 2629 σαφῆ

1331 2646 1410 2661 §HT-'h

1304 2681 1331 2708 1)
1350 2679 1444 2702 Mami.
1462 2677 1493 2707 7,
1513 2677 1535 2700 6.
