2347 3000
244 117 342 156 1227

418 205 549 252 Neque]
576 203 780 238 Translatio
800 216 818 237 a
831 204 1002 238 Deiotaro
1021 204 1057 238 in
1075 217 1233 240 commu-

245 270 328 292 nem
356 268 525 290 errorem.
628 255 726 298 Odia]
758 255 888 288 scilicet
914 257 1007 302 quod
1033 255 1178 290 haberet
1201 264 1234 291 te

247 310 344 342 odio.
421 307 639 351 Proyressus]
660 306 790 339 scilicet
806 307 849 339 ad
867 307 1091 352 Pompeium.
1166 311 1234 342 Er-

246 360 339 404 rore]
376 359 410 391 id
440 365 509 397 est,
554 370 625 402 quo
657 358 894 391 communiter
925 371 1048 392 omnes
1077 359 1234 392 Romani

247 411 336 456 lapsi
353 415 446 444 sunt.
499 408 627 447 ἄλλως.
678 408 868 442 Excusatio
885 409 1046 443 Deiotari
1061 411 1103 443 (le
1126 410 1233 451 bello,

245 463 343 508 quod
364 462 481 505 lapsus
507 459 552 492 sit
574 460 754 493 communi
778 472 898 494 errore
923 467 957 494 et
977 461 1091 505 specie
1116 462 1233 506 reipu-

244 513 369 546 blicae.
421 510 530 556 quue
560 511 662 550 sacit,
696 517 735 544 ut
758 511 888 545 Caesar
912 512 1030 547 minus
1053 512 1084 545 ei
1107 512 1233 546 irasca-

244 571 322 603 tur,
350 562 451 609 quasi
477 562 587 594 dicat:
622 562 805 602 Peccax‘it,
839 564 897 597 setl
920 563 1038 608 lapsus
1065 570 1116 597 est
1138 576 1233 597 com-

243 614 347 649 muni
369 625 503 647 errore.
592 616 663 647 Hoc
688 612 839 661 nomine]
875 615 1007 648 scilicet
1031 615 1140 658 regio,
1192 614 1231 648 In

245 665 407 699 oratione
429 665 472 697 de
499 664 700 709 aruspicum
725 666 924 710 responsis,
958 666 1041 699 dicit
1067 665 1160 699 lumc
1181 672 1232 699 ta-

243 730 327 751 men
355 716 566 749 Deiotarum
604 727 708 760 saepe
742 728 760 748 a
791 724 915 751 senatu
945 717 1055 761 regali
1086 717 1232 750 nomine

243 769 390 813 dignum
405 766 655 800 existimatum.
733 767 993 815 Appellarisset]
1020 768 1151 802 scilieet
1173 770 1232 802 de-

243 827 376 854 cretum
400 817 502 858 fecit,
536 818 573 850 in
595 830 666 863 quo
684 816 731 864 ¹³¹)
755 819 924 863 scriptum
949 820 1032 853 suit:
1077 820 1232 853 Honori-

241 870 465 906 ficentissime
482 881 544 903 rex
553 869 734 904 Deiotaro.
806 869 1087 918 Sanctissimum]
1116 872 1151 904 i‹l
1170 878 1232 911 est,

241 921 541 966 augustissimum.
620 920 805 968 Dua-isset]
835 922 870 955 id
888 928 955 961 est,
983 924 1097 956 voluit
1118 923 1232 956 rideri

241 986 314 1008 esse
336 973 373 1005 in
395 972 556 1017 partibus
577 969 852 1007 honestioribus.
931 972 1073 1021 Iisdem]
1111 975 1146 1007 id
1169 981 1230 1015 est,

240 1023 479 1069 argumentis,
513 1023 615 1068 quasi
639 1023 749 1056 dicat:
783 1023 936 1057 Facilius
959 1025 1025 1057 suit
1050 1026 1148 1058 illum
1172 1026 1231 1058 de-

239 1076 328 1121 cipi,
357 1075 419 1120 qui
435 1074 561 1117 procul
586 1074 670 1113 fuit,
704 1086 813 1119 quam
838 1086 921 1114 nos,
956 1075 1017 1121 qui
1040 1077 1170 1109 suimus
1194 1077 1231 1108 in

239 1126 357 1161 media
375 1126 474 1159 urbe.
529 1125 562 1158 1.
586 1124 694 1157 Ratio
720 1126 764 1158 ab
786 1123 949 1160 honesto.
1001 1129 1036 1162 2.
1063 1127 1094 1160 Α
1112 1140 1230 1161 neces—

239 1179 370 1217 sitate‚'
389 1177 462 1221 ipse
484 1176 551 1209 snit
576 1182 716 1209 coactus
741 1188 760 1208 a
785 1177 973 1222 Pompeio.
1028 1179 1229 1223 Amplifica-

238 1230 289 1262 tio
313 1234 381 1267 est,
416 1240 477 1261 seu
503 1227 685 1271 congeries
708 1228 961 1262 beneficiorum
985 1229 1167 1269 Deiotari,
1196 1236 1229 1262 et

236 1280 437 1314 studiorum
462 1290 545 1322 erga
570 1279 839 1322 rempublicam.
924 1279 1162 1328 Lonye‘nqnus]
1192 1281 1228 1314 id

238 1337 308 1371 est,
337 1330 441 1374 longe
458 1330 501 1363 ab
518 1330 606 1363 urbe
623 1330 770 1374 positus.
824 1330 1037 1365 Extenuatio
1055 1333 1151 1367 sacti.

340 1415 425 1460 Cap.
446 1414 504 1450 IV.
543 1413 573 1459 ἓ.
601 1415 658 1450 11.
701 1415 967 1464 Consentientz’s]
1010 1417 1103 1462 Quia
1132 1419 1226 1452 bona

234 1479 319 1513 pars
334 1473 475 1502 senatus
490 1467 664 1507 decrevit,
692 1474 732 1501 ut
747 1480 845 1501 arma
862 1476 1087 1503 sumerentur
1102 1477 1225 1504 contra

237 1520 426 1553 Caesarem
450 1530 515 1563 pro
539 1517 728 1563 Pompeio.
843 1519 1057 1568 Consulibus]
1096 1522 1227 1555 scilicet

235 1570 388 1603 Lentulo
414 1576 448 1603 et
469 1569 653 1604 Marcello,
755 1571 915 1617 Noa-ism)
941 1572 1224 1621 Imperatorz'bus]

235 1621 397 1666 Occupat
413 1620 641 1664 suspiciones.
711 1622 926 1666 movebatur]
955 1622 1078 1663 idest,
1106 1625 1226 1657 turba-

234 1673 353 1706 batur.
423 1672 526 1715 Iqu'c]
543 1671 675 1704 scilicet
690 1670 869 1706 Romano.
936 1675 976 1706 In
995 1675 1073 1719 qua]
1093 1675 1225 1709 Trans-

232 1723 333 1757 latio.
427 1723 611 1766 Inclusam]
647 1721 778 1755 scilicet
802 1723 988 1756 contineri.
1076 1729 1224 1772 Timore]

234 1774 367 1809 scilicet
388 1773 557 1817 periculo.
645 1775 822 1819 DIaxe'me]
859 1774 1092 1809 Confirmatio
1115 1777 1224 1811 ratio-

233 1826 309 1865 nis,
345 1824 476 1858 scilicet
498 1823 710 1857 Deiotarum
734 1836 809 1858 non
835 1827 917 1859 odio
943 1826 1102 1861 Caesaris
1124 1841 1222 1862 arma

234 1876 435 1921 sumpsisse.
516 1875 687 1920 Consules]
717 1875 752 1908 id
779 1882 849 1917 est,
874 1876 1046 1912 Lentulus
1071 1886 1104 1912 et
1125 1880 1223 1913 Mar—

234 1928 351 1961 cellus.
418 1926 503 1959 Yice
529 1926 748 1960 narrationis
779 1925 848 1960 hoc
877 1926 1019 1962 schema
1044 1937 1115 1971 est,
1151 1945 1222 1977 quo

232 1979 400 2012 laudatur
413 1977 623 2017 Deiotarus,
651 1984 771 2023 estque
788 1980 993 2024 occupatio,
1021 1994 1111 2027 quae
1128 1983 1222 2024 facit,

232 2042 295 2063 cur
313 2028 502 2062 verisimile
518 2028 632 2061 rideri
648 2040 722 2061 non
738 2030 849 2074 possit
866 2031 1018 2072 crimen,
1047 2034 1144 2078 quod
1169 2035 1221 2067 in-

231 2080 345 2114 tendit
361 2080 595 2113 adversarius.
674 2082 924 2127 mutuabatur]
953 2083 987 2115 id
1009 2090 1078 2124 cst,
1106 2084 1142 2117 in
1167 2098 1221 2119 re-

232 2132 337 2177 gione
349 2130 522 2165 Deiotari.
580 2130 745 2176 Effusam]
774 2132 905 2166 scilicet
921 2134 1060 2177 fugisse.
1125 2138 1220 2182 Veri]

231 2183 362 2218 scilicet
383 2182 445 2227 qui
460 2193 551 2225 ¹vera
570 2181 777 2217 nuntiasset.
854 2185 954 2218 Nihil
975 2186 1045 2230 ille]
1071 2185 1132 2219 Illa
1157 2188 1219 2221 ite-

230 2246 311 2268 rum
326 2233 493 2277 mitigant
508 2233 692 2278 superiora
705 2260 713 2275 ,
742 2234 838 2280 quod
849 2234 978 2269 Caesar
995 2237 1147 2270 voluerit
1168 2239 1219 2271 in-

230 2285 322 2319 ferre
352 2284 485 2317 bellum
515 2284 666 2328 patriae.
779 2288 1047 2332 Gonditionibus]
1089 2289 1217 2323 scilicet

230 2348 318 2382 quas
342 2335 559 2380 proposuisti
581 2335 730 2369 senatui·
808 2339 990 2382 Audiebat]
1017 2338 1109 2372 Nam
1133 2340 1218 2373 Cae-

229 2399 286 2421 sar
303 2386 444 2419 volebat
461 2386 636 2419 rationem
661 2384 786 2419 haberi
809 2387 863 2421 sui
886 2389 1061 2431 absentis,
1087 2391 1217 2425 seilicet

227 2444 268 2471 ut
291 2438 414 2471 consul
440 2443 620 2471 crearetur
644 2439 778 2472 absens.
856 2441 1054 2487 Hominum]
1086 2443 1217 2476 scilicet

228 2488 368 2521 Lentuli
384 2515 393 2528 ,
420 2488 600 2529 Marcelli,
629 2488 773 2523 Catonis
789 2495 823 2523 et
841 2489 1027 2534 Scipionis.
1105 2496 1215 2529 Liue-

228 2540 302 2584 rae]
329 2539 460 2572 scilicet
478 2539 605 2584 quibus
621 2540 688 2573 suit
702 2547 847 2575 vocatus
866 2542 911 2575 ad
926 2553 1037 2578 arma.

246 218 342 241 nem.

259 2674 310 2702 21)
329 2673 396 2703 quo]
415 2672 464 2697 Ed.
487 2672 561 2697 ¹568.
579 2673 679 2698 males
692 2674 795 2705 quibus.

260 2725 308 2754 22)
328 2724 436 2753 Novis]
455 2723 494 2747 sic
512 2723 562 2748 Ed.
577 2724 651 2749 1568.
672 2727 698 2749 et
717 2726 769 2757 ει,
795 2727 843 2751 Ed.
863 2727 948 2752 orell.
967 2727 1058 2753 nobis.

821 117 943 154 PHIL.
978 118 1091 154 MEL.
1126 117 1328 156 SCRIPTA
1362 123 1700 162 PHILOLOGICA.

2177 133 2274 169 1228

1391 208 1421 255 ἓ.
1442 213 1499 247 12.
1532 215 1683 259 Ignosce]
1716 213 1921 250 Translatio
1948 227 1967 249 a
1989 227 2142 261 persona
2168 217 2276 253 Pom-

1286 260 1376 305 peii,
1409 264 1468 308 qui
1491 261 1615 298 habuit
1640 266 1832 300 maximam
1859 267 2086 302 autoritatem
2110 268 2147 301 in
2171 281 2277 314 repu-

1286 312 1396 353 blica,
1425 320 1459 346 et
1481 315 1546 348 suit
1569 314 1795 352 charissimus
1818 319 2044 364 reipublicae.
2096 320 2275 363 Augustus

1287 364 1423 407 optavit
1443 366 1657 401 Germaniae
1681 368 1848 402 virtutem
1877 369 2088 412 Alexandri,
2123 371 2274 415 gratiam

1287 414 1469 460 Pompeii,
1496 423 1528 450 et
1546 430 1645 451 suam
1668 419 1861 454 fortunam.
1941 423 2043 463 Quem
2067 422 2139 467 nos]
2167 422 2276 456 Pom-

1287 467 1384 509 peius
1410 467 1476 500 suit
1501 469 1660 503 omnium
1675 470 1922 505 Romanorum
1939 473 2275 516 praestantissimus,

1286 517 1377 552 Plin.
1411 518 1471 553 lib.
1495 519 1600 566 ’7.23).
1654 520 1827 556 Excelluit
1860 535 1983 557 omnes
2007 524 2190 558 Romanos
2220 536 2276 559 sa-

1286 568 1417 612 pientia
1444 576 1477 602 et
1493 572 1694 614 prudentia.
1773 576 1887 620 Neque
1902 575 2007 619 enim]
2035 575 2274 609 Commenda-

1286 620 1382 653 tione
1406 620 1570 666 Pompeii
1595 624 1708 656 elevat
1732 624 1869 668 culpam
1890 624 2062 660 Deiotari.
2121 626 2212 661 Nam
2235 633 2275 661 ut

1285 672 1390 716 vulgo
1407 672 1552 706 divitur:
1581 674 1758 708 Honestus
1780 682 1830 709 est
1854 688 1971 717 error,
1998 689 2145 720 magnos
2169 679 2275 712 duces

1285 723 1396 768 sequi.
1475 726 1518 758 Si
1538 730 1614 759 tuae
1641 726 1710 770 res]
1748 726 1912 761 Collatio.
1989 729 2174 773 Quantmn]
2203 726 2274 763 πά-

1284 774 1355 813 90,-
1373 787 1390 807 a
1409 772 1650 823 δικαιολογία.
1732 779 1876 823 Genere]
1903 778 2032 812 scilicet
2056 780 2215 814 terrestri
2239 786 2274 813 et.

1284 826 1414 860 navali.
1494 829 1626 873 Gloria]
1653 827 1783 862 scincet
1799 841 1916 862 rerum
1934 836 2124 873 gestarum.
2191 832 2274 865 Bel-

1284 876 1434 926 lum²²)]
1469 877 1598 921 Figura
1625 877 1820 920 rhetorica,
1862 892 1952 926 quae
1991 881 2120 914 dicitur
2146 882 2274 915 articu-

1283 928 1348 964 lus.
1439 931 1664 975 Enumerare]
1698 930 1794 964 Fecit
1819 932 2045 964 collationi-m
2074 933 2192 973 illam,
2227 945 2271 966 ne

1285 981 1479 1014 offenderet
1498 982 1684 1015 Caesarem
1698 1008 1707 1022 ‚
1735 982 1763 1016 si
1787 983 1936 1016 nimium
1964 984 2146 1017 extolleret
2163 984 2271 1017 Pom-

1282 1033 1414 1076 peium.

1387 1084 1472 1127 Cap.
1490 1082 1532 1117 V.
1562 1081 1669 1128 §.152
1696 1086 1751 1118 Ad
1768 1084 1857 1128 eum]
1882 1082 2053 1128 Epilogus
2072 1083 2178 1120 huius
2202 1086 2271 1119 loci

1283 1135 1468 1168 continens
1486 1135 1603 1169 varias
1623 1148 1762 1175 causas,
1791 1147 1837 1168 an
1853 1134 2042 1170 Deiotarus
2058 1137 2271 1182 Pompeium

1282 1193 1419 1220 secutus
1444 1186 1499 1220 sit.
1602 1187 1804 1231 nastilibus]
1839 1186 1874 1219 id
1899 1193 1971 1227 est,
2006 1194 2128 1221 contra
2152 1186 2270 1223 hostes

1283 1239 1398 1281 gestis.
1495 1240 1536 1271 t't
1561 1239 1704 1282 amicus]
1741 1237 1896 1278 Causae,
1930 1245 2078 1282 propter
2102 1251 2188 1284 quas
2212 1241 2270 1273 de-

1280 1289 1411 1323 buisset
1428 1289 1548 1321 venire
1567 1289 1610 1321 ad
1628 1289 1851 1333 Pompeium.
1921 1292 2106 1335 Postremo]
2134 1291 2270 1335 Ampli-

1281 1341 1416 1381 ficatio,
1443 1338 1533 1372 nihil
1550 1340 1631 1372 secit
1648 1340 1729 1373 odio
1748 1339 1818 1379 tui,
1847 1339 1931 1385 quia
1957 1341 2053 1374 venit
2070 1343 2113 1374 ad
2131 1342 2268 1386 pericu-

1279 1393 1352 1425 lum
1366 1419 1374 1433 ,
1401 1404 1475 1425 non
1493 1398 1532 1425 ut
1547 1392 1722 1425 frueretur
1739 1391 1904 1425 victoria.
1970 1394 2177 1438 Fuye'entem]
2205 1394 2269 1427 sci-

1279 1444 1360 1476 licet
1379 1450 1411 1476 te
1430 1444 1628 1477 Caesarem.
1706 1442 1802 1486 Non]
1830 1440 1961 1476 scilicet
1984 1450 2065 1476 ante
2091 1451 2268 1479 evocatus.

1278 1495 1491 1540 Pharsalico]
1518 1495 1553 1528 id
1577 1500 1644 1533 est,
1673 1493 1805 1537 campis
1821 1492 2034 1529 Pharsalicis
2053 1493 2270 1536 Thessaliae,

1280 1546 1526 1592 quasi1dicat:
1577 1545 1666 1579 Cum
1696 1556 1753 1578 res
1786 1545 1971 1589 cognovit,
2014 1558 2072 1579 eos
2103 1547 2268 1581 deseruit.

1277 1599 1466 1642 Debuerat]
1499 1597 1630 1631 scilicet
1653 1596 1848 1640 Pompeio,
1890 1596 1990 1642 quasi
2016 1597 2123 1630 dicat:
2165 1597 2266 1632 Post-

1279 1661 1385 1694 quam
1411 1648 1520 1688 x'itlit,
1565 1648 1685 1693 quales
1711 1647 1761 1679 illi
1784 1654 1916 1687 essent,
1956 1648 2017 1692 qui
2042 1650 2209 1683 adversus
2232 1655 2266 1683 te

1276 1700 1408 1733 bellum
1433 1706 1606 1743 gererent.
1697 1698 1890 1741 Nescierat]
1924 1698 2055 1732 scilicet
2080 1706 2114 1733 te
2141 1700 2266 1734 Caesa-

1277 1763 1351 1783 rem
1379 1751 1454 1783 iure
1479 1751 1611 1783 bellum
1637 1755 1761 1782 contra
1788 1749 2033 1782 Ptolemaeum
2064 1751 2265 1796 suscepisse.

1275 1798 1568 1847 Alexandrinum]
1622 1800 1753 1834 scilicet
1799 1800 1966 1833 adversus
2007 1801 2265 1838 Ptolemaeum.

1276 1854 1413 1896 Paruit]
1442 1852 1537 1884 Dicit
1552 1854 1594 1884 de
1612 1851 1748 1884 meritis
1765 1850 1926 1883 Deiotari
1942 1863 2022 1896 erga
2041 1851 2240 1888 Caesarem.

1379 1902 1408 1947 ἓ.
1424 1903 1482 1937 14.
1508 1900 1673 1949 Domitii]
1702 1902 1738 1935 id
1754 1907 1823 1942 est,
1850 1901 2087 1947 imperatoris.
2154 1906 2263 1948 Ephe-

1274 1953 1366 2003 sum]
1393 1955 1524 1988 scilicet
1547 1954 1584 1986 in
1603 1954 1728 1987 urbem
1752 1952 1869 1987 Asiae.
1963 1956 2198 2001 fluctionibus]
2225 1956 2262 1990 id

1275 2012 1345 2046 est,
1372 2007 1476 2039 rebus
1494 2005 1631 2050 publice
1650 2004 1812 2039 venditis.
1890 2005 2120 2055 Pharnacem]
2147 2006 2183 2040 id
2199 2013 2262 2048 est,

1274 2057 1385 2090 filium
1413 2055 1642 2090 Mithridatis.
1702 2055 1829 2090 Auctio
1855 2062 1906 2089 est
1926 2056 2066 2101 publica
2090 2058 2263 2099 venditio,

1273 2108 1354 2141 inde
1371 2108 1581 2142 auctionari.
1633 2107 1730 2141 Alias
1755 2107 1883 2140 dicitur
1905 2108 2011 2140 etiam
2028 2106 2260 2150 subhastatio,

1273 2166 1305 2192 et
1329 2161 1393 2193 sub
1418 2158 1518 2193 hasta
1543 2160 1708 2192 vendere.
1786 2156 1937 2206 Honore]
1964 2159 2095 2194 scilicet
2117 2166 2157 2194 ut
2177 2172 2259 2197 eum

1271 2222 1389 2255 regem
1406 2210 1591 2256 reliqueris
1608 2216 1641 2243 et
1659 2209 1904 2254 appellaveris.

1375 2261 1404 2306 ἓ.
1426 2260 1483 2296 15,
1512 2264 1546 2296 Is
1571 2262 1691 2306 iyitur]
1720 2260 1794 2294 Iam
1817 2260 2022 2304 aggreditur
2046 2261 2257 2297 confutatio-

1269 2324 1350 2345 nem
1375 2319 1667 2357 argumentorum
1696 2312 1740 2345 ab
1769 2312 1979 2345 adversariis
2010 2313 2257 2349 adductorum.

1269 2363 1474 2408 Propositio
1492 2370 1609 2397 autem
1632 2369 1702 2404 est,
1735 2375 1810 2396 non
1839 2369 1890 2396 est
1916 2362 2124 2404 verisimile,
2159 2367 2256 2411 quod

1268 2415 1422 2448 voluerit
1439 2422 1471 2448 te
1487 2415 1695 2448 interficere.
1760 2413 1955 2459 Liberatus]
1980 2413 2073 2448 Nam
2091 2427 2165 2448 non
2180 2417 2256 2450 ani-

1267 2466 1489 2500 madvertisti
1508 2467 1545 2499 in
1561 2478 1661 2506 eum,
1684 2465 1776 2498 utin
1792 2463 1940 2498 hostem.
2014 2467 2165 2512 Honore]
2192 2468 2256 2501 sci-

1267 2517 1348 2550 licet
1379 2518 1496 2562 regio,
1538 2517 1621 2564 quia
1653 2516 1798 2562 reliquit
1821 2528 1899 2549 euin
1923 2528 2041 2560 regem
2065 2529 2144 2550 cum
2168 2519 2252 2553 filio.

1299 2641 1348 2669 23)
1369 2641 1438 2665 Plin.
1457 2640 1520 2666 hist.
1540 2642 1595 2668 nat.
1615 2641 1676 2673 vn,
1695 2640 1736 2665 26.
1755 2640 1796 2665 2⁶7.

1300 2692 1348 2751 241)
1369 2692 1495 2721 Bellum]
1521 2692 1561 2717 sic
1579 2691 1628 2716 Ed.
1644 2691 1736 2722 1568.;
1772 2691 1842 2722 apud
1861 2690 2020 2719 Ciceronem
2047 2691 2163 2723 legitur:
2193 2693 2252 2720 bel-

1346 2732 1435 2750 orunt-
