2347 3000
229 151 300 187 179

228 238 378 271 Brutum
398 237 639 281 principaliter
657 235 763 267 moxit
785 245 886 266 amor
905 232 1058 276 patriae,
1092 235 1213 274 postea

230 296 263 322 et
278 301 379 322 amor
398 288 530 331 gloriae
548 288 710 319 accedere
730 285 840 329 potuit
866 297 928 317 suo
954 282 1090 314 ordine..
1143 280 1214 314 Nec

230 340 329 373 Valla
348 347 440 372 recte
457 338 548 372 hunc
568 351 706 370 versum
726 338 911 379 detorquet
935 335 978 365 ad
1003 332 1215 366 conflrman-

231 393 313 424 dam
331 390 475 434 Epicuri
496 389 719 423 sententiani.

332 440 382 474 lta
408 455 485 474 cum
509 454 613 484 saepe
636 437 735 471 multi
753 438 837 469 lines
853 435 923 468 sint
940 434 1093 468 ordinati
1112 434 1217 467 unius

231 493 293 531 rei,
316 506 376 525 sen
395 492 554 529 actionis,
576 491 703 533 gradus
720 487 841 520 finium
860 486 1107 519 considerandi
1125 492 1218 525 sunt,

231 551 264 577 et
281 543 488 581 ridendum,
517 542 594 587 quis
617 541 661 573 sit
684 539 761 572 linis
784 538 1010 582 principalis,
1038 550 1143 583 quein
1162 550 1217 570 ex-

234 595 301 639 peti
324 606 461 627 necesse
490 599 560 631 est,
587 591 723 624 etiamsi
750 590 878 623 caeteri
895 602 968 622 non
988 594 1217 622 concurrunt.

231 646 280 679 Ut
304 645 468 678 Ieremias
496 644 530 675 in
562 642 779 676 consessione
805 642 1029 685 obtemperat
1054 640 1149 679 Deo,
1185 646 1217 672 et

233 703 326 729 recto
351 696 480 728 iudicio
508 694 743 727 eonscientiae
768 706 869 732 suae,
910 692 1047 725 etiamsi
1072 704 1144 723 non
1167 703 1218 723 se.-

232 753 389 793 qunntur
413 747 471 779 alii
500 747 604 785 fines,
646 751 683 778 ut
706 744 917 788 approbatio
944 743 1217 788 praecipuorum

232 798 417 831 bominum
447 799 483 830 in
518 797 651 841 populo
680 796 766 835 Dei,
809 802 838 827 et
874 795 983 839 ipsius
1018 794 1218 839 tranquilli-

233 858 284 883 tas
301 856 365 882 etc.

334 899 493 932 Recitavi
511 904 717 941 argumenta
739 897 925 941 praecipua
938 923 946 936 ,
970 908 1059 941 quae
1074 894 1220 939 Epicuri

231 951 440 986 sententiam
467 952 677 983 contii-mare
704 949 886 987 ridentur,
915 955 948 980 et
971 947 1092 979 addidi
1119 958 1219 979 veras

233 1003 494 1047 explicationes.
560 1001 692 1046 Estque
719 999 903 1032 collocatio
920 999 965 1044 ²3)
991 998 1087 1031 utilis
1112 997 1217 1029 etiam

233 1056 277 1087 ob
298 1053 387 1087 hanc
411 1065 570 1092 eausam,
599 1053 681 1098 quia
707 1050 860 1084 ostendit
876 1052 1008 1088 sontes,
1038 1061 1099 1082 cnr
1124 1048 1217 1081 docti

233 1105 462 1139 dissenserint
489 1105 531 1136 de
557 1105 642 1143 fine,
669 1103 750 1148 quia
777 1102 959 1141 xhlelicet,
992 1113 1069 1132 cum
1097 1106 1219 1132 contu-

231 1157 343 1190 macia
372 1156 415 1189 sit
439 1155 673 1200 cupiditatum
699 1155 867 1186 adxersus
890 1151 1059 1184 indicium
1079 1150 1219 1189 mentis,

233 1209 293 1241 alii
317 1214 410 1241 recte
437 1219 601 1239 normam
622 1206 824 1243 immotam,
853 1202 1121 1235 convenientem
1140 1213 1218 1233 cuin

234 1266 349 1292 niente
369 1259 509 1297 divina,
537 1257 667 1291 scilicet
692 1255 859 1288 iudicium
884 1267 945 1287 seu
972 1254 1083 1296 legem
1110 1251 1220 1285 secuti

232 1317 324 1344 sunt.
358 1310 428 1342 Alii
443 1306 758 1352 apprehenderunt
776 1305 998 1349 cupiditates,
1025 1315 1116 1349 quae
1135 1302 1217 1348 quia

232 1374 295 1395 suo
314 1362 448 1404 impetu
467 1359 676 1404 opprimunt
693 1359 831 1390 decreta
857 1356 1003 1395 mentis,
1033 1357 1069 1387 lit
1095 1355 1131 1386 iu
1155 1352 1219 1386 hac

232 1412 456 1451 confusione,
482 1417 522 1444 ut
538 1410 631 1443 bona
656 1408 783 1441 mentis
808 1407 1052 1440 existimentur
1073 1417 1146 1439 esse
1168 1405 1219 1436 in-

232 1464 362 1497 feriora
373 1463 432 1507 ⁴²²).
485 1461 531 1494 Et
547 1462 587 1494 fit
602 1460 774 1493 illustrior
796 1456 1043 1503 philosophia,
1071 1469 1149 1490 cuin
1176 1457 1220 1489 ad

232 1514 432 1548 doctrinam
448 1512 625 1546 Ecclesiae
641 1512 833 1544 confertur.

333 1565 464 1598 lterum
498 1570 614 1597 autem
639 1575 769 1595 moneo
794 1568 827 1594 et
851 1562 1007 1594 obtestor
1031 1558 1220 1598 studiosos,

232 1625 271 1651 ut
297 1615 476 1661 praerepti
501 1615 612 1648 divini
639 1626 832 1646 memores:
868 1613 949 1646 Bon
973 1612 1069 1644 dicas
1093 1610 1218 1642 salsum

234 1668 497 1706 testimonium,
533 1666 794 1710 amplectantur
821 1664 1024 1702 veritatem,
1062 1667 1095 1694 et
1120 1661 1155 1692 in
1180 1673 1218 1693 ea

233 1719 476 1765 acquiescant,
504 1729 568 1749 nee
587 1719 717 1749 ducant
735 1715 867 1759 ingenii
883 1716 987 1747 decus
1003 1726 1089 1752 esse,
1116 1712 1220 1745 salsas

234 1771 419 1815 opiniones
444 1766 632 1813 sophistice
651 1767 759 1807 tueri,
795 1773 834 1800 ut
852 1766 983 1799 multae
1000 1765 1169 1798 distortae
1188 1769 1221 1795 et

235 1828 454 1855 monstrosae
468 1826 616 1853 naturae
633 1830 754 1851 amore
770 1817 938 1851 novitatis
956 1823 989 1849 et
1004 1816 1121 1850 studio
1139 1826 1220 1847 cou-

234 1872 446 1911 tradicendi,
486 1871 588 1904 salsas
620 1876 654 1903 et
680 1870 851 1903 absurdas
875 1868 1062 1913 opiniones
1088 1878 1220 1911 propu-

234 1924 414 1968 gnant‘r').
482 1923 597 1956 Porro
625 1919 712 1954 haec
750 1921 842 1953 mala
877 1916 1151 1966 σοφιστομανία
1188 1923 1222 1949 et

234 1973 457 2020 δοξρμανία,
485 1986 564 2006 cum
584 1972 621 2004 in
640 1973 775 2018 reliqua
800 1971 871 2004 vita
889 1983 992 2015 saepe
1008 1981 1220 2013 magnarum

234 2027 474 2060 calamitatum
493 2036 617 2058 causae
634 2030 732 2064 sunt,
761 2030 836 2056 tum
855 2035 939 2056 xero
950 2021 1126 2055 Ecclesiae
1143 2032 1221 2064 per-

236 2077 466 2111 niciosissima
493 2083 585 2110 sunt.

236 2168 349 2200 Estne
374 2167 468 2197 recte
498 2162 637 2197 dictum
662 2173 684 2195 a
709 2163 870 2203 Stoicis,
897 2160 1017 2194 solam
1047 2160 1223 2193 virtutem

599 2233 677 2255 esse
701 2219 859 2255 bonum?

340 2291 432 2325 Utile
453 2296 520 2328 est,
549 2289 774 2322 considerare
797 2294 931 2321 veteres
950 2285 1223 2331 praecipuarum

239 2350 411 2378 sectarum
436 2341 712 2385 disputationes,
748 2352 822 2372 non
840 2345 880 2371 ut
897 2338 1067 2371 absurdas
1086 2336 1225 2381 opinio-

240 2407 301 2428 nes
322 2393 570 2432 det‘endamus,
597 2392 657 2425 sed
682 2398 720 2425 ut
744 2391 780 2426 in
807 2390 996 2424 collatione
1018 2388 1147 2422 veritas
1165 2388 1225 2420 fiat

276 2510 324 2538 23)
340 2509 498 2566 ἳῗῆέρειιῑίο]
518 2508 558 2532 sic
576 2509 641 2533 Edd.
664 2508 736 2533 1557,
756 2510 782 2532 et
804 2507 896 2537 1560.;
921 2506 987 2530 Edd.
1010 2505 1085 2530 1550.
1105 2506 1131 2528 et
1152 2504 1225 2528 1554.

311 2550 342 2567 eo
365 2549 381 2566 a
396 2549 429 2566 ιο.

277 2586 324 2613 2⁴]
347 2591 414 2615 qnae
433 2585 493 2615 quia
512 2591 562 2607 suo
582 2585 680 2614 impetn
700 2599 732 2602 —
752 2592 814 2609 esse
833 2584 980 2613 inferiora]
999 2583 1039 2607 sic
1058 2582 1124 2606 Edd.
1140 2582 1225 2608 1554,

316 2620 389 2643 1557.
410 2621 436 2643 et
457 2619 547 2645 i560.;
581 2620 629 2642 Ed.
652 2620 723 2642 1550.
749 2626 818 2650 quae
837 2625 886 2644 suo
906 2619 1007 2649 impetu
1027 2617 1135 2647 rapiunt
1154 2616 1225 2640 iudi-

313 2655 397 2683 cium,
415 2655 444 2676 ut
465 2653 588 2676 videatur
606 2653 746 2677 infirmius.

277 2697 325 2725 25)
344 2695 430 2719 salsas
445 2695 472 2717 et
485 2695 619 2717 absurdas
634 2695 774 2724 opiniones
788 2696 985 2727 propugnant]
1002 2694 1042 2719 sic
1055 2694 1123 2718 Edd.
1140 2693 1224 2722 1554„

314 2729 386 2755 1557.
407 2730 433 2752 et
453 2729 543 2757 1560.;
566 2729 613 2752 Ed.
631 2730 704 2753 1550.
724 2731 855 2755 salsarum
874 2732 900 2754 et
918 2730 1099 2755 absurdarum
1118 2727 1223 2759 opinio-

313 2770 374 2789 num
393 2765 610 2794 propugnatores
630 2763 716 2787 videri
737 2766 841 2789 volunt.

497 149 696 184 SCRIPTA
722 147 796 183 PH.
825 146 936 182 MEL.
962 146 1026 180 AD
1054 142 1262 182 ETHICEN
1294 146 1359 183 ET
1386 147 1643 185 POLITICEN
1671 148 1982 185 SPECTANTIA.

2184 147 2254 182 180

1271 235 1458 275 illustrior,
1487 242 1516 268 et
1537 248 1614 269 cnm
1634 235 1912 281 deprehenditur
1937 233 2147 280 sophistica,
2177 235 2256 267 reii-

1269 287 1408 318 eiantnr
1430 288 1633 327 mendacia,
1668 295 1701 320 et
1726 289 1989 332 acquiescamus
2016 287 2050 319 in
2075 287 2257 320 sententiis

1271 338 1372 370 xeris.
1401 336 1438 369 ln
1459 336 1522 369 hac
1541 345 1658 371 autem
1677 339 1897 384 quaestione,
1923 340 1965 371 de
1984 338 2128 371 nomine.
2147 340 2255 371 Boni

1270 388 1464 432 disputatio
1490 395 1551 422 est.

1372 448 1533 481 Prinunn
1554 460 1639 479 vero
1657 455 1817 481 sumatur
1837 447 2111 493 decriptiossoni
2135 460 2174 480 ex
2189 449 2256 481 Ge-

1272 499 1364 538 nesi,
1403 499 1460 532 ubi
1487 499 1616 531 dicitur
1642 499 1784 543 (Gi-nes.
1807 501 1839 539 1,
1863 500 1957 545 31.):
2002 500 2133 534 Omnia
2167 511 2256 544 quae

1271 552 1400 583 set-erat
1425 550 1537 589 Deus,
1572 550 1728 596 e1·ant⁴·'⁶)
1757 551 1855 583 valde
1879 552 1985 585 bona.
2039 550 2087 583 lbi
2115 550 2257 582 Bonum

1271 602 1443 645 signifieat
1464 614 1535 634 rem
1555 602 1734 634 conditam
1754 615 1770 634 a
1783 601 1878 642 Deo,
1907 608 2159 646 congruentem
2177 614 2256 634 cum

1272 653 1396 685 ordine
1421 654 1455 685 in
1484 659 1599 685 mente
1622 653 1762 693 divina,
1791 654 1991 686 ordinatam
2007 654 2054 698 27)
2077 654 2118 686 ad
2145 659 2258 685 certos

1273 717 1353 738 usus
1371 718 1430 737 seu
1453 707 1555 743 lines,
1581 718 1668 749 quos
1690 705 1782 737 Deus
1799 705 1985 749 approbat.
2038 705 2132 737 Haec
2150 704 2255 736 inter-

1273 757 1424 799 pretatio
1452 756 1535 788 dieti
1561 756 1595 788 in
1620 756 1748 789 Genesi
1772 756 1959 799 diligenter
1984 756 2169 799 cogitanda
2195 761 2258 794 est,

1273 814 1306 839 et
1339 807 1693 853 consideramlum⁸³⁷⁸)
1725 821 1831 852 quani
1865 808 2017 841 tenuiter
2055 803 2257 851 philosophi

1273 859 1473 891 describant
1498 859 1652 898 bonini»,
1697 859 1755 904 qui
1786 871 1856 891 non
1881 859 2013 892 sariunt
2040 858 2256 891 mentionem

2000 916 2029 941 et
2058 909 2259 947 creationis,

1273 963 1329 994 sed
1352 967 1487 994 tantum
1506 962 1686 993 intuentur
1705 961 1795 1005 ipsas
1815 974 1869 994 res
1887 968 1918 993 et
1935 974 2057 993 earum
2077 961 2258 998 utilitates,

1273 1025 1363 1057 quae
1388 1013 1423 1044 in
1452 1013 1571 1045 oeulos
1595 1013 1800 1051 incurrunt,
1828 1019 1866 1045 ut
1891 1026 1970 1045 enin
1987 1012 2123 1044 dieunt:
2149 1012 2259 1045 Polus

1273 1070 1321 1096 est
1339 1063 1469 1096 sitienti
1490 1065 1634 1096 bonum.
1673 1063 1762 1095 ilinc
1781 1071 1831 1097 est
1851 1064 1975 1096 usitata
1996 1063 2154 1095 delinitio
2166 1062 2256 1095 Boni

1273 1116 1366 1158 apud
1401 1112 1649 1158 philosophos:
1695 1114 1836 1148 Bonum
1862 1122 1911 1148 est
1936 1114 2104 1159 quiddam
2133 1126 2259 1146 come-

1273 1166 1372 1198 niens
1392 1173 1552 1198 naturae.
1606 1166 1678 1199 hos
1699 1166 1859 1200 iubemus
1883 1166 2100 1199 considerari
2125 1166 2256 1198 sontem

1273 1216 1357 1249 boni
1375 1216 1432 1261 ²9).

1362 1267 1570 1300 l'tetinemus
1586 1273 1701 1299 autem
1718 1267 1883 1300 usit⁹tam
1901 1267 2163 1301 distinctionem
2181 1280 2258 1311 gra·

1273 1317 1610 1363 (1111111130).Aliud
1635 1324 1686 1352 est
1709 1318 1843 1351 bonum
1867 1320 2047 1359 naturale,
2080 1320 2174 1352 aliud
2197 1321 2257 1352 bo-

1273 1382 1358 1402 num
1370 1369 1417 1414 31)
1437 1370 1583 1403 morale.

1375 1421 1517 1453 Bonum
1536 1420 1696 1453 naturale
1717 1427 1767 1454 est
1794 1420 1865 1465 ipse
1882 1419 1978 1454 Deus
1999 1427 2033 1453 et
2055 1419 2181 1453 deinde
2206 1431 2260 1453 res

1274 1484 1505 1517 quaecunque
1530 1471 1671 1504 condita
1700 1484 1718 1504 a
1744 1472 1841 1512 Deo,
1883 1484 2080 1515 congTuens
2103 1483 2181 1503 cum
2205 1483 2261 1503 or-

1273 1524 1354 1556 dine
1380 1523 1416 1556 in
1442 1530 1558 1556 mente
1585 1522 1727 1563 nixum,
1755 1523 1906 1568 ideoque
1932 1524 2072 1567 placens
2096 1522 2172 1554 Deo
2196 1534 2260 1555 suo

1274 1575 1371 1614 loco,
1401 1575 1563 1607 ordinata
1590 1575 1632 1606 ad
1653 1574 1792 1619 aliquos
1810 1587 1892 1607 usus
1907 1575 1983 1607 Deo
2006 1575 2184 1619 placentes
2200 1573 2261 1620 32),

1273 1632 1311 1659 ut
1327 1626 1398 1666 sol,
1426 1632 1537 1666 terra,
1566 1626 1681 1665 cibus,
1708 1632 1830 1669 potus,
1860 1626 1982 1659 virtus.

1376 1677 1444 1710 Sed
1467 1678 1601 1710 bonum
1624 1677 1760 1709 morale
1787 1683 1837 1710 est
1863 1677 1936 1722 ipse
1954 1676 2070 1717 Deus,
2097 1675 2262 1710 videlicet

1273 1727 1444 1772 sapientia
1480 1735 1623 1761 aeterna
1662 1734 1695 1761 et
1731 1728 1879 1761 immota
1912 1729 1949 1761 in
1976 1728 2054 1761 Deo
2091 1728 2261 1762 ordinans

1274 1785 1388 1820 recta,
1425 1786 1458 1813 et
1479 1780 1639 1813 sanciens
1664 1780 1854 1813 discrimen
1879 1780 1973 1813 inter
1995 1786 2091 1813 recta
2122 1786 2155 1813 et
2186 1792 2259 1813 non

1273 1837 1380 1871 recta,
1402 1838 1435 1863 et
1450 1832 1614 1864 voluntas
1624 1831 1690 1863 Dei
1706 1843 1846 1875 semper
1863 1832 1984 1865 volens
2002 1838 2108 1871 recta,
2133 1831 2260 1864 deinde

1274 1894 1358 1915 vero
1374 1883 1411 1915 in
1424 1880 1775 1916 hominibusbonum
1794 1883 1928 1915 morale
1946 1889 1997 1916 est
2012 1889 2149 1916 tantum
2167 1883 2258 1917 actio

1274 910 1338 942 Dei
1370 923 1429 943 seu
1462 910 1596 943 ordinis
1621 910 1655 942 in
1679 917 1795 942 niente
1820 911 1960 949 dixina,

1308 2009 1356 2038 26)
1375 2010 1469 2038 erant]
1489 2008 1529 2032 sic
1546 2008 1595 2032 Ed.
1611 2008 1701 2037 1550.;
1726 2007 1792 2031 Edd.
1809 2007 1899 2038 155⁴„
1917 2007 1994 2032 1557.
2013 2008 2040 2031 et
2060 2007 2133 2032 1560.
2153 2011 2242 2033 eruut.

1309 2062 1357 2090 27]
1377 2062 1573 2092 congruentem
1591 2066 1650 2083 cum
1670 2060 1765 2084 ordine
1790 2060 1817 2083 in
1842 2062 1932 2084 mente
1956 2060 2064 2088 divina,
2091 2061 2261 2090 ordinatam]

1345 2097 1385 2119 sic
1403 2096 1469 2120 Edd.
1487 2096 1575 2119 1554.,
1599 2095 1671 2119 1557.
1692 2096 1717 2117 et
1739 2095 1831 2126 1560.;
1856 2095 1904 2118 Ed.
1923 2095 1998 2121 1550.
2016 2096 2044 2119 et
2062 2101 2112 2119 suo
2126 2096 2186 2121 loco
2199 2097 2261 2127 pla-

1343 2132 1449 2155 centem
1468 2130 1540 2156 Deo,
1560 2131 1587 2152 et
1606 2129 1766 2153 ordinatam.

1309 2174 1359 2202 28)
1379 2172 1622 2230 consilderandum]
1642 2172 1682 2197 sic
1700 2173 1767 2197 Edd.
1784 2172 1858 2197 1554.
1877 2174 1904 2196 et
1924 2172 2014 2203 1557.;
2039 2173 2087 2197 Ed.
2102 2173 2174 2198 1560.
2194 2179 2261 2199 con-

1345 2214 1446 2232 servan
1467 2214 1518 2231 um.

1310 2251 1357 2283 29)
1379 2252 1451 2274 Haec
1469 2249 1662 2280 interpretatio
1680 2249 1744 2273 dicti
1756 2263 1791 2267 —
1809 2250 1911 2275 sontem
1929 2250 2016 2279 bont]
2035 2250 2075 2273 sic
2089 2251 2156 2276 Edd.
2176 2253 2260 2283 155⁴„

1349 2285 1423 2309 1557.
1442 2287 1469 2308 et
1491 2285 1580 2313 1560.;
1605 2285 1652 2307 Ed.
1673 2285 1747 2309 1550.
1767 2285 1846 2309 habet
1863 2286 1944 2309 haec:
1967 2286 2041 2308 Haec
2060 2287 2103 2308 est
2122 2286 2260 2317 interpre-

1345 2320 1415 2344 tatio
1434 2319 1498 2343 dicti
1517 2319 1543 2342 in
1562 2318 1663 2343 Genesi
1686 2319 1832 2349 diligenter
1855 2319 2019 2350 cogitanda,
2050 2322 2079 2343 ut
2102 2321 2261 2345 conferatur

1347 2361 1406 2378 cum
1423 2354 1619 2384 philosophica.
1655 2354 1723 2378 Nam
1740 2354 1891 2384 philosophi
1909 2359 1962 2378 non
1980 2353 2083 2377 faciunt
2096 2355 2259 2380 mentionem

1346 2389 1510 2415 creationis,
1536 2388 1584 2411 sed
1604 2394 1650 2411 res
1669 2390 1773 2412 tantum
1792 2388 1948 2417 intuentur,
1972 2393 2005 2412 ac
2022 2388 2128 2413 dieunt:
2157 2391 2259 2414 Bonum

1348 2425 1391 2447 est
1409 2423 1533 2453 quiddam
1553 2423 1719 2447 conveniens
1739 2425 1870 2452 naturae,
1889 2424 1916 2445 et
1933 2422 2085 2447 ordinatum
2104 2423 2138 2447 ad
2156 2426 2259 2448 certum

1347 2458 1434 2482 smem.
1472 2459 1507 2481 Ut
1522 2459 1623 2481 Bonum
1642 2458 1684 2480 est
1703 2457 1806 2480 sitienti
1825 2458 1912 2486 potus.

1312 2502 1359 2530 30)
1380 2501 1539 2525 Retinemus
1558 2503 1647 2524 autem
1666 2501 1794 2524 usitatam
1813 2500 2014 2523 distinctionem
2040 2500 2196 2531 graduum]
2219 2502 2259 2525 sie

1348 2537 1413 2560 Eud.
1436 2536 1524 2563 1554..
1547 2535 1619 2559 1557.
1640 2538 1666 2558 ct
1688 2536 1780 2565 1560.;
1804 2535 1852 2558 Ed.
1874 2535 1948 2559 1550.
1974 2534 2092 2558 Primum
2110 2538 2200 2560 autem
2220 2536 2259 2559 sic

1347 2570 1513 2594 discernitur
1532 2570 1679 2600 appellatio
1698 2569 1771 2593 Boni.

1311 2613 1451 2672 31)¹elti¹ud
1471 2614 1582 2642 bonum]
1601 2612 1640 2636 sic
1658 2612 1724 2636 Edd.
1747 2613 1836 2641 ¹554„
1858 2611 1932 2636 1557.
1952 2613 1978 2636 et
2000 2612 2088 2642 1560.;
2115 2613 2163 2637 Ed.
2186 2614 2259 2638 1550.

1345 2655 1362 2672 a
1376 2655 1400 2672 iu
1423 2667 1427 2672 .

1311 2692 1359 2719 32)
1379 2691 1438 2721 ipse
1455 2690 1529 2714 Deus
1550 2704 1584 2709 --
1607 2690 1665 2713 Deo
1683 2690 1850 2720 placente-sd
1877 2689 1917 2713 sic
1936 2690 2002 2714 Edd.
2025 2690 2118 2721 ¹554„
2138 2689 2210 2714 155⁷.
2231 2692 2258 2714 et

1348 2726 1439 2755 1560.;
1470 2725 1518 2749 Ed.
1540 2724 1614 2748 1550.
1634 2730 1679 2748 res
1696 2730 1870 2754 quaeeunque
1887 2730 1904 2747 a
1923 2724 1980 2748 Deo
1998 2724 2123 2752 condita,
2147 2724 2257 2754 placens

1345 2761 1402 2784 Deo
1421 2765 1470 2784 suo
1488 2759 1566 2790 loco,
1585 2759 1710 2784 ordinata
1728 2759 1762 2783 ad
1779 2759 1887 2789 aliquos
1905 2765 1971 2783 usus
1991 2759 2047 2784 Deo
2066 2759 2215 2789 placentes.
