2347 3000
204 101 278 137 855

202 188 287 221 latio
312 194 360 220 est
384 188 428 221 ad
453 188 604 220 vicinam
628 187 938 231 signific-'uioneim
972 188 1033 220 sed
1056 187 1185 231 passim

204 239 318 272 oratio
338 239 457 281 figuris
476 251 664 282 conspersa
682 244 753 277 est,
787 238 882 282 quod
906 250 984 270 cum
1000 240 1037 270 sit
1056 238 1189 270 medio-

204 290 327 330 criter,
363 290 465 323 laude
496 290 641 333 dignum
673 294 740 325 est;
782 301 861 321 curn
888 290 925 321 fit
948 289 1132 322 ambitiose
1157 295 1191 322 et

205 342 415 380 immodice,
444 341 618 382 ingratum
642 345 703 372 est.

309 391 484 424 Discernit
501 396 617 422 autem
643 387 729 422 haec
755 401 904 433 genera,
939 401 1012 421 non
1036 390 1131 434 quod
1155 389 1191 421 in

205 442 312 486 longo
330 454 477 485 corpore
494 452 613 473 versus
625 467 634 481 ,
661 453 721 474 seu
739 441 907 483 figuratus
923 452 1039 473 sermo
1058 453 1130 473 non
1149 440 1192 473 sit

206 493 411 525 intertextus
436 491 600 535 proprio;
644 493 705 524 sed
736 498 774 524 ut
805 498 967 531 moneat,
1004 491 1192 524 discrimen

206 557 277 576 esse
296 544 387 574 inter
407 542 591 586 proprium
611 554 810 575 sermonem
839 549 873 575 et
898 544 1105 585 figuratum,
1132 555 1193 575 seu

207 595 297 626 iuter
315 593 563 638 quotidianum
585 599 620 626 et
642 600 828 637 poetarum
849 600 909 626 aut
927 600 1103 626 oratorem
1124 605 1194 627 ser-

207 658 368 683 monem,
413 645 474 689 qui
497 645 575 688 plus
600 651 893 677 ornamentorum
920 642 1044 684 babet,
1087 657 1191 689 quam

206 695 446 740 quotidianus.
524 694 600 728 Etsi
634 695 771 728 Romae
815 696 1052 739 loquebantur
1086 695 1194 727 latine

206 746 359 790 puellae:
388 752 507 778 tamen
532 746 680 780 sorensis
706 746 820 778 oratio
839 746 1018 779 Ciceronis
1045 747 1192 778 multum

207 798 250 829 ab
276 797 333 829 illa
357 797 554 840 puellarum
578 797 831 829 consuetudine
855 797 984 830 differt.
1037 797 1194 841 Sumpsit

204 855 322 881 autem
349 848 472 881 Cicero
507 846 570 881 bas
599 848 854 892 appellationes
883 848 1126 880 membrorum
1154 860 1193 880 ex

204 899 409 938 Aristotele,
436 899 497 944 qui
514 911 713 932 sermonem
733 899 917 940 distinguit
935 899 970 930 iu
989 896 1192 944 πεφυκότα,

205 950 241 983 id
265 956 334 989 est,
376 949 537 983 nativum
567 955 601 982 et
629 948 905 994 πεπλασμένον,
948 949 983 981 id
1011 956 1080 989 est,
1119 955 1194 981 arte

204 1002 335 1034 sactum
346 1000 404 1047 ⁷⁴).

545 1075 647 1109 Alia
673 1075 854 1109 divisio.

305 1143 462 1187 Sequens
478 1142 605 1175 divisio
631 1154 705 1174 non
732 1148 782 1174 est
806 1141 983 1174 miscenda
1007 1140 1195 1184 superiori,

206 1194 266 1228 scd
284 1192 531 1226 universaliter
556 1193 724 1225 discernit
744 1193 919 1225 delectum
948 1192 1139 1224 verborum
1163 1197 1196 1223 et

206 1244 488 1278 collocationem.
540 1244 702 1276 Primum
717 1270 726 1283 ,
755 1243 887 1287 inquit:
917 1242 961 1275 sit
979 1243 1120 1286 copiosa
1139 1255 1195 1275 su-

206 1297 319 1341 pellex
336 1295 549 1339 simplicium
565 1295 776 1332 verborum;
806 1301 926 1337 postea
943 1293 1137 1337 praecipiet
1153 1293 1194 1325 de

207 1347 450 1380 collocatione.

310 1397 395 1441 Cap.
412 1396 454 1430 V.
484 1394 514 1440 ἓ.
534 1396 592 1430 16.
619 1397 799 1439 Simplicia
823 1395 961 1427 dividit.
1013 1393 1090 1426 Alia
1115 1400 1196 1427 sunt

206 1448 346 1487 nativa,
375 1448 538 1480 videlicet
556 1448 722 1490 propria,
751 1453 789 1479 ut
805 1447 921 1478 dicere
940 1446 1102 1485 oculum,
1129 1458 1194 1489 pro

206 1500 386 1538 membro,
414 1511 485 1543 quo
503 1498 676 1531 videmus.

307 1550 386 1581 Alia
405 1556 487 1582 sunt
504 1555 657 1592 reperta.

209 1608 299 1634 tuor.

306 1651 433 1689 Facta,
460 1662 520 1684 seu
536 1655 666 1682 novata
683 1655 831 1693 propter
848 1647 1130 1686 similitudinem,
1157 1653 1197 1679 ut

206 1709 287 1736 sunt
303 1699 553 1745 metaphorae,
585 1701 699 1733 dicere
724 1701 759 1732 in
785 1699 912 1732 vitibus
936 1710 1112 1741 gemmam
1142 1698 1195 1730 vel

420 1751 595 1797 Livius75)
622 1751 728 1791 dixit,
764 1750 965 1794 Scipionem
992 1749 1151 1781 allatrari
1176 1761 1194 1780 a

705 1547 844 1580 Horum
863 1547 994 1591 species
1012 1553 1094 1580 sunt
1111 1559 1196 1591 qua-

208 1754 361 1786 oculum.

208 1805 353 1837 Catone.

307 1854 413 1887 Facta
447 1852 716 1892 immutatione,
762 1857 801 1884 ut
828 1856 911 1884 sunt
943 1849 1195 1894 metonymiae,

208 1919 287 1939 cum
308 1904 523 1949 per-imitatio
549 1905 588 1936 fit
611 1902 825 1935 continentis
850 1914 916 1946 pro
944 1907 1129 1941 contento,
1156 1907 1196 1933 ut

207 1956 351 1990 Curiam
370 1968 435 2000 pro
454 1961 578 1988 senatu
596 1954 765 1991 dicimus;
801 1953 855 1985 vel
871 1964 1045 1996 personae
1066 1964 1131 1996 pro
1156 1963 1193 1984 re

206 2007 393 2047 attributa,
435 2013 475 2039 ut
496 2018 561 2049 pro
587 2007 766 2038 frumento
792 2004 978 2044 Cererem,
1019 2015 1085 2047 pro
1110 2002 1193 2035 vino

206 2057 403 2095 Bacchium
432 2057 487 2089 vel
505 2057 644 2099 signum
666 2068 731 2099 pro
759 2067 797 2087 re
821 2055 977 2098 signata,
1003 2054 1111 2087 fasces
1128 2066 1192 2097 pro

205 2110 433 2152 magistratu,
475 2114 594 2151 togam
620 2119 685 2151 pro
710 2118 815 2150 pace;
856 2105 1040 2137 materiam
1067 2117 1133 2148 pro
1156 2116 1193 2137 re

205 2161 397 2199 fabricata,
422 2165 461 2191 ut
474 2159 605 2191 serrum
623 2170 688 2202 pro
712 2169 812 2193 euse;
848 2163 984 2200 partem
1012 2168 1076 2199 pro
1106 2162 1193 2195 toto,

207 2218 245 2244 ut
261 2210 409 2255 puppim
426 2222 491 2253 pro
514 2222 615 2242 nave.
675 2208 767 2246 Has,
804 2213 842 2240 ut
868 2207 914 2239 ita
945 2207 1080 2247 dicam,
1116 2219 1193 2250 per-

207 2262 422 2295 mutationes
454 2273 581 2294 vocum
615 2259 740 2293 usitate
766 2257 935 2302 appellari
958 2255 1195 2301 μετωνυμίας

208 2319 362 2353 constat,
391 2324 477 2357 quas
495 2312 531 2343 in
547 2310 651 2343 tertio
669 2312 711 2343 de
728 2311 881 2342 Oratore
893 2309 1015 2342 Cicero
1028 2308 1073 2354 ⁷⁶)
1092 2315 1194 2341 vocat

208 2364 405 2396 immutata.
470 2362 523 2395 Ex
548 2374 589 2395 eo
612 2362 690 2394 loco
715 2360 895 2393 Ciceronis
919 2359 1132 2403 sumpsimus
1161 2366 1193 2392 et

207 2414 491 2447 emendationem
511 2420 544 2446 et
560 2412 889 2456 interpretationem
907 2408 1012 2444 huius
1031 2410 1193 2444 lectionis

209 2465 246 2497 in
263 2465 530 2498 Partitionibus.

245 2582 293 2608 74)
314 2581 390 2605 conf.
411 2580 570 2603 Aristotelis
587 2579 710 2610 *Rheton
726 2578 771 2606 III,
790 2578 816 2603 2.
836 2579 878 2607 4.,
909 2576 952 2600 ubi
977 2574 1064 2607 λέγειν
1088 2575 1193 2601 πεπλα-

278 2614 386 2646 σμένως
405 2617 431 2637 et
450 2613 472 2636 λ.
492 2610 655 2645 πιφυκόιως
674 2612 825 2643 distiiiguit.

241 2659 289 2686 ⁷5)
308 2658 366 2681 Liv.
381 2656 537 2683 XXXVIII,
555 2655 597 2678 54.

241 2700 290 2728 76)
311 2700 365 2723 Cic.
385 2699 416 2722 de
437 2699 513 2723 Orat.
528 2698 574 2729 Ill,
593 2697 634 2721 42.

770 100 893 136 PHIL.
927 100 1039 136 MEL.
1073 100 1275 136 SCRIPTA
1311 105 1646 143 PfflLOLOGICA.

2153 110 2228 147 856

1584 192 1787 241 inflexione]
1816 193 1868 226 De
1885 192 1940 228 bis
1956 195 2052 229 varie
2070 197 2233 231 divinant

1517 245 1584 276 Sed
1606 252 1754 288 apparet
1779 258 1818 278 ex
1837 247 1961 278 eodem
1980 247 2055 279 loco
2073 248 2108 279 in
2127 249 2230 282 tertio

1244 293 1286 324 de
1311 294 1483 333 Oratore,
1523 295 1571 327 sic
1607 308 1732 328 xocare
1764 309 1822 329 eas
1854 296 2110 341 Aunwvvluc'ag,
2151 310 2232 332 cum

1245 343 1336 375 idem
1364 357 1514 383 nomen,
1555 347 1615 378 sed
1640 346 1709 378 alio
1736 359 1816 379 casu
1842 355 2054 391 usurpatur,
2089 355 2128 381 ut
2154 361 2234 382 cum

1246 394 1411 427 dicimus:
1442 396 1614 438 Superbia
1648 397 1776 428 evertit.
1804 399 2033 441 respublicas.
2096 399 2160 432 Hic
2186 399 2238 432 vi-

1247 445 1333 477 tium
1361 458 1424 489 pro
1459 446 1619 489 personis
1653 448 1899 487 nominamus,
1934 450 2136 494 superbiam
2172 462 2238 494 pro

1245 496 1416 539 superbis.

1345 194 1444 226 Facta
1469 219 1476 227 .
1495 218 1502 226 .
1521 218 1529 226 .
1549 219 1556 226 .

1243 241 1464 285 interpretes.

1469 497 1513 528 At
1533 496 1715 530 Romanus
1735 496 1842 530 bomo
1865 505 1967 539 tunc,
2003 514 2080 533 cum
2107 513 2161 534 res
2185 507 2236 535 est

1930 550 2088 584 Dicimus
2103 552 2236 585 Itoma-

1748 601 1941 632 Germania
1976 609 2026 634 est
2056 603 2234 636 bellicosa.

1248 649 1311 680 llic
1329 649 1559 681 Germaniam
1580 650 1728 683 dicimus
1746 662 1811 694 pro
1831 650 2030 685 Germanis.
2070 653 2237 696 Epicurei

1248 700 1508 743 proxidentiam
1535 707 1567 732 et
1601 701 1793 733 windirtam
1820 702 1976 734 divinam
2006 703 2142 737 sahulas
2165 715 2237 737 esse

1248 752 1388 790 dicunt,
1418 751 1450 783 id
1468 757 1535 790 est,
1562 752 1719 784 fabulose
1739 753 1889 786 narrari.
1932 753 1976 786 Et
1993 754 2136 786 crebrae
2154 760 2237 788 sunt

1248 814 1477 834 muuerorum
1497 803 1731 841 imitationes,
1760 809 1815 835 ut:

1246 548 1334 579 bene
1352 554 1447 589 gesta
1460 574 1468 587 ,
1498 549 1603 579 corde
1622 561 1684 581 suo
1713 549 1875 592 trepidat.

1248 610 1331 629 num
1379 611 1442 641 pro
1481 598 1664 632 Romanis.

1299 861 1392 888 Vince
1416 861 1542 895 animos,
1566 859 1697 898 iramque
1722 866 1817 897 tuam,
1849 863 1897 899 qui
1921 848 2037 891 caetera
2061 861 2216 902 vincis'fl).

1249 911 1311 943 llic
1335 912 1376 944 de
1403 912 1506 944 unius
1532 910 1677 944 Arbillis
1705 913 1826 944 animo
1851 913 1990 946 dicitur.
2050 913 2095 946 Et
2123 914 2158 946 in
2180 915 2239 946 (le-

1247 962 1437 1006 scriptione,
1459 962 1651 995 venustatis
1669 963 1804 995 formae
1823 965 1914 1006 apud
1927 964 2235 1010 Claudianuui⁷⁸):

1334 1022 1398 1049 Non
1421 1021 1499 1048 labra
1523 1030 1621 1057 rosae,
1655 1030 1713 1048 non
1736 1021 1811 1048 colla
1834 1023 1965 1058 pruinae,

1331 1073 1397 1100 Non
1420 1072 1516 1098 crines
1537 1077 1665 1108 aequant
1688 1071 1799 1106 violae,
1822 1081 1878 1099 nou
1903 1072 2012 1100 lumina
2036 1073 2178 1102 flammae.

1249 1122 1312 1154 Hic
1331 1134 1395 1166 pro
1419 1121 1590 1163 singulari
1609 1120 1696 1153 colla
1716 1120 1815 1153 «lixit.

1352 1172 1506 1216 Quidam
1540 1171 1632 1203 inter
1660 1171 1831 1204 vocabula
1854 1172 1944 1204 sacta
1970 1172 2158 1206 inflexione
2184 1186 2237 1207 re-

1249 1230 1391 1256 censent
1414 1229 1447 1254 ct
1473 1222 1652 1262 derivata,
1679 1222 1753 1255 sine
1778 1223 1961 1265 analogia,
1989 1230 2027 1256 ut
2051 1231 2150 1258 sunt:
2178 1226 2238 1257 de-

1249 1275 1400 1314 cimare,
1429 1273 1649 1313 consulatus,
1686 1273 1906 1313 tribunatus,
1942 1275 2150 1317 paludatus,
2183 1282 2238 1308 tu-

1249 1326 1404 1365 nicatus,
1440 1330 1635 1368 poetaster,
1678 1330 1711 1356 et
1737 1324 1842 1356 verba
1868 1324 2104 1358 imitationem
2130 1326 2237 1370 signi—

1249 1376 1411 1415 ficantia,
1444 1381 1483 1408 ut
1507 1372 1774 1419 philosophari,
1809 1375 2027 1414 laconizare;
2062 1383 2096 1409 et
2113 1377 2236 1410 Cicero

1250 1428 1352 1460 dixit:
1383 1427 1512 1459 Caesar
1531 1426 1707 1471 syllaturit
1722 1425 1787 1471 ⁷⁹),
1822 1425 1857 1458 id
1877 1433 1944 1466 est,
1972 1428 2088 1460 studet
2104 1428 2239 1461 imitari

1249 1490 1396 1522 regnum
1421 1477 1549 1521 Syllae.
1603 1476 1698 1509 Haec
1724 1476 1852 1509 Graeci
1878 1484 2051 1511 vocarunt
2071 1475 2236 1526 παραγό-

1248 1542 1361 1573 itera,
1390 1535 1429 1561 ut
1453 1528 1601 1571 legimus
1626 1528 1718 1571 apud
1736 1527 2075 1575 Quintilianumw),
2111 1530 2146 1562 id
2174 1536 2236 1570 cst,

1250 1581 1428 1612 traducta:
1458 1579 1540 1624 quia
1557 1580 1792 1611 traducuntur
1809 1578 1846 1610 in
1864 1580 1971 1612 alium
1990 1592 2122 1614 casum.
2158 1580 2236 1613 Est-

1250 1644 1316 1676 que
1336 1631 1540 1674 inutraque
1564 1629 1685 1672 lingua
1712 1627 1841 1661 borum
1866 1643 1993 1673 magna
2020 1631 2140 1674 copia,
2175 1631 2236 1664 sed

1250 1681 1365 1713 maior
1396 1681 1432 1711 in
1465 1681 1619 1718 Graeca,
1668 1692 1758 1724 quae
1796 1680 1931 1713 facilius
1963 1694 2002 1713 ex
2029 1682 2235 1715 nominibus

1249 1732 1353 1764 verba
1375 1731 1506 1774 gignit,
1533 1736 1572 1762 ut
1593 1727 1776 1776 τύραννος
1799 1733 2016 1776 τυραννεῖν,
2046 1729 2236 1779 συκοφάν-

1249 1796 1311 1828 της
1331 1782 1593 1826 συκοφαντεῖν.

1350 1832 1456 1865 Facta
1489 1831 1716 1864 adiunctione
1747 1831 1956 1871 x‘erborum,
1991 1830 2077 1866 haec
2108 1840 2237 1867 vocant

1249 1881 1416 1918 ἐπίθετα.
1468 1882 1541 1916 Nee
1557 1881 1703 1915 dubium
1721 1888 1790 1921 est,
1820 1882 1905 1927 quin
1923 1880 1989 1915 boc
2006 1884 2235 1925 velitCicero,

1248 1946 1351 1978 saepe
1376 1946 1455 1966 cum
1483 1934 1609 1966 desunt
1634 1933 1800 1976 propria,
1841 1935 2012 1967 utendum
2041 1948 2113 1968 esse
2143 1936 2236 1980 peri-

1248 1983 1379 2029 phrasi.
1448 1985 1498 2017 Ut
1525 1997 1603 2016 cum
1630 1983 1778 2016 dicimus
1799 1985 1935 2017 stellam
1959 1986 2141 2026 crinitam,
2176 1993 2237 2020 aut

1247 2036 1383 2069 stellam
1416 2037 1617 2073 cadente1u;
1661 2047 1744 2066 nam
1772 2035 1917 2079 propria
1961 2035 2015 2070 his
2044 2039 2147 2071 rebus
2177 2039 2236 2071 de-

1247 2093 1339 2120 sunt.
1406 2085 1456 2119 Ita
1489 2086 1638 2119 dicimus
1663 2087 1916 2130 rempublicam
1946 2088 2077 2121 bellum
2113 2088 2232 2127 cix·ile;

1247 2151 1352 2181 vagas
1370 2138 1552 2177 libidines,
1588 2150 1665 2169 cum
1685 2149 1794 2180 genus
1809 2138 2037 2172 nominamus
2054 2139 2232 2180 vitiosum,

1248 2189 1451 2233 oppositum
1482 2188 1729 2222 consuetudini
1758 2189 1954 2232 coniugali,
2002 2202 2107 2235 quam
2137 2190 2232 2225 Deus

1247 2241 1434 2284 approbat.
1499 2239 1545 2272 Et
1579 2239 1732 2272 atrocius
1763 2246 1832 2280 cst,
1872 2240 2022 2274 incestae
2056 2241 2232 2282 libidines,

1247 2303 1329 2324 nam
1348 2288 1454 2324 ethic
1472 2290 1678 2323 circuitione
1695 2290 1847 2330 utimur,
1874 2304 1951 2323 cum
1970 2292 2155 2335 proprium
2173 2294 2232 2325 de-

1246 2342 1300 2376 sit.
1372 2342 1417 2374 Et
1442 2354 1546 2385 saepe
1574 2348 1720 2385 propter
1756 2340 1939 2386 emphasin
1972 2342 2106 2375 utimur
2140 2343 2232 2387 peri-

1246 2391 1386 2437 phrasi,
1414 2392 1519 2425 etiam
1541 2405 1618 2425 cum
1644 2405 1717 2425 non
1741 2393 1865 2426 desunt
1886 2393 2051 2437 propria,
2076 2400 2115 2426 ut
2137 2396 2231 2439 apud

1246 2444 1404 2477 Livium:
1433 2443 1635 2477 Furialibus
1651 2443 1772 2487 agitati
1788 2443 1954 2482 stimulis;
1983 2457 2062 2477 cum
2088 2446 2230 2481 brevius

1280 2568 1328 2595 77)
1348 2567 1426 2592 ovid.
1447 2569 1557 2592 Heroid.
1577 2575 1617 2598 ep.
1631 2568 1658 2593 3,
1675 2568 1717 2592 85.

1280 2609 1326 2639 75)
1347 2610 1489 2633 Claudiani
1507 2610 1708 2639 epithalamium
1728 2610 1841 2632 Honos-ii
1862 2613 1887 2634 et
1907 2611 2011 2635 Mariae
2029 2612 2088 2637 265,
2108 2613 2166 2637 266,

1280 2652 1328 2680 79)
1349 2653 1404 2676 Cic.
1424 2652 1503 2681 epist.
1525 2652 1559 2675 ad
1577 2652 1656 2674 Attio.
1672 2651 1718 2677 lx,
1741 2653 1782 2680 10,
1800 2653 1824 2677 (2.

1280 2696 1327 2723 80)
1348 2694 1460 2724 Quintil.
1481 2694 1566 2717 instit.
1587 2696 1656 2718 orat.
1675 2693 1746 2724 VIII,
1766 2695 1789 2718 6.
