2347 3000
208 126 276 160 171

206 211 403 245 bonitatem
417 236 426 249 ,
455 222 535 243 cum
555 221 635 241 eum
652 220 734 241 vere
752 206 974 250 agnoscimus
993 211 1027 237 et
1043 203 1197 236 celebra-

207 276 296 296 mus.
356 261 453 294 Idem
481 260 623 299 dicunt,
657 259 719 304 qui
744 257 951 301 simpliciter
978 255 1026 289 sic
1051 266 1198 299 respon-

208 316 309 348 dent:
343 314 469 346 Finem
495 324 567 345 esse
597 323 717 343 veram
743 308 960 352 agnitionem
987 312 1021 338 01
1045 307 1198 339 celebra-

207 366 341 399 tionem
369 364 446 397 Dei.
517 363 609 397 Nam
640 359 678 394 hi
708 359 807 393 modi
841 357 1032 403 loquendi,
1076 358 1197 390 dextre

208 415 424 457 intelligendi
457 421 549 448 sunt.
617 412 673 445 Sic
704 413 746 443 de
774 411 842 442 fine
865 411 968 441 docet
992 408 1104 443 Filius
1131 408 1197 441 Dei

208 465 352 514 (Manli.
367 465 402 506 5,
424 466 515 510 1601
542 464 675 496 Lueeat
690 462 749 494 lux
766 467 878 493 vestra
891 487 900 500 ,
927 467 966 493 ut
984 461 1198 502 glorificetur

209 521 316 552 Pater
333 517 504 551 coelestis.
544 515 587 547 lit
608 510 813 547 1..(,'orintl1.
834 514 890 552 10,
909 512 1004 557 (31.)
1024 513 1196 556 seriptum

210 577 278 604 est:
308 568 438 603 Omnia
457 568 500 599 ad
518 565 665 609 gloriam
681 563 744 596 Dei
760 564 874 597 facite.
915 563 1002 595 ltem
1022 563 1198 597 iul'salm.

210 619 312 667 (115,
334 620 402 663 1.):
439 618 521 651 *Non
545 615 648 648 nobis
672 615 845 653 Domine,
881 627 955 647 non
976 615 1100 654 nohis,
1138 616 1198 648 5011

209 672 344 706 nomini
364 677 423 702 tuo
443 670 485 701 da
504 667 666 711 gloriam.
718 666 763 699 Et
788 666 943 710 primum
970 672 1198 710 praeceptum

209 725 310 755 docet
333 720 425 754 lmnc
448 732 520 752 esse
546 720 652 751 finem
677 715 852 757 hominis,
879 730 957 750 cum
977 717 1078 750 initio
1098 730 1200 762 prae-

210 775 293 818 cipit
309 774 350 806 de
370 771 549 813 agnitione.
568 776 601 802 01
617 769 816 802 ohedientia
836 769 910 801 Deo
931 769 1060 802 dehita.

309 823 470 857 Sumitur
487 828 605 855 autem
628 819 685 854 hic
703 821 775 865 ipse
793 820 871 853 finis
897 833 938 853 ex
957 819 1104 853 consilio
1119 818 1200 859 Dei,

210 888 281 922 quo
296 875 340 921 ¹¹)
359 873 518 908 condidit
538 871 719 905 hominem
739 872 882 917 (Genes.
903 872 935 910 1,
952 872 1048 916 26.);
1078 871 1200 904 Facia-

211 941 288 961 nms
304 925 487 960 homiuem
506 925 549 957 ad
568 924 761 967 imaginem
787 929 821 955 et
843 923 1113 956 similitudinem
1137 934 1201 954 no-

212 986 333 1013 stram.
375 977 456 1010 11100
472 976 565 1009 Deus
584 975 743 1008 condidit
760 980 957 1007 creaturam
975 974 1200 1013 rationalem,

211 1038 249 1064 ut
278 1030 385 1074 ipsius
414 1027 609 1062 similitudo
635 1026 671 1058 in
697 1039 735 1058 ea
764 1027 894 1066 luceat,
928 1032 967 1059 ut
990 1031 1201 1069 agnoscatur

212 1083 326 1121 Deus,
363 1087 396 1113 et
425 1079 495 1113 sint
524 1078 656 1111 similes
690 1077 849 1110 xirtntos.
911 1077 999 1110 Cum
1030 1078 1075 1109 ad
1106 1074 1200 1109 hunc

212 1136 315 1168 tinem
344 1131 485 1165 condita
518 1129 563 1162 sit
587 1135 713 1161 natura
738 1126 946 1167 hominum,
973 1140 1113 1161 necesse
1138 1133 1201 1166 est,

211 1183 374 1218 homines
395 1188 560 1226 appetere
579 1192 699 1213 veram
719 1179 786 1211 Dei
812 1179 1030 1222 agnitionem
1058 1185 1091 1210 et
1116 1178 1201 1210 dile-

213 1237 385 1273 ctionem,
429 1240 462 1266 et
487 1232 707 1277 acquiescere
742 1232 778 1262 in
812 1243 872 1269 eo,
917 1229 1201 1262 communicante

213 1287 314 1320 nohis
330 1298 429 1319 suam
447 1283 656 1317 bonitatem.
697 1281 790 1313 Haec
807 1287 888 1313 sunt
907 1281 1090 1324 perspicua
1108 1285 1201 1312 recte

214 1337 399 1376 institutis,
427 1342 461 1367 et
476 1338 677 1376 congruunt
698 1345 777 1365 cum
795 1332 868 1375 lege
886 1331 965 1364 Dei.

288 1386 521 1431 Evangelium
536 1383 678 1417 deducit
699 1396 763 1416 nos
780 1384 824 1415 ad
841 1383 992 1416 eundem
1007 1382 1127 1421 finem,
1142 1382 1202 1415 sed

213 1439 373 1483 adiungit
388 1439 571 1471 ductorem
589 1435 699 1468 filium
712 1461 720 1474 ,
749 1446 839 1479 quae
857 1434 1019 1466 doctrina
1037 1445 1143 1477 supra
1158 1433 1202 1478 ¹²)

214 1497 442 1535 conspectum
464 1487 614 1520 rationis
638 1485 815 1519 humanae
840 1485 955 1529 posita
979 1491 1047 1524 est,
1077 1491 1111 1517 et
1134 1482 1203 1517 1100

215 1543 323 1577 modo
354 1542 395 1574 de
427 1541 495 1572 fine
527 1537 760 1571 concionatur
789 1537 921 1570 dictum
951 1536 1038 1569 illud
1063 1534 1203 1580 (Ioann.

217 1595 276 1634 17,
295 1592 364 1638 3.):
404 1591 500 1624 Haec
521 1596 572 1623 est
595 1590 666 1622 vita
691 1594 854 1628 aeterna,
890 1594 929 1621 ut
955 1593 1148 1631 agnoscant
1170 1593 1203 1619 te

214 1646 330 1679 Deum
354 1655 498 1681 verum,
531 1647 565 1674 et
589 1653 694 1686 quem
720 1639 846 1672 misisti
869 1637 981 1672 Iesum
1009 1651 1080 1672 esse
1104 1636 1204 1671 Chri-

219 1704 324 1732 stum.

319 1746 415 1779 Haec
435 1746 477 1777 de
494 1744 579 1782 fine,
608 1742 651 1774 de
671 1754 741 1787 quo
760 1740 920 1774 doctrina
930 1739 1105 1773 Ecclesiae
1123 1751 1205 1772 con-

217 1800 393 1837 cionatur,
418 1796 575 1841 primum
591 1791 649 1826 hic
666 1793 813 1825 dicenda
830 1798 923 1831 511111,
944 1798 983 1825 111
1001 1790 1204 1824 discrimina

217 1850 462 1885 doctrinarum
488 1845 770 1879 considerentur.
830 1843 932 1877 Nunc
958 1840 1204 1887 philosophica

217 1902 416 1936 recitemus.

319 1951 412 1983 Vera
438 1950 499 1982 lux
516 1946 666 1980 rationis
690 1946 727 1978 in
747 1943 893 1978 homine
919 1944 1021 1978 insita
1044 1949 1206 1982 naturae,

219 2003 382 2048 congruit
406 2013 486 2034 cum
505 1999 580 2042 lege
595 1998 681 2037 Dei,
713 1999 773 2031 sed
797 2009 891 2030 nunc
913 1997 949 2029 in
970 1994 1036 2029 hac
1058 1994 1205 2038 caligine

220 2054 405 2090 ohscurior
423 2058 473 2085 est
483 2050 549 2083 Dei
566 2049 714 2089 notitia,
742 2055 775 2081 et
790 2048 909 2081 multis
927 2046 1206 2081 dubitationibus

221 2107 396 2141 turbatur.
449 2101 532 2135 Ideo
549 2098 772 2146 philosophi,
800 2100 864 2133 etsi
884 2099 1063 2132 interdum
1085 2098 1207 2131 iubent

221 2157 345 2192 referri
370 2154 526 2188 actiones
551 2154 595 2185 ad
611 2152 747 2191 Deum,
772 2158 892 2184 tamen
914 2151 1125 2195 plerumque
1142 2161 1207 2181 no-

222 2210 361 2243 minant
391 2212 530 2239 tantum
563 2204 749 2242 virtutem,
794 2209 828 2236 et
856 2202 997 2241 dicunt,
1039 2201 1206 2233 virtutem

222 2263 328 2294 finem
356 2269 440 2292 esse.
509 2255 619 2290 Stoici
644 2255 707 2288 etsi
730 2254 797 2287 alia
822 2254 933 2287 multa
958 2252 1110 2286 absurda
1137 2258 1208 2284 tra-

224 2313 331 2350 dunt,
373 2317 493 2342 tamen
519 2305 588 2340 hoc
612 2312 704 2339 recte
729 2306 909 2339 dixerunt:
952 2304 1083 2337 Omnia
1111 2302 1208 2336 nasci

224 2361 413 2397 hominum
431 2371 533 2392 031153
547 2385 556 2399 ,
580 2356 743 2391 homines
762 2369 846 2390 vero
864 2356 933 2389 Dei
951 2367 1067 2389 causa.

326 2412 492 2444 Testatur
520 2417 553 2443 et
575 2409 808 2448 conscientia,
848 2408 964 2441 Deum
992 2407 1099 2440 finem
1124 2417 1207 2439 esse.

225 2464 307 2498 Ideo
325 2463 420 2496 enim
436 2461 472 2494 in
486 2462 651 2495 scelerate
666 2461 766 2494 factis
784 2460 906 2493 dolent
923 2457 1097 2498 homines,
1124 2456 1208 2503 quia

225 2514 381 2550 naturali
405 2513 481 2545 luce
508 2518 676 2552 cernunt,
702 2518 736 2545 et
759 2518 923 2545 metuunt
948 2511 1039 2543 iram
1062 2508 1149 2549 Dei,
1175 2514 1209 2541 et

261 2625 307 2651 Η)
328 2627 378 2651 quo
398 2620 469 2647 (scil.
489 2620 632 2649 censuim]
653 2621 691 2643 sic
711 2621 758 2643 Ed.
778 2621 867 2649 ¹550.;
892 2620 959 2643 Edd.
976 2619 1067 2648 1554„
1089 2618 1162 2643 1557.
1182 2620 1209 2642 et

297 2657 370 2680 1560.
390 2655 477 2678 miuus
497 2657 575 2683 apte:
603 2655 646 2684 qui
667 2655 739 2685 (scil.
759 2656 856 2683 Deus),

258 2700 305 2728 12)
325 2698 422 2727 supra]
449 2697 488 2721 sic
514 2697 581 2720 ΕΜ.
608 2697 698 2723 1554..
727 2697 799 2721 1557.
827 2700 853 2722 et
882 2698 973 2727 1560.;
1005 2697 1053 2723 Ed.

294 2738 385 2761 supra.

1080 2696 1155 2721 1⁵50.
1181 2697 1208 2720 et

471 120 671 157 SCRIPTA
698 120 773 155 PH.
800 119 912 155 MEL.
940 118 1004 153 AD
1032 116 1243 153 ETHICEN
1269 116 1334 151 ET
1362 116 1618 153 I’OLITICEN
1649 116 1960 153 SPECTANTIA.

2169 119 2242 157 172

1252 210 1395 237 econtra
1421 204 1457 237 in
1482 212 1575 238 recte
1602 206 1721 247 sactis,
1754 212 1889 239 mentes
1914 204 2128 249 tranquillae
2149 212 2243 246 sunt,

1252 256 1334 302 quia
1353 256 1530 296 iudicant,
1559 257 1643 289 talia
1660 259 1751 291 facta
1770 257 1847 291 Deo
1866 255 1972 289 iudici
1995 262 2029 289 et
2051 257 2242 300 spectatori

1251 307 1408 352 probari.
1462 307 1525 340 Est
1548 307 1654 349 igitur
1677 315 1711 342 et
1732 309 1926 342 secundum
1944 319 2064 340 veram
2084 305 2241 351 philoso-

1252 357 1373 402 phiam
1405 358 1484 391 finis
1510 359 1720 403 praecipuus
1745 358 1919 399 hominis,
1954 358 2072 403 aliqua
2107 359 2241 401 agnitio

1252 410 1338 450 Dei,
1365 409 1541 443 seuDeus.
1596 410 1663 443 Sed
1682 408 1886 455 philosophi
1904 409 1951 444 sic
1968 410 2176 455 loquuntur,
2203 416 2242 444 ut

1253 461 1335 495 dixi.
1386 460 1498 494 Aiunt
1515 461 1680 494 virtutem
1698 462 1804 495 finem
1827 474 1918 501 0550,
1947 467 1980 494 01
2008 473 2087 493 011111
2110 472 2175 494 1105
2193 461 2242 495 sic

1252 513 1453 559 loquimur,
1486 512 1724 556 intelligamus
1748 513 1785 545 in
1810 513 1882 557 ipsa
1909 512 2165 556 appellatione,
2208 518 2242 545 et

1253 563 1344 598 lianc
1367 576 1542 598 summam
1566 564 1755 603 xirtutem,
1781 570 1820 596 ut
1835 563 1930 596 Deus
1948 569 2180 606 agnoscatur,
2208 570 2242 597 et

1254 628 1377 649 omnes
1395 613 1563 649 honestae
1582 615 1736 648 actiones
1755 616 1797 647 ad
1816 614 1930 647 Deum
1950 615 2163 648 reserantur.

1358 667 1446 700 Cum
1473 673 1591 700 autem
1619 667 1688 699 iam
1712 667 1799 699 duas
1823 665 2018 698 contrarias
2042 665 2243 709 opiniones,

1255 718 1402 751 alteram
1417 718 1637 758 Aristotelis,
1664 718 1811 750 alteram
1833 716 1979 761 Epicuri
2001 716 2184 750 recitaturi
2198 716 2243 750 si-

1253 769 1409 815 11111513),
1436 770 1626 815 loquemur
1647 770 1777 802 usitato
1799 781 1911 802 more.
1964 767 2133 812 Quaestio
2156 765 2243 801 haec

1254 822 1313 855 sit:
1342 821 1398 854 An
1417 822 1528 854 virtus
1545 821 1589 854 sit
1606 820 1684 854 finis
1701 818 1870 860 hominis,
1892 831 1937 852 an
1952 830 2037 851 vero
2056 817 2243 863 voluptas?

1254 872 1459 906 Aristoteles
1477 872 1610 917 inquit:
1645 871 1833 905 Actionem
1849 869 1988 903 virtutis
2005 870 2109 903 finem
2127 867 2244 903 homi-

1254 924 1308 957 nis
1328 936 1411 957 esse.
1463 923 1537 958 Nos
1555 936 1634 956 cum
1653 923 1821 962 dicimus,
1849 922 2016 955 virtutem
2035 922 2140 954 finem
2158 933 2244 961 esse,

1254 987 1328 1008 non
1344 974 1582 1017 intelligamus
1601 975 1753 1007 otiosum
1772 972 1948 1012 habitum,
1967 973 2026 1005 sed
2044 971 2244 1005 Aristotelis

1254 1027 1465 1061 sententiam
1489 1026 1723 1065 retineamus,
1759 1024 1896 1057 etiamsi
1919 1023 2103 1056 brevitatis
2126 1034 2244 1063 causa,

1254 1084 1392 1111 tantum
1411 1077 1577 1110 virtutem
1594 1077 1841 1115 nominamus,
1868 1081 1908 1108 ut
1930 1081 1963 1107 et
1982 1074 2105 1107 Cicero
2128 1073 2245 1119 loqui-

1256 1136 1324 1162 tur.
1394 1128 1661 1161 Removeantur
1682 1140 1765 1171 ergo
1792 1123 2034 1173 λογομαχίαι,
2077 1131 2111 1158 01
2138 1125 2244 1170 plane

1255 1186 1470 1219 statuamus,
1494 1179 1619 1212 salsam
1647 1191 1719 1212 0550
1744 1177 1955 1212 sententiam
1981 1175 2148 1220 Epicuri,
2181 1176 2245 1222 qui

1256 1230 1459 1268 contendit,
1485 1230 1704 1273 voluptatem
1722 1230 1827 1262 finem
1846 1240 1929 1262 esse.
1964 1227 2108 1261 Rectius
2125 1233 2244 1261 autem

1256 1282 1294 1314 in
1308 1278 1535 1326 philosophia
1554 1280 1640 1312 dici:
1669 1280 1847 1313 Virtutem
1865 1291 1937 1313 esse
1952 1279 2057 1312 finem
2076 1276 2244 1320 hominis,

1257 1333 1293 1365 id
1317 1337 1388 1371 est,
1417 1338 1510 1364 recte
1533 1331 1733 1364 faciendum
1760 1343 1853 1370 esse,
1884 1330 2021 1363 etiamsi
2045 1330 2186 1364 dolores
2211 1336 2246 1363 et

1257 1383 1468 1417 detrimenta
1487 1388 1692 1427 sequantur.
1721 1381 1918 1415 Confirmat
1932 1380 2139 1415 Aristoteles
2153 1379 2246 1414 hanc

1257 1433 1469 1470 sententiam
1493 1433 1622 1467 illustri
1646 1432 1972 1473 demonstratione,
1998 1438 2081 1465 nata
2098 1432 2135 1465 in
2151 1430 2247 1477 Phy-

1257 1487 1336 1521 sicis
1352 1483 1419 1518 hoc
1435 1485 1563 1517 modo:

1309 1536 1552 1572 Certissimum
1570 1542 1640 1575 est,
1668 1533 1705 1566 in
1723 1533 1879 1579 qualibet
1896 1539 2024 1566 natura
2041 1533 2148 1566 finem
2173 1545 2246 1569 esse

1359 1587 1643 1632 propriissimam
1663 1585 1735 1619 eius
1753 1591 1902 1619 naturae
1921 1585 2110 1619 actionem.
2160 1583 2245 1619 Ideo

1362 1639 1455 1672 enim
1481 1645 1531 1671 est
1554 1637 1722 1682 propria,
1764 1637 1846 1682 quia
1871 1637 1915 1669 ad
1944 1634 2037 1669 hanc
2068 1635 2244 1670 actionem

1360 1696 1488 1722 natura
1506 1689 1694 1733 praecipue
1710 1688 1851 1720 condita
1867 1693 1929 1721 051.

1308 1739 1409 1774 Actio
1427 1740 1566 1774 virtutis
1585 1746 1635 1773 est
1650 1739 1896 1783 propriissima
1917 1736 2070 1772 homini.

1308 1791 1417 1836 Igitur
1434 1791 1524 1825 actio
1542 1790 1681 1824 virtutis
1697 1796 1747 1823 est
1764 1789 1854 1824 finis.

1359 1843 1457 1876 Haec
1481 1842 1736 1876 demonstratio
1773 1853 1855 1873 vera
1882 1845 1950 1879 est,
1985 1839 2050 1872 etsi
2077 1836 2246 1884 Epicurei

1259 1894 1370 1928 multa
1396 1894 1596 1939 plausibilia
1624 1898 1832 1936 argumenta
1858 1896 2064 1934 opponunt,
2092 1902 2247 1936 quorum

1260 1946 1445 1991 explicatio
1460 1946 1611 1979 multum
1627 1944 1714 1977 lucis
1729 1944 1843 1976 adfert
1859 1940 1941 1975 huic
1959 1941 2205 1986 disputationi.

1359 1996 1448 2030 Illud
1466 2003 1582 2030 autem
1596 1996 1749 2040 praefari
1764 2006 1902 2028 necesse
1919 1999 1981 2033 est,
1996 1993 2129 2026 sontem
2140 1990 2247 2028 huius

1261 2047 1522 2081 controversiae
1558 2059 1629 2081 esse
1669 2046 1852 2080 dissidium
1884 2044 2002 2088 legum
2029 2051 2177 2078 naturae
2208 2044 2246 2078 in

1260 2106 1377 2133 mente
1390 2126 1399 2140 ,
1427 2105 1461 2133 01
1479 2098 1737 2144 appetitionum
1756 2098 1793 2130 in
1810 2096 1914 2129 corde
1926 2123 1934 2136 ‚
1958 2096 2054 2141 quod
2077 2096 2171 2129 unde
2189 2108 2247 2129 or-

1261 2156 1335 2184 tum
1352 2151 1414 2190 sit,
1442 2151 1545 2183 docet
1559 2149 1726 2184 Ecclesia.
1778 2147 1823 2182 Et
1846 2148 1890 2181 ad
1914 2147 2137 2192 perspicuam
2155 2146 2246 2181 diiu-

1261 2202 1474 2235 dicationem
1489 2199 1593 2235 liuius
1611 2199 1874 2233 controversiae
1886 2226 1896 2240 ‚
1922 2198 2019 2232 utilis
2036 2204 2086 2232 est
2103 2198 2246 2232 collatio

1261 2254 1444 2286 doctrinae
1457 2280 1466 2293 ,
1492 2265 1581 2299 quae
1598 2252 1634 2285 in
1649 2252 1804 2285 Ecclesia
1820 2250 1972 2284 traditur
1989 2250 2031 2283 de
2049 2249 2162 2284 causis
2180 2250 2247 2283 mi-

1261 2304 1434 2338 seriarum
1449 2302 1689 2338 humanarum
1701 2330 1710 2344 ,
1737 2309 1772 2337 et
1787 2301 1923 2336 dissidii
1937 2301 2067 2345 legum,
2090 2307 2124 2334 et
2139 2313 2247 2346 appe-

1263 2355 1428 2389 titionum
1447 2356 1483 2388 in
1499 2353 1662 2395 homine,
1685 2367 1775 2400 quae
1793 2360 1844 2387 est
1860 2353 1994 2386 malum
2013 2352 2180 2396 originis,
2206 2358 2247 2386 ut

1261 2414 1420 2442 vocatur.
1473 2407 1590 2440 Homo
1608 2407 1769 2440 conditus
1787 2411 1848 2445 est,
1873 2410 1913 2438 ut
1929 2403 1998 2447 legi
2014 2403 2247 2448 obtemperet,

1263 2465 1297 2492 et
1312 2456 1399 2492 haec
1417 2458 1618 2492 obedientia
1632 2459 1760 2491 ardens
1775 2463 1810 2490 et
1822 2455 1932 2489 dulcis
1949 2455 1985 2487 in
2003 2455 2168 2489 cordibus
2181 2452 2247 2488 ho-

1262 2510 1399 2544 minum
1421 2510 1560 2550 fuisset,
1587 2509 1617 2544 si
1640 2516 1768 2543 natura
1795 2519 1869 2540 non
1893 2505 2014 2540 suisset
2038 2507 2245 2551 depravata.

1262 2560 1395 2595 Iustum
1413 2567 1463 2595 est
1482 2562 1588 2602 enim,
1604 2567 1643 2595 ut
1658 2560 1760 2594 bonis
1776 2559 1864 2592 bene
1882 2558 1937 2592 sit.
1973 2557 2042 2591 Sed
2055 2564 2245 2604 postquam

1261 2620 1389 2647 natura
1406 2610 1595 2648 hominum
1611 2614 1803 2657 depravata
1823 2615 1894 2649 est,
1919 2608 2051 2642 multae
2081 2609 2118 2642 in
2142 2608 2246 2643 nobis

1297 2730 1341 2761 13)
1361 2731 1460 2762 simus]
1476 2730 1515 2755 sic
1529 2728 1596 2754 Edd.
1615 2727 1687 2753 1550.
1705 2730 1732 2752 et
1749 2726 1841 2757 1554.;
1859 2725 1925 2750 Edd.
1939 2725 2012 2751 ¹557.
2031 2725 2141 2751 et15eo.
2155 2724 2243 2750 simul.
