2347 3000
216 154 261 189 15
456 149 576 185 PHIL.
606 148 716 183 MEL.
741 147 940 182 SCRIPTA
967 146 1032 180 AD
1058 144 1267 180 ETHICEN
1295 144 1359 178 ET
1387 143 1642 181 POLITICEN
1671 145 1980 180 SPECTANTIA.
2185 147 2231 181 16

215 238 354 269 divinae.
404 234 588 275 Adiungam
619 238 726 264 autem
756 233 817 262 alia
845 231 992 262 eiusdem
1021 230 1151 271 generis
1183 233 1217 260 et
1246 228 1287 260 de
1317 229 1420 269 ipsius
1449 229 1596 261 authoris
1617 231 1805 271 voluntate,
1834 236 1871 261 ut
1894 229 1971 260 nihil
1995 230 2147 268 quentin
2170 230 2231 260 hae

218 286 308 321 parte
330 279 466 318 amplius
490 276 677 307 desiderari.
721 275 812 305 Vale.

299 323 391 352 llaec
413 320 515 350 verba
537 320 682 357 sequitur
705 316 924 348 Melanthonis
948 313 1106 353 praefatio
1129 312 1169 344 ad
1191 314 1270 344 Arn.
1294 314 1471 344 Burenium
1494 313 1566 344 Oct.
1582 314 1674 346 1550.
1699 317 1823 355 scripta
1846 320 1880 345 et
1903 313 2065 345 Ursellani
2089 322 2231 351 carmen,

218 371 285 396 tum
316 363 463 404 Epitomc
487 360 710 402 philosophiae
739 357 876 389 moralis
904 355 1025 396 Philip.
1056 354 1222 386 Melania.
1240 357 1282 396 ¹).
1332 357 1600 387 Enarrationibus
1629 359 1660 387 in
1688 359 1709 388 4
1732 359 1831 388 libros
1854 357 1996 387 Ethicor.
2020 357 2124 386 Arist.
2145 357 2232 385 illam

218 407 430 447 sequentibus
452 404 564 434 eadem
587 404 627 433 ad
642 402 817 432 Arnoldnm
841 400 1014 430 Burenium
1037 400 1175 438 epistola
1198 400 1432 438 nuncupatoria
1454 408 1473 428 a
1495 399 1707 430 Melanthone
1729 410 1842 431 mense
1866 400 1959 429 Febr.
1982 399 2075 429 1545.
2099 400 2232 437 scripta,

221 459 315 490 quam
339 457 437 487 supra
462 449 492 477 in
515 447 565 476 his
590 445 830 483 l’rolegmnenis
853 442 1101 481 exscripsimus,
1132 442 1293 481 praefixa,
1324 443 1354 471 in
1379 451 1489 472 earum
1513 442 1577 472 tine
1601 448 1710 472 autem
1734 443 1923 473 dissertatio
1947 442 1988 472 de
2010 442 2125 472 arbore
2149 451 2233 471 con-

224 491 455 532 sanguinitatis
479 494 512 519 et
535 488 701 518 affinitatis
719 492 777 530 ⁸est
799 484 916 514 addita.

303 535 440 569 Ultima,
463 540 557 570 quam
581 533 650 568 ipse
673 528 863 561 Melanthou
887 527 1032 560 curavit,
1057 526 1157 556 editio
1181 526 1338 564 inscripta
1361 532 1427 556 est:

349 574 484 605 Ethicac
506 572 673 603 doctrinae
696 569 854 600 clementa
878 571 908 599 ct
932 569 1104 599 enarratio
1127 567 1206 598 libri
1235 568 1343 614 quinti
1368 568 1572 599 Ethieorum.
1622 567 1766 598 Additae
1788 570 1864 598 sunt
1887 568 2091 609 apcitestiones
2115 567 2154 597 de
2177 567 2234 597 Iu-

387 615 564 652 ramcntis,
593 613 630 643 dc
660 611 1027 648 liz-esmonanicatione‚
1056 614 1085 641 ct
1115 610 1154 640 dc
1184 609 1262 650 aliJs
1292 610 1486 652 quibusdam
1516 609 1679 650 muterijs.
1731 609 1859 640 Amore
1889 609 2041 650 Philippo
2067 608 2234 641 chlanth.

388 659 467 697 (sub
497 658 556 685 hoc
590 657 716 685 nomine
747 656 851 694 figura
880 654 977 695 gladii
1008 664 1026 683 a
1050 654 1174 683 duobus
1204 655 1366 694 anguibus
1397 654 1646 693 circumplicati,
1682 654 1775 683 cuius
1800 653 1926 691 cuspidi
1949 662 2004 682 cor
2027 653 2148 683 infixus
2172 658 2236 691 est,

390 711 408 730 a
432 700 556 728 duabus
580 699 726 728 manibus
753 707 882 727 sursum
906 697 1065 735 tenetur.)
1118 695 1334 736 ll⁷ittcbcr9ac
1363 706 1450 727 anno
1479 695 1531 726 M.
1547 695 1592 726 D.
1608 694 1691 726 LX.
1720 713 1763 718 —
1816 697 1870 734 (In
1896 695 1994 733 fine:)
2031 693 2236 736 lVitcberqae

380 739 570 771 'arcialcbat
599 739 764 771 Iohannes
787 738 898 780 Lufft,
927 738 1085 778 impensis
1109 738 1258 770 Cunracli
1284 738 1407 770 Ii'uclii.
1452 738 1550 769 Anno
1579 737 1632 770 M.
1654 737 1699 769 Ι).
1717 736 1798 768 ΙΛᾸΪ
1838 739 1868 768 8.
1905 737 1947 767 22
1971 737 2079 777 plagg.
2115 737 2156 776 (3
2179 738 2236 767 ult.

400 793 484 823 ωας.
507 793 621 812 vacuis
645 807 650 812 .

225 830 257 858 ln
289 828 348 857 hac
373 794 608 856 (ῑιοιὶῗυειίίοιιοιιι
625 784 677 854 )ad
708 825 883 854 Burenium
905 824 1021 853 Mense
1045 823 1194 861 Octobri,
1225 824 1320 853 Anno
1346 823 1437 853 1550.
1461 824 1616 862 scriptam
1650 823 1827 862 „Epitome
1857 822 2078 861 philosophiae
2108 821 2238 851 moralis

223 871 360 910 repetita
382 879 464 898 anno
487 869 530 897 M.
550 869 586 897 Ι).
605 867 774 897 mxliii·
795 869 961 906 sequitur,
992 866 1145 905 deinceps
1176 867 1266 905 (sine
1299 866 1362 895 ulla
1395 866 1595 905 praefatione
1620 875 1679 895 seu
1705 866 1925 905 dedicatione)
1958 865 2118 894 enarratio
2141 866 2172 894 in
2197 863 2237 894 V.

223 915 337 943 librum
360 912 465 942 Etliic.
488 912 609 945 Arist..
633 911 684 940 cui
709 910 896 939 dissertatio
928 910 1004 948 „De
1028 909 1141 939 arbore
1164 909 1459 947 consanguinitatis
1483 914 1515 938 et
1539 909 1734 938 affinitatis²'
1758 917 1831 938 cum
1855 908 2017 938 Urscllani
2040 908 2182 936 carmine
2206 908 2238 936 in

223 957 341 986 Ethica
378 955 453 984 Mel.
484 963 611 983 annexa
641 958 711 991 est,
750 958 817 982 tum
848 952 985 992 denique
1023 953 1234 991 quaestiones
1268 952 1340 981 illae
1376 953 1407 980 in
1446 952 1538 981 titulo
1573 956 1843 982 commemoratae
1874 956 2072 989 sequuntur,
2107 951 2155 979 sic
2185 950 2239 980 iu-

226 1008 288 1029 scri
303 1004 384 1028 itae:

294 1008 302 1038 Ι
353 1039 565 1078 Quam-{iones
594 1036 717 1078 aliquot
747 1036 902 1074 L'thicac,
931 1036 970 1067 cle
993 1035 1214 1073 lumniensis,
1243 1035 1581 1066 arcommunicationc
1609 1037 1640 1066 et
1670 1033 1747 1075 alijs
1777 1033 1908 1065 casibus
1930 1033 2097 1072 obscuris,
2131 1031 2239 1074 expli-

392 1085 465 1112 cata
480 1083 512 1117 ²)
538 1080 570 1110 in
594 1079 730 1110 lectione
754 1079 881 1110 Ethica.
926 1079 958 1109 A
980 1079 1132 1119 Philippo
1155 1077 1381 1110 Melanthone.

227 1127 318 1156 llaec
342 1125 468 1154 ethicae
501 1124 664 1153 doctrinae
690 1123 866 1160 elementa,
898 1123 981 1161 quod
1004 1124 1035 1151 in
1059 1123 1253 1152 lectionibus
1277 1121 1471 1151 academicis
1495 1131 1551 1160 per
1575 1121 1705 1161 longum
1730 1126 1858 1159 tempus
1887 1119 2140 1157 adhibebantur,
2168 1128 2242 1149 cum

229 1168 342 1198 iisdem
366 1167 594 1197 additamentis
619 1167 716 1195 etiam
730 1165 940 1195 Melanthone
964 1171 1088 1195 mortuo
1114 1166 1246 1203 saepius
1270 1173 1386 1194 recusa
1409 1169 1504 1201 sunt,
1527 1170 1563 1193 ut
1587 1162 1790 1204 ll'itebcryae
1813 1173 1841 1192 a.
1859 1163 1951 1193 1561.
1967 1163 1996 1193 8.
2021 1179 2060 1183 ——
2095 1171 2122 1191 a.
2146 1161 2241 1192 1562.

225 1212 257 1242 S.
289 1228 328 1232 -
374 1220 400 1239 a¹
438 1210 525 1238 1566.
555 1210 584 1238 S.
613 1209 656 1237 20
679 1209 787 1248 plagg.
818 1225 857 1230 —
903 1218 930 1237 a.
956 1208 1048 1238 1575.
1078 1208 1108 1238 S.
1141 1208 1183 1236 20
1207 1207 1314 1246 plagg.
1346 1223 1386 1228 —
1430 1215 1460 1236 a.
1487 1207 1584 1244 1580,
1617 1206 1800 1236 excutiebat
1826 1206 1984 1235 lohannes
2008 1203 2109 1235 Lufft.
2138 1204 2169 1234 8.
2199 1203 2243 1234 20

226 1254 333 1293 plagg.
364 1253 402 1291 (2
425 1252 480 1280 ult.
505 1260 600 1290 pagg.
624 1251 767 1289 vacuis).
797 1266 839 1271 —
884 1260 911 1279 a.
939 1249 1029 1280 1583.
1061 1250 1089 1279 S.
1119 1249 1162 1278 20
1185 1250 1292 1288 plagg.
1323 1249 1362 1286 (2
1385 1249 1442 1278 ult.
1465 1258 1561 1288 pagg.
1586 1250 1690 1287 vae).
1719 1265 1760 1270 —
1804 1257 1832 1277 a.
1858 1248 1958 1286 1586,
1992 1257 2049 1286 per
2072 1247 2243 1276 Haeredes

228 1296 378 1325 Iohannis
403 1294 564 1324 Cratonis.
588 1294 618 1322 S.
641 1293 683 1323 20
705 1293 812 1331 plagg.
838 1293 877 1330 (2
902 1292 961 1322 ult.
986 1301 1082 1330 pagg.
1108 1292 1209 1329 vae).
1234 1307 1273 1311 —
1318 1300 1345 1319 a.
1373 1290 1464 1319 1589.
1488 1292 1516 1319 S.
1541 1290 1584 1320 20
1599 1291 1711 1330 plagg.
1734 1307 1774 1312 ——
1811 1300 1838 1321 a.
1864 1291 1954 1320 1592.
1974 1291 2004 1320 8.
2029 1307 2068 1312 -
2105 1288 2243 1329 Lipsiae

227 1348 253 1368 a.
280 1338 371 1368 1562.
404 1338 434 1366 8.
460 1353 502 1357 —-
545 1345 571 1364 a.
598 1335 697 1365 1565,
722 1335 884 1363 Iohannes
908 1334 1055 1363 Rhamba
1078 1333 1270 1363 excudebat.
1295 1332 1324 1362 S.
1348 1333 1390 1363 20
1412 1332 1520 1372 plagg.
1545 1332 1584 1371 (3
1607 1333 1663 1362 ult.
1689 1341 1784 1372 pagg.
1809 1333 1903 1370 vac.)
1925 1349 1968 1355 —
1997 1338 2030 1361 et
2053 1332 2093 1361 al.

312 1380 446 1413 Restat,
471 1383 504 1407 ut
529 1377 609 1406 duos
633 1378 664 1406 in
688 1377 908 1406 Melanthonis
932 1377 1092 1415 epitomen
1116 1375 1338 1414 philosophiae
1361 1375 1493 1404 moralis
1515 1380 1613 1414 atque
1637 1375 1766 1405 ethicae
1789 1374 1956 1404 doctrinae
1974 1375 2135 1404 elementa
2153 1383 2245 1404 com-

227 1423 402 1452 mentarios
432 1429 729 1449 commemoremus.
782 1419 1028 1448 Victorinus
1060 1418 1314 1457 Strigelius‚
1345 1418 1536 1455 optimorum
1566 1418 1638 1447 eius
1662 1417 1894 1456 discipulorum
1917 1426 2019 1455 unus,
2041 1417 2126 1446 hanc
2147 1426 2246 1456 prae-

227 1465 368 1504 ceptoris
387 1463 525 1492 ethicam
540 1462 716 1491 doctrinam
734 1462 764 1490 in
782 1460 959 1490 Academia
973 1461 1137 1499 Lipsiensi
1160 1460 1432 1499 praelectionibus
1456 1460 1593 1498 publicis
1616 1461 1699 1490 bene
1722 1461 1917 1498 illustravit,
1941 1469 2022 1498 quas
2046 1459 2246 1488 Christo-

228 1508 381 1547 phorus
404 1505 606 1534 Pezelius
631 1503 731 1533 edidit
758 1509 791 1533 et
813 1504 956 1533 Ernesto
980 1503 1100 1534 Comiti
1122 1503 1153 1531 in
1177 1502 1396 1532 llohensolms
1420 1502 1542 1532 dicavit
1564 1504 1613 1532 sic
1637 1504 1828 1541 inscriptas:

354 1547 392 1578 In
418 1546 587 1586 Epitomcu
613 1545 841 1585 Philosophiae
856 1544 1003 1576 Min-alis
1025 1543 1173 1584 Philippi
1196 1542 1466 1575 illelanchthonis
1487 1543 1750 1584 Hypomncmata
1778 1543 1940 1574 Victorini
1962 1541 2129 1583 Striqelii.
2173 1541 2247 1572 Ex-

396 1592 487 1628 cepta
510 1588 548 1618 dc
571 1598 626 1618 orc
649 1587 753 1628 ipsius
777 1588 809 1618 in
838 1585 1115 1628 praelectionibus
1136 1585 1278 1626 publicis
1300 1589 1330 1616 ct
1353 1586 1442 1616 edita
1469 1596 1567 1626 opera
1591 1590 1620 1617 et
1643 1586 1751 1617 studio
1776 1587 1810 1618 C.
1834 1585 1972 1616 Pezelii.
2017 1582 2159 1625 A'capolc'
2185 1583 2246 1616 Ca-

399 1631 596 1667 simiriana,
621 1631 712 1662 1550.
740 1631 770 1661 S.
800 1631 890 1660 Tom.
914 1632 938 1660 Ι.
970 1631 985 1660 1
1010 1630 1107 1668 Alph.
1133 1629 1222 1668 13ῐῇ2
1245 1631 1353 1669 plagg.
1378 1630 1467 1659 Tem.
1493 1630 1533 1659 ΙΙ.
1560 1630 1573 1659 1
1600 1630 1697 1669 Alph.

232 1676 267 1705 In
292 1675 451 1714 prioribus
475 1674 538 1703 567
562 1683 657 1713 pagg.
683 1675 784 1712 prima
806 1684 898 1712 pars,
928 1675 960 1703 in
983 1673 1217 1712 posterioribus
1241 1674 1306 1702 359
1327 1673 1429 1702 altera
1452 1672 1642 1702 illustratur.

315 1718 377 1747 llic
402 1717 480 1746 liber
504 1717 621 1746 iterum
645 1715 762 1754 prodiit
785 1716 884 1746 1582:

359 1758 397 1788 In
424 1758 593 1798 lipitomen
621 1757 845 1798 philosophiae
874 1756 1010 1787 moralis
1035 1755 1179 1796 Philippi
1202 1754 1486 1796 chlanchtlzonis,
1515 1767 1740 1796 ι’πομιήματα
1768 1754 1931 1786 l'i'ctorini
1957 1752 2128 1795 Siriyelij.
2173 1753 2247 1784 Εἰ·-

399 1803 490 1840 cepta
512 1800 550 1831 de
573 1810 629 1831 ore
653 1800 757 1840 ipsius
781 1800 815 1830 in
836 1798 1113 1840 praelectionibus
1133 1798 1294 1839 publicis:
1333 1798 1458 1837 Quibus
1481 1799 1515 1829 in
1538 1800 1721 1830 Actalcneia
1744 1798 1902 1839 Lipsensi
1925 1800 2002 1828 ante
2025 1806 2130 1827 (ωηο-ς
2151 1795 2249 1838 quin-

400 1843 522 1879 decim,
544 1842 675 1873 ratione
697 1842 832 1873 docendi
853 1843 897 1872 ad
919 1845 1046 1882 captum
1072 1841 1254 1872 iuuenauis
1276 1841 1489 1872 scholasticae
1511 1843 1769 1878 accommodata,
1799 1840 1982 1871 illustrauit
2005 1839 2104 1870 initia
2127 1838 2249 1870 doctri-

403 1896 464 1916 ·nae
489 1884 634 1916 Ethicae.
684 1885 786 1915 Avunc
812 1885 958 1925 primum
982 1887 1137 1915 conterta
1164 1887 1194 1914 et
1218 1884 1251 1915 in
1276 1884 1380 1914 lucem
1403 1884 1507 1919 edita,
1537 1894 1636 1924 opera
1659 1887 1689 1914 et
1712 1883 1836 1921 studia,
1873 1881 2101 1922 Christophori
2122 1880 2249 1913 Pezelii

402 1927 530 1958 Sacrae
545 1926 738 1968 Tht²oloyiiie
751 1927 915 1958 Dos-toris.
959 1925 1101 1967 Neapoli
1116 1926 1291 1957 Nemetum
1308 1926 1500 1958 Escutlebat
1514 1926 1709 1958 Matthaeus
1722 1925 1902 1957 Harnisch.
1926 1924 1978 1956 M.
1995 1924 2039 1955 D.
2053 1922 2249 1955 LXXXII.

405 1972 436 2000 S.
464 1970 507 2001 :35
529 1971 636 2011 plagg.
661 1971 700 2009 (3
723 1972 780 2000 ult.
805 1980 901 2011 pagg.
923 1972 1020 2008 vac).

235 2012 326 2042 Haec
350 2011 448 2043 editio
472 2020 545 2052 post
569 2014 802 2052 praefationem
827 2024 843 2042 e
866 2013 1081 2052 praecedente
1104 2013 1277 2051 repetitam
1302 2018 1334 2042 et
1356 2013 1489 2042 alteram
1512 2012 1769 2051 „praefationem
1792 2012 1896 2040 obiter
1919 2015 2090 2049 exceptam
2104 2014 2180 2039 ante
2197 2010 2250 2038 in-

236 2055 416 2085 coationem
446 2057 674 2094 praelectionis
704 2057 864 2085 Ethicae⁷’
897 2057 926 2085 in
958 2056 1118 2095 prioribus
1148 2055 1211 2084 567
1235 2064 1329 2094 pagg.
1360 2056 1496 2094 primum
1525 2055 1640 2084 librum
1671 2056 1839 2094 Epitomes
1863 2053 2093 2091 Philosophiae
2122 2051 2251 2082 moralis

236 2098 431 2127 illustratum
462 2098 513 2136 (in
536 2100 629 2128 cuius
653 2099 717 2128 fine
742 2099 894 2138 leguntur
918 2100 1033 2128 verba:
1072 2098 1192 2127 Finiuit
1216 2097 1347 2135 Lipsiae
1371 2107 1454 2127 anno
1477 2098 1593 2127 salutis
1618 2098 1776 2127 humanae
1810 2096 1900 2126 1564.
1927 2096 1974 2126 17.
1998 2095 2124 2134 Maij.)‚
2154 2103 2250 2134 pagg.

237 2140 428 2170 569—897.
452 2140 631 2170 secundum
654 2141 786 2173 librum.
808 2151 906 2181 pagg.
930 2140 1123 2171 Stis—925.
1148 2140 1395 2179 explicationem
1424 2139 1653 2179 „Appendicis
1678 2140 1776 2169 libelli
1799 2139 1916 2169 Etliici.
1961 2139 2009 2168 De
2033 2138 2146 2167 arbore
2168 2146 2251 2166 con-

237 2183 468 2222 sanguinitatis
492 2188 525 2212 et
548 2184 742 2213 affinitatis‘’
766 2185 941 2214 continent.

259 2267 263 2270 ι
309 2225 375 2271 ‘Ab
399 2225 459 2272 hoc
483 2225 563 2255 libro
587 2226 681 2255 valde
706 2226 812 2256 differt
836 2227 918 2256 alius
944 2226 1091 2265 Chrph.
1115 2225 1297 2263 Pezelii,
1326 2234 1388 2263 quo
1411 2224 1489 2254 Mel.
1514 2225 1641 2255 ethicae
1665 2224 1828 2254 doctrinae
1853 2224 2014 2253 elementa
2036 2222 2251 2261 explicantur,

239 2275 286 2296 stc
308 2273 500 2306 mseriptus:

366 2315 515 2355 Epitome
541 2315 764 2357 philosophiae
793 2316 930 2348 moralis
959 2318 1026 2348 sire
1056 2316 1172 2348 Ethice
1201 2314 1349 2356 Philippi
1378 2315 1665 2347 Dlelanchthonis:
1702 2315 1840 2347 Duobus
1867 2315 1982 2352 libris,
2015 2323 2073 2344 scu
2100 2311 2252 2353 partibus

409 2358 582 2389 distincta.-
621 2360 701 2391 Cum
733 2359 1012 2400 explicationibus
1041 2360 1085 2391 ad
1114 2358 1309 2390 discentiam
1340 2368 1435 2389 usum
1462 2359 1727 2390 accommodatis.-
1763 2361 1793 2389 et
1816 2358 1849 2389 in
1874 2357 2055 2398 Gymnasio
2080 2355 2253 2386 Brerncusi

409 2401 546 2431 trtalitis
568 2412 589 2432 a
613 2401 844 2443 christophoro
868 2402 1000 2434 Pet-clio
1023 2402 1150 2433 Sacrae
1177 2399 1369 2441 Theoloyiae
1391 2401 1543 2433 Doctore.
1587 2402 1776 2441 Seri-esrae,
1801 2399 1992 2432 Ercudcbat
2015 2398 2254 2429 Bonauentura

410 2441 534 2482 Faber,
558 2444 655 2475 Anno
679 2446 734 2477 clo
750 2447 783 2477 Ι.)
800 2447 870 2476 xlc.
895 2446 1026 2485 (1589.)
1050 2447 1079 2476 8.
1103 2446 1145 2476 27
1155 2445 1197 2483 'js
1218 2445 1324 2484 plagg.

240 2493 331 2523 llaec
354 2495 455 2532 prima
478 2504 571 2533 pars,
595 2496 686 2525 brevi
709 2498 850 2526 carmine
874 2497 1037 2527 Ursellani
1060 2497 1091 2525 iu
1108 2496 1227 2526 Ethica
1248 2495 1346 2533 Met,
1370 2494 1495 2525 duabus
1519 2494 1726 2525 dedicatoriis
1750 2493 1914 2533 epistoliS.
1936 2498 1969 2521 et
1991 2491 2124 2522 elencho
2145 2500 2254 2520 eorum

242 2545 324 2575 quae
347 2538 552 2566 continentur
577 2539 606 2567 in
632 2539 780 2577 Epitome
804 2540 1032 2579 Philosophiae
1055 2538 1189 2568 Moralis
1211 2537 1288 2568 Mel.
1313 2539 1518 2576 praemissis.
1542 2539 1775 2577 praefationem
1791 2536 1865 2566 Mel.
1889 2544 1971 2564 anuo
1997 2534 2086 2564 1550.
2111 2534 2151 2563 ad
2175 2535 2252 2563 Arn.

280 2663 306 2693 1)
332 2663 360 2686 ln
386 2663 487 2686 duabus
511 2665 708 2688 elementorum
734 2665 838 2688 ethicae
856 2666 997 2689 doctrinae
1023 2665 1183 2689 editionibus
1209 2668 1432 2695 praecedentibus
1458 2671 1484 2691 et
1508 2667 1570 2691 aliis
1595 2667 1721 2697 deinceps
1746 2664 1936 2690 enumerandis
1957 2665 2015 2688 loco
2035 2664 2127 2687 eodem
2146 2668 2194 2692 pro
2214 2662 2255 2685 tiis

315 2697 402 2720 verbis
417 2698 517 2727 legitur
537 2698 696 2728 inscriptio:
719 2699 851 2729 Epitome
872 2700 1073 2730 philosophiae
1093 2700 1216 2725 moralis
1235 2704 1358 2731 repetita
1379 2710 1454 2726 anno
1471 2703 1541 2726 1543.

280 2739 307 2764 2)
330 2739 372 2761 sie
392 2745 440 2768 pro
460 2741 630 2768 explicatae.

2328 2008 2347 2399 ’ἾθὮῆΓπ-ιῃηιον.
2335 1988 2342 1995 -
2311 1959 2341 1971 αἱ
2323 1591 2347 1949 m
2321 208 2345 1473 mN—v-—stxae--r———ffl-
2320 0 2339 188 -ᾑ-σ-
