2347 3000
2 36 4 79 l

1 86 3 129 l

86 89 181 126 1189
409 88 484 126 XV.

78 176 173 210 unde
196 174 377 209 deiecisset
392 174 564 210 Aebutius
583 175 791 217 Caecinam,
816 177 939 210 eodem
964 177 1065 211 resti-

77 233 204 261 tueret.
271 226 442 260 Aebutius
467 227 570 260 elusit
595 227 843 268 interdictum,
883 240 923 261 ac
951 228 1064 261 videri

76 277 210 317 voluit,
236 275 327 310 nihil
341 284 464 310 contra
482 277 634 311 edictum
650 279 783 313 secisse.
834 277 918 312 Ideo
933 291 989 313 res
1006 292 1063 313 ve—

76 328 131 362 nit
145 328 182 362 in
198 327 388 369 iudicium,
414 329 529 362 forma
545 329 766 373 sponsionis,
792 327 859 363 hoc
878 336 941 371 est,
968 336 1061 364 certa

76 391 192 424 poena
208 379 397 413 constituta
415 379 519 414 victo.
551 380 615 414 Est
631 381 738 424 igitur
753 381 942 426 praecipua
958 394 1063 426 quae-

75 430 142 465 stio
161 429 302 471 iudicii,
329 443 375 464 an
390 430 562 465 Aebutius
580 438 741 465 teneatur
757 432 944 466 interdicto
959 432 1062 466 Unde

75 481 124 516 vi.
176 481 291 525 Negat
305 481 490 517 Aebufius.
541 481 617 516 Etsi
635 483 727 516 enim
743 484 872 517 fatetur
889 483 1060 528 impetum

76 532 114 566 in
133 531 322 566 Caecinam
338 534 469 566 factum
492 545 584 574 esse,
618 539 736 567 tamen
758 541 864 578 negat
887 546 922 568 se
949 535 1061 567 teneri

74 583 263 617 interdicto
282 584 386 617 Unde
401 584 455 625 vi,
488 584 571 630 quia
592 597 665 618 non
692 597 733 618 ex
755 586 865 618 fundo
888 585 1062 630 expulerit

75 634 284 675 Caecinam,
312 635 349 668 in
367 647 472 680 quem
489 636 573 669 velit
596 636 751 676 restitui,
785 637 846 670 sed
869 643 1059 682 antequam

75 698 116 719 eo
136 686 355 731 perveniret,
382 686 497 719 rixam
518 693 633 719 ortam
653 699 737 720 csse.

176 736 310 770 Iudices
326 737 379 770 bis
394 737 513 770 audita
538 749 640 770 causa
665 737 898 781 pronuntiare.
922 737 1060 771 dubita-

73 794 169 821 runt.
222 787 463 832 Disputabant
484 788 577 821 enim
603 788 730 832 aliqui,
766 787 977 820 iniuriarum
1004 788 1059 832 agi

73 838 249 883 potuisse,
281 840 342 872 sed
368 851 441 871 non
465 850 566 883 posse
592 838 647 882 agi
673 838 860 871 interdicto
888 839 988 872 Unde
1012 839 1059 879 ri,

74 890 157 935 quia
176 890 249 923 rixa
269 896 346 922 orta
364 895 470 929 esset,
499 895 689 934 antequam
709 889 744 921 iu
767 890 917 922 fundum
944 890 1058 923 venis-

72 947 125 974 set
141 940 304 974 Caecina.
355 940 450 972 Haec
468 940 577 974 elusio
594 940 677 973 satis
693 946 830 984 arguta,
858 947 891 974 et
907 953 981 974 non
999 941 1058 973 al)-

71 992 177 1025 surda
202 991 278 1025 suit.
340 990 510 1034 Magnum
537 997 654 1024 autem
679 991 868 1024 discrimen
891 999 942 1026 est
966 992 1058 1025 inter

70 1040 133 1076 has
157 1042 324 1075 actiones.
377 1042 497 1075 Yictus
522 1042 659 1075 actione
685 1043 915 1082 iniuriarum,
946 1044 1056 1075 multo

71 1093 188 1127 minus
205 1091 311 1126 habet
329 1093 567 1133 incommodi,
595 1099 629 1125 et
646 1105 684 1125 ea
708 1094 881 1126 sententia
906 1107 978 1126 non
1003 1107 1056 1126 re-

70 1145 233 1178 stitueret
254 1143 524 1188 possessionem.
577 1143 738 1177 Tandem
765 1151 840 1177 acta
865 1157 920 1178 res
946 1152 996 1179 est
1021 1145 1055 1177 in

70 1195 175 1229 tertio
193 1195 343 1235 iudicio,
372 1195 407 1227 in
424 1208 494 1239 quo
512 1193 598 1228 baec
617 1195 731 1227 oratio
756 1193 877 1228 babita
902 1202 971 1235 est,
1000 1208 1057 1229 cu—

71 1246 122 1280 ius
139 1253 247 1280 status
264 1246 468 1290 principalis
484 1252 533 1279 est
551 1246 768 1286 iuridicialis,
790 1253 825 1280 ut
846 1248 1056 1280 condemne-

70 1304 127 1331 tur
143 1298 314 1331 Aebutius
331 1310 371 1330 ex
390 1297 577 1330 interdicto
596 1298 696 1331 Unde
714 1297 759 1332 vi.
813 1298 880 1331 Sed
898 1299 979 1343 qu'ia
997 1312 1056 1332 ne-

69 1349 195 1394 gabat,
222 1347 316 1383 hunc
339 1360 457 1382 casum
482 1349 659 1382 contineri
682 1349 868 1382 interdicto
887 1350 990 1383 Unde
1008 1349 1055 1390 vi,

69 1413 158 1445 opus
174 1399 240 1434 suit
256 1400 434 1433 interdicti
451 1400 675 1441 definitione,
703 1412 792 1446 quac
809 1401 904 1445 parit
924 1407 1053 1434 statum

68 1451 246 1485 finitivum
271 1451 344 1485 eius
368 1451 500 1496 partis,
529 1464 619 1497 quae
643 1452 679 1484 in
701 1450 766 1485 hac
790 1452 952 1485 oratioue
972 1465 1054 1496 pro-

66 1503 172 1536 lixior
198 1509 260 1536 est.
325 1502 458 1548 Estque
491 1501 547 1536 hic
578 1503 782 1548 principalis
813 1503 1052 1548 syllogismus:

68 1554 227 1587 Tenetur
250 1554 437 1586 interdicto
460 1554 563 1586 Unde
587 1554 640 1593 vi,
675 1567 748 1587 non
771 1555 885 1587 solum
911 1555 958 1593 is,
992 1555 1052 1600 qui

67 1616 305 1650 possessorem
321 1605 356 1637 vi
373 1604 532 1648 expellit,
560 1604 755 1649 ingressum
771 1606 807 1637 in
824 1606 969 1639 domum
993 1612 1053 1638 aut

69 1658 217 1690 fundum
231 1683 239 1696 ,
268 1656 448 1689 sedetiam
468 1656 529 1701 qui
546 1657 769 1689 accedentem
792 1663 905 1696 arcet,
939 1657 1051 1700 repel-

66 1708 106 1740 lit
127 1714 187 1740 aut
203 1719 347 1752 quoquo
370 1707 477 1739 modo
495 1706 529 1738 vi
545 1707 707 1740 excludit.
759 1706 930 1740 Aebutius
948 1707 980 1739 vi
998 1720 1050 1739 re-

66 1759 155 1803 pulit
177 1758 399 1790 accedentem
429 1758 634 1790 Caecinam:
670 1770 752 1801 ergo
774 1759 944 1791 Aebutius
969 1771 1051 1791 con-

66 1809 287 1843 demnandus
302 1814 352 1840 est
369 1820 408 1839 cx
424 1806 491 1840 hoc
507 1808 706 1842 interdicto.
760 1809 878 1842 Maior
901 1815 950 1841 est
974 1822 1050 1853 κρι-

65 1858 235 1905 γόιιιενον.
288 1858 371 1891 ldco
390 1857 512 1892 dehac
530 1866 630 1902 parte
652 1860 821 1903 proliXius
840 1860 1049 1903 disputatur.

64 1912 185 1944 Minor
202 1917 253 1944 est
267 1916 351 1943 nota
370 1922 411 1942 ex
428 1910 645 1943 consessione
665 1910 869 1944 adversarii.
919 1911 1050 1943 Breves

61 1969 145 1997 suut
168 1962 206 1994 in
230 1962 298 1996 sine
322 1962 411 1994 duae
436 1961 676 1994 refutationes.
741 1961 928 1994 Obiecerat
955 1961 1047 1994 enim

62 2014 234 2048 Aebutius
257 2018 380 2051 antea,
416 2011 605 2044 Caecinam
630 2024 704 2044 non
725 2012 828 2045 fuisse
853 2012 889 2046 in
914 2025 1049 2057 posses—

64 2067 176 2100 sione.
228 2062 336 2103 Item,
371 2062 558 2097 Caecinam
583 2075 657 2095 non
681 2064 836 2107 potuisse
858 2063 1048 2107 possidere,

63 2129 144 2151 cum
160 2127 234 2149 non
250 2120 337 2148 esset
355 2113 458 2153 ciris,
486 2115 569 2160 quia
589 2114 683 2158 Sylla
702 2115 754 2148 ius
778 2115 927 2148 cixitatis
943 2113 1048 2146 Vola-

60 2167 213 2202 terranis
225 2165 255 2211 S¹)
274 2166 465 2198 ademerat.

164 2216 311 2251 Exordii
326 2222 394 2249 tres
414 2222 531 2259 partes
548 2222 639 2249 sunt.
680 2215 841 2249 Primum
859 2213 1047 2261 repreben-

63 2267 575 2313 diturimpudentiaAebutii,
604 2268 648 2299 ad
673 2279 778 2313 quam
804 2265 1047 2311 reprehensio-

132 2377 306 2407 deiiciuntur,
324 2377 354 2400 ut
368 2377 400 2400 de
413 2376 495 2400 fundo
509 2382 557 2399 seu
570 2376 602 2399 de
616 2374 749 2399 aedificio.
768 2374 821 2399 vid.
836 2375 941 2403 Dissest,
953 2376 1046 2400 XLIII.

132 2412 175 2437 tit.
191 2413 248 2442 16.;
268 2412 334 2436 Cod.
351 2411 421 2435 VIII.
445 2411 484 2435 tit.
502 2413 543 2440 4.;
563 2410 639 2434 Pauli
659 2410 857 2433 sententiarum
877 2414 1046 2440 receptarum

130 2447 151 2472 1,
166 2446 201 2470 V.
219 2446 261 2469 tit.
279 2446 304 2469 6.
322 2446 362 2469 De
380 2445 533 2469 luterdietis
555 2445 579 2473 S,
593 2444 609 2468 3
623 2451 681 2474 sqq.
701 2445 727 2467 in
747 2444 830 2468 tibi-o:
856 2445 1047 2474 Iurispruden-

129 2481 169 2505 tia
181 2480 269 2504 Vetus
282 2479 551 2504 Ante-Iustinianea
569 2486 601 2501 ex
621 2485 727 2502 recens,
747 2480 773 2501 et
791 2485 813 2501 c.
833 2481 887 2502 not.
908 2480 1046 2502 scauuin-

131 2515 178 2546 gii.
204 2514 252 2537 Ed.
271 2520 351 2537 nova.
370 2514 459 2543 (hips.
480 2513 553 2538 1737.
573 2515 611 2541 4,)
632 2520 655 2542 p.
669 2513 720 2535 ⁴56
734 2513 844 2541 <4584
879 2514 1044 2542 schweppe:

132 2550 210 2573 Rom.
234 2549 428 2576 Rechtsgesca.
454 2555 478 2571 u.
505 2548 716 2571 lteclntsaltertli.
748 2546 772 2570 3.
793 2548 867 2571 Aufl.
892 2553 946 2570 von
965 2548 995 2571 C.
1014 2548 1045 2571 A.

133 2583 290 2611 Griindter,
318 2577 422 2611 55:332.
448 2590 472 2612 p.
493 2582 545 2606 610
565 2589 604 2611 sq.
632 2584 657 2604 et
683 2581 840 2604 Brissonius
866 2581 898 2604 de
923 2581 1048 2605 formulis

132 2619 150 2642 I.
167 2617 198 2640 V.
218 2624 239 2640 c.
252 2617 294 2641 49.

99 2661 130 2688 S)
150 2661 189 2685 De
214 2659 256 2684 his
278 2658 350 2683 conf.
376 2659 474 2684 Oreltii'
503 2660 529 2683 et
555 2658 657 2682 Baiteri
677 2658 817 2683 Onomast.
837 2658 953 2683 Tantae.
971 2658 999 2683 P.
1015 2658 1047 2684 11.

132 2700 156 2725 p.
171 2694 232 2718 650.

536 88 818 125 ENARRATIO
851 88 1111 126 ORATIONIS
1148 91 1397 131 CICEROMS
1432 92 1530 132 PRO
1563 99 1776 136 CAECINA.

2015 108 2110 141 1190

1116 190 1198 212 nem
1226 181 1342 216 aditus
1368 183 1405 216 sit
1428 191 1550 227 arguta
1575 186 1764 220 collatione
1789 189 1941 224 duarum
1974 192 2106 226 viciuo-

1115 241 1195 264 rum
1222 232 1409 275 vitiorum,
1436 235 1624 269 wiolentiae
1650 245 1683 271 et
1706 239 1957 283 impudentiae.
2022 244 2105 277 Vio-

1115 281 1221 315 lentia
1238 296 1320 318 usus
1342 292 1393 319 est
1406 285 1577 321 Aebutius
1593 296 1687 322 extra
1703 290 1885 325 iudicium.
1939 294 2040 327 Nunc
2067 296 2102 329 in

1116 332 1245 367 iudicio
1265 336 1362 369 addit
1380 336 1636 383 impudentiam
1656 342 1883 376 consessionis
1904 351 1934 376 et
1961 346 2101 378 cavilla-

1114 383 1305 432 tionum9).
1358 388 1518 423 Secunda
1545 403 1626 435 pars
1655 399 1705 426 est
1730 392 1884 426 iudicum
1913 394 2103 438 reprehen-

1114 434 1187 475 sio,
1216 437 1276 481 qui
1293 435 1460 474 hactenus
1476 443 1709 485 prommtiare
1729 444 1971 491 noluerant¹⁰)
1985 473 1993 485 ,
2022 460 2101 481 cum

1114 485 1291 521 incidisset
1307 489 1517 533 disputatio:
1547 493 1673 527 Utrum
1694 495 1848 538 potuerit
1864 497 1919 540 agi
1935 510 1975 530 ex
1994 497 2102 531 iuter-

1114 537 1207 570 dicto
1232 539 1336 573 Unde
1361 541 1415 581 vi,
1451 554 1496 575 an
1524 556 1607 577 vero
1632 547 1802 579 utendum
1832 548 1937 580 suerit
1962 549 2100 582 actione

1114 587 1338 625 iniuriarum.
1390 592 1438 625 Ut
1456 601 1572 627 autem
1592 596 1706 639 aptius
1725 603 1893 631 attexeret
1912 598 2101 643 repreben-

1113 638 1249 673 sionem
1280 641 1457 684 iudicum,
1498 647 1673 689 superiori
1698 649 1789 691 parti
1816 648 1958 683 adhibet
1984 664 2100 684 eorre-

1114 690 1283 725 ctionem:
1310 692 1385 726 Etsi
1404 707 1530 738 magna
1554 703 1603 730 est
1630 698 1848 742 impudentia
1871 702 2099 736 confessionis

1111 741 1275 784 Aebutii,
1309 750 1428 778 tamen
1452 753 1564 780 astute
1586 748 1691 789 vidit,
1724 750 1753 784 si
1783 750 1857 783 siue
1888 753 2099 786 infitiatione

1111 793 1193 826 facti
1217 802 1403 839 quaereret
1428 797 1533 830 aliam
1558 799 1708 839 rimam,
1752 801 1879 834 scilicet
1905 804 2098 837 caxillatio-

1111 856 1191 876 nem
1210 846 1378 887 actionis,
1405 848 1540 881 facilius
1557 848 1692 883 extr-alii
1712 864 1805 891 rem,
1834 860 1892 885 aut
1916 867 1978 888 nos
2004 856 2098 888 cludi

1111 907 1224 938 posse.
1276 896 1321 929 Et
1338 899 1647 941 agnoscitCieero,
1675 902 1907 935 difficiliorem
1925 906 1989 938 sibi
2008 905 2098 938 hanc.

1111 946 1387 990 disputationem
1411 963 1503 990 esse,
1536 951 1572 983 in
1598 964 1666 997 qua
1691 965 1765 986 non
1790 956 1831 987 de
1853 956 1966 995 sacto,
2001 959 2097 1002 quod

1111 997 1256 1032 testibus
1276 1000 1414 1033 ostendi
1433 1008 1590 1045 poterat,
1617 1005 1676 1037 sed
1694 1005 1736 1037 de
1754 1005 1840 1038 iuris
1858 1007 2047 1040 autoritate
2065 1015 2099 1041 et

1110 1048 1143 1079 vi
1170 1048 1345 1083 interdicti
1373 1052 1561 1086 dicendum
1592 1054 1647 1088 sit.
1712 1054 1955 1099 Reprehendit
1980 1065 2096 1092 autem

1111 1098 1260 1140 iudices,
1289 1104 1383 1147 quod
1402 1104 1599 1138 dubitarint
1614 1108 1866 1150 pronuntiare,
1895 1121 1972 1141 cum
1992 1111 2097 1143 cavit-

1110 1150 1194 1183 latio
1223 1152 1370 1187 actionis
1394 1155 1439 1188 sit
1462 1155 1589 1190 inanis.
1656 1157 1764 1190 Addit
1788 1159 1890 1195 item,
1926 1158 2092 1194 miratum

1110 1214 1164 1241 se,
1191 1215 1252 1236 eur
1270 1205 1403 1239 tardius
1422 1206 1636 1240 damnentur
1653 1209 1703 1240 rei
1724 1209 1757 1241 in
1778 1210 2013 1245 atrocioribus
2035 1213 2093 1245 de-

1110 1253 1218 1294 lictis,
1260 1267 1339 1288 cuin
1367 1256 1468 1291 citius
1499 1256 1714 1291 cohercenda
1742 1259 1785 1293 sit
1809 1260 1990 1296 violentia.
2054 1262 2094 1296 ln

1110 1305 1210 1337 tertia
1230 1313 1329 1349 parte
1347 1309 1481 1340 exordii
1499 1311 1627 1343 refutat
1649 1310 1805 1343 breviter
1830 1324 1907 1352 eos,
1942 1313 2004 1358 qui
2026 1314 2094 1347 dis-

1108 1357 1282 1399 putabant
1300 1358 1368 1391 alia
1387 1360 1525 1393 actione
1545 1362 1717 1395 utendum
1734 1362 1850 1397 fuisse.

1438 1443 1758 1490 Paraphrasis.

1208 1517 1244 1551 Si
1281 1525 1417 1552 tantum
1458 1520 1495 1553 in
1527 1520 1656 1553 iudicio
1688 1520 1821 1554 valeret
1858 1521 2091 1567 impudentia,

1107 1575 1279 1613 quantum
1314 1569 1350 1602 in
1384 1571 1476 1614 agris
1513 1572 1659 1605 audacia
1687 1578 1719 1605 et
1746 1573 1796 1605 vis
1824 1574 1954 1613 valuit,
1996 1588 2089 1609 nuuc

1107 1632 1248 1664 quoque
1269 1622 1407 1654 cederet
1423 1622 1464 1655 A.
1483 1622 1646 1656 Caecina.
1706 1623 1773 1655 Sed
1797 1623 1898 1657 civile
1923 1631 1991 1665 est,
2016 1639 2089 1660 non

1105 1670 1273 1704 dimicare
1291 1672 1398 1707 armis
1416 1674 1458 1705 de
1475 1686 1512 1705 ca
1530 1686 1588 1713 re,
1616 1686 1707 1719 quae
1726 1674 1880 1707 iudicum
1899 1678 2089 1711 autoritate

1104 1722 1286 1754 retinenda
1305 1730 1366 1756 est.
1418 1724 1461 1756 Et
1480 1725 1515 1756 in
1535 1725 1664 1757 iudicio
1691 1726 1855 1758 omnibus
1879 1727 2012 1769 ingenii
2038 1736 2089 1761 at-

1105 1785 1171 1817 que.
1189 1773 1299 1805 animi
1318 1774 1451 1808 viribus
1469 1776 1709 1810 adversarium
1731 1777 1903 1816 refutare,
1931 1785 2088 1823 retegere

1104 1825 1262 1864 fraudes,
1291 1827 1498 1859 conxiucere
1523 1827 1696 1860 malitiam
1723 1834 1756 1860 et
1778 1829 1929 1861 nocendi
1953 1831 2088 1874 cupidi-

1105 1880 1232 1913 tatem,
1281 1877 1432 1921 denique
1465 1878 1604 1911 sortiter
1631 1891 1857 1923 propugnare
1889 1881 2086 1922 veritatem,

1103 1925 1199 1965 iura,
1228 1927 1338 1970 leges,
1373 1941 1463 1972 quae
1487 1935 1568 1962 sunt
1591 1930 1780 1974 praecipua
1808 1931 2005 1965 communis
2032 1946 2087 1966 so-

1103 1976 1237 2010 cietatis
1266 1979 1454 2022 praesidia.
1519 1980 1694 2014 Fortassis
1725 1987 1841 2014 autem
1865 1982 1996 2028 ubique
2020 1983 2087 2017 sibi

1101 2027 1272 2062 Aebutiiis
1304 2031 1470 2073 prodesse
1494 2032 1724 2074 petulantiam
1750 2038 1782 2065 et
1804 2032 1988 2068 inusitatas
2011 2036 2085 2067 vias

1102 2079 1314 2119 arbitratur,
1343 2082 1424 2126 quia
1445 2083 1635 2116 contraius
1659 2096 1865 2129 moremque
1889 2097 1966 2117 cum
1992 2085 2086 2124 feeit,

1102 2131 1240 2164 xidetur
1265 2133 1418 2175 fugiente
1443 2132 1592 2166 Caecina
1617 2135 1718 2167 fundi
1743 2135 1962 2179 possessione
1992 2137 2085 2179 poti-

1102 2188 1173 2215 tus:
1214 2185 1308 2228 quod
1332 2197 1406 2217 non
1429 2185 1625 2223 accidisset,
1666 2186 1694 2219 si
1719 2186 1784 2218 rite
1809 2192 1841 2217 et
1868 2186 1956 2218 iuste
1981 2187 2084 2219 dimi-

1101 2235 1250 2266 candum
1267 2235 1398 2269 suisset.
1450 2235 1552 2268 Nunc
1570 2237 1606 2268 in
1630 2237 1760 2269 iudicio
1782 2237 1943 2270 similiter
1967 2245 2084 2281 sperat

1101 2285 1193 2317 eludi
1222 2285 1356 2319 facilius
1378 2286 1641 2327 adversarium,
1682 2288 1729 2326 si,
1770 2288 1865 2332 quod
1889 2288 2080 2321 absurdum

1100 2341 1168 2375 est,
1194 2337 1402 2370 confiteatur
1419 2338 1602 2375 delictum3
1631 2339 1689 2371 sed
1716 2350 1756 2371 eo
1781 2339 2009 2378 confiteatur,
2044 2346 2084 2372 ut

1100 2386 1203 2419 aliam
1228 2387 1355 2420 rimam
1382 2395 1548 2433 quaerat,
1584 2389 1745 2422 videlicet
1768 2388 1804 2422 in
1828 2389 2005 2422 interdicti
2029 2402 2082 2423 ca—

1099 2437 1292 2472 villationc.

1133 2572 1164 2600 9)
1181 2571 1400 2610 cavillatmnum]
1419 2570 1458 2596 sic
1478 2571 1561 2595 Edttt.
1580 2571 1672 2603 1553.,
1693 2571 1783 2602 1568.;
1807 2571 1856 2596 Ed.
1873 2571 1946 2596 1554.
1966 2571 2082 2596 cavilla-

1167 2608 1276 2631 tionem.

1136 2657 1180 2684 10)
1199 2657 1360 2686 noluerant]
1387 2657 1427 2681 sic
1451 2657 1534 2682 Editt.
1561 2657 1651 2682 1553..

1169 2693 1240 2716 rant.

1378 2725 1426 2760 75
1445 2725 1464 2742 '⁵

1685 2658 1774 2688 1554.;
1810 2657 1858 2682 Ed.
1887 2656 1958 2680 1568.
1986 2657 2081 2680 votue-
