2347 3000
229 114 303 150 479

229 197 486 244 blasplieinizmi
507 197 591 230 dicit
610 197 644 228 in
662 195 831 240 Spiritum
858 199 1037 233 sanctum,
1065 205 1137 225 non
1163 205 1216 226 re-

228 253 389 286 mittetur
409 250 450 282 ei.

335 301 422 334 Cum
460 299 565 343 igitur
597 297 734 341 agnitae
769 294 911 328 xcritati
941 295 1121 328 adversari
1146 307 1216 327 non

230 356 351 391 liceat,
378 364 516 384 nes-csse
537 356 585 381 est
606 347 801 392 principes,
827 346 855 379 si
881 353 1105 390 agnoverunt
1130 345 1218 378 veri-

232 412 360 443 tatem,
389 402 579 434 concedere
598 397 913 442 propagationem,
941 403 973 429 et
999 410 1071 430 uon
1095 399 1215 430 adver-

230 456 319 495 sari,
347 466 410 487 nec
429 458 612 495 expectare
633 449 880 493 cpiscoporum
900 448 1042 482 iudicia.

333 505 444 538 Error
475 503 510 533 in
533 499 600 533 boc
623 506 833 543 argumento
861 500 976 533 oritur
1002 513 1042 533 ex
1063 497 1219 543 κακοζη-

231 556 309 604 ''lq‘’
351 554 433 600 quia
463 551 657 585 adversarii
691 557 836 594 putant,
882 551 1011 584 iudicia
1036 550 1218 584 doctrinae

232 619 375 654 prorsus
398 603 526 637 similia
549 616 621 636 esse
648 602 798 646 politicis
823 602 980 642 iudiciis,
1021 602 1058 635 in
1092 601 1220 647 quibus

231 660 324 692 salet
349 655 542 689 iudicatum
572 660 720 698 propter
751 653 885 697 regiam
914 654 970 686 vel
1001 653 1219 697 praetoriam

231 709 460 743 autoritatem
473 733 482 746 ,
510 705 647 738 etiamsi
667 704 751 750 quid
768 704 1016 738 errorisinest.

332 760 382 792 Ac
417 757 573 802 episcopi
606 763 666 789 aut
691 757 854 789 doctores
876 767 1105 801 nequaquam
1132 754 1222 787 iudi-

232 819 313 847 cant
344 810 438 853 regia
467 821 527 842 seu
553 808 731 852 praetoria
759 813 951 852 potestate,
995 807 1055 840 sed
1084 813 1221 840 tantum

232 866 340 898 edunt
372 860 629 894 consessionem
662 872 773 892 suam.
841 859 1015 891 Aeternus
1040 858 1147 891 Pater
1181 858 1223 889 ‹le

231 915 323 949 Filio
349 912 465 958 inquit
492 908 637 957 (Mattb.
659 910 717 947 17,
735 909 804 954 5.):
840 910 943 943 Hunc
968 910 1098 942 audite.
1158 908 1223 941 Hic

232 974 280 1001 est
300 966 423 999 iudex,
451 961 532 995 liuic
549 961 711 995 assentiri
731 968 891 1005 oportet,
921 961 1018 994 cuius
1039 966 1133 994 extat
1147 972 1224 994 sen-

232 1018 340 1052 tentia
361 1016 397 1048 in
417 1011 828 1057 scriptisProphetarum
845 1012 1163 1058 etApostolorum,
1192 1018 1225 1043 et

235 1071 271 1102 in
290 1067 471 1114 symbolis.

335 1119 406 1153 *Nec
427 1117 518 1149 valet
537 1116 714 1149 cavillatio
734 1117 776 1149 (le
791 1117 1007 1150 obscuritate
1031 1127 1092 1149 seu
1115 1113 1225 1146 ambi-

234 1173 366 1217 guitate
384 1168 526 1212 scripti,
555 1167 637 1212 quia
655 1165 746 1200 lianc
766 1168 876 1211 ipsam
897 1168 942 1200 ol)
966 1178 1108 1199 causam
1133 1165 1225 1197 edita

234 1232 285 1258 est
308 1234 376 1254 vox
400 1220 539 1257 dixina,
583 1225 622 1251 ut
646 1219 754 1251 simus
780 1219 886 1257 certi,
929 1218 1024 1250 iuxta
1047 1217 1106 1248 illa
1134 1215 1225 1248 dicta

235 1275 383 1321 (Psalm.
405 1270 487 1309 119,
513 1268 631 1311 105.);
676 1268 837 1301 Lucerna
866 1268 1013 1312 pedibus
1039 1266 1127 1299 meis
1150 1277 1227 1298 xer-

234 1329 318 1360 bmu
344 1330 456 1356 tuum.
516 1320 560 1352 Et
585 1323 619 1355 2.
639 1317 799 1353 Tiinoth.
818 1320 852 1359 3,
878 1319 990 1364 (16.):
1027 1318 1121 1351 Tota
1145 1316 1227 1351 scri-

234 1385 338 1423 ptura
357 1374 434 1407 Deo
452 1371 647 1415 inspirante
666 1371 814 1411 tradita,
836 1371 932 1404 utilis
957 1376 1007 1403 est
1033 1371 1077 1402 ad
1101 1369 1228 1401 docen-

234 1432 330 1463 dum.
390 1427 425 1460 2.
445 1423 527 1457 Cor.
548 1422 582 1462 4,
606 1422 692 1466 (ἃς)
735 1422 772 1455 Si
793 1421 1027 1466 Evangelium
1052 1427 1103 1454 est
1127 1432 1229 1464 oper-

237 1489 331 1519 tum,
360 1477 395 1509 in
415 1475 469 1508 his
485 1473 545 1519 qui
564 1479 715 1518 pereunt
733 1479 897 1517 opertum
915 1479 976 1506 est.

338 1527 445 1561 Multi
462 1532 584 1558 contra
605 1525 857 1558 conscientiam
877 1525 1112 1557 adversantur
1132 1520 1229 1564 agni-

237 1591 291 1616 tae
310 1578 463 1613 veritati.
517 1575 639 1621 Aliqui
658 1576 818 1608 fascinati
838 1576 908 1609 suis
928 1573 1230 1619 persuasionibus,

236 1645 310 1668 non
330 1631 455 1663 volunt
470 1628 593 1660 audire
612 1626 721 1665 dicta,
748 1639 838 1671 quae
857 1627 900 1659 ab
917 1626 1081 1670 ¹ipsorum
1105 1622 1230 1665 imagi-

236 1684 381 1719 natione
398 1679 629 1716 dissentiunt‚
659 1684 692 1709 et
715 1678 941 1721 impudenter
965 1676 1113 1709 eludunt
1137 1672 1231 1706 testi—

240 1735 359 1770 monia
379 1730 552 1768 veritatis,
581 1735 615 1761 et
631 1729 830 1760 doctrinam
849 1727 1034 1761 coelestem
1052 1724 1232 1758 mutilant.

239 1789 392 1832 Oportet
411 1788 527 1815 autem
554 1792 618 1812 nos
643 1779 833 1823 discipulos
858 1790 930 1812 esse
957 1778 1052 1811 vocis
1078 1775 1233 1813 divinae,

240 1851 313 1873 non
336 1839 581 1877 corruptores,
617 1830 677 1875 qui
704 1831 962 1864 transformant
985 1842 1062 1862 eam
1087 1828 1124 1860 in
1150 1825 1233 1858 alie-

240 1904 303 1924 nas
341 1885 548 1931 opiniones,
590 1882 679 1915 sicut
709 1882 870 1915 fecerunt
906 1881 1159 1914 samosatenus
1175 1876 1234 1921 65),

241 1942 366 1977 Arius,
394 1935 578 1979 Pelagius,
602 1939 635 1965 et
653 1933 723 1966 alii.

345 1985 599 2023 Constantinus
618 1984 747 2017 delevit
766 1981 939 2026 templum
948 1979 1098 2013 Veneris
1117 1981 1153 2012 in
1174 1990 1235 2022 op—

243 2044 325 2089 pido
342 2037 563 2074 Phoenicum
582 2037 717 2074 Avace,
744 2034 805 2067 ubi
823 2034 955 2065 fiebant
981 2038 1092 2064 tetrae
1114 2030 1235 2063 confu-

242 2096 358 2130 siones
377 2085 620 2132 libidinumffi,
647 2091 752 2118 norat
768 2084 861 2117 enim
879 2089 1125 2128 praeceptum:
1154 2081 1236 2115 Non

242 2141 505 2179 moechaberis,
532 2139 568 2171 in
590 2150 661 2182 quo
680 2137 776 2169 nulla
796 2141 845 2168 est
862 2134 1085 2177 ambiguitas.
1147 2132 1235 2165 Cum

244 2199 350 2241 igitur
367 2199 460 2227 certa
480 2196 567 2224 esset
587 2190 660 2221 eius
679 2186 892 2220 conscientia
905 2212 914 2225 ,
942 2186 1056 2217 facere
1082 2183 1236 2216 officium

245 2248 326 2282 iusti
352 2240 600 2290 gubernatoris
627 2239 768 2277 debuit,
804 2249 868 2270 nec
892 2242 995 2269 erant
1021 2235 1236 2279 expectanda

281 2347 328 2372 60]
348 2344 448 2368 Paulus
468 2349 484 2366 a
504 2342 663 2369 samosata,
692 2337 791 2369 syriae
812 2337 923 2367 oppido,
950 2335 1095 2364 oriundus,
1128 2333 1188 2356 intie
1207 2335 1239 2357 ab

314 2379 411 2402 :1226st
432 2378 574 2407 episcopus
595 2374 765 2398 Antiochiae.
815 2373 854 2395 Ob
875 2371 1029 2393 haereticas
1051 2368 1238 2398 (antitrinita-

315 2414 386 2439 [lits]
408 2413 464 2434 ein<
486 2410 626 2433 doctrinas
648 2408 772 2437 synodus
792 2406 961 2429 Antiochena
986 2403 1084 2427 ³269.
1105 2403 1172 2425 hanc
1198 2403 1239 2424 di-

316 2448 445 2477 gnitatem
468 2453 490 2467 ei
511 2444 674 2473 abrogavit,
701 2442 750 2465 sed
770 2448 785 2464 a
806 2441 944 2465 Zenobia,
971 2439 1117 2467 Palmyrae
1134 2437 1240 2466 regina,

314 2483 469 2511 protectus.
490 2480 594 2501 deinum
614 2483 684 2500 anno
706 2476 781 2501 272..
809 2481 860 2503 quo
882 2474 947 2496 haec
967 2474 1000 2495 al)
1020 2471 1169 2495 Aureliano
1190 2471 1240 2493 1111-

316 2518 444 2544 peratore
466 2513 574 2536 ‹levit-ta
594 2514 670 2536 erat,
690 2511 750 2533 loco
770 2515 820 2532 suo
842 2510 930 2531 motus
946 2509 996 2530 est.
1034 2507 1169 2529 Asse-ctae
1183 2506 1241 2527 eius

317 2550 374 2575 (lll.
400 2550 426 2571 et
454 2548 499 2570 lx'.
527 2547 626 2570 seculi)
654 2544 845 2567 samosatam.
882 2542 1022 2565 l'auliani.
1057 2539 1242 2563 Pauliauistae

315 2576 498 2613 appellantur.
536 2580 611 2603 conr.
635 2581 731 2602 husi—ii.
753 2579 813 2600 liist.
834 2577 898 2601 eccl.
917 2576 977 2599 vn.
998 2575 1120 2598 27-30.
1153 2574 1242 2596 Theo-

316 2619 404 2639 iloret.
424 2618 528 2639 haeret.
550 2615 617 2637 labli.
638 2614 670 2635 ll.
691 2616 714 2635 θ’.
754 2613 884 2641 Epiplian.
905 2612 982 2633 haer.
999 2611 1040 2633 65.
1066 2611 1092 2632 et
1117 2608 1241 2631 Elirlicli:

318 2652 349 2674 de
370 2650 513 2673 erroribus
536 2649 561 2671 l’⁴
583 2647 764 2671 Saniosateni,
792 2648 865 2675 Lips.
890 2645 962 2668 17⁴5.

282 2695 315 2723 ά)
336 2695 373 2716 De
393 2694 441 2716 hac
461 2691 605 2715 eversione
621 2690 676 2712 tuni
691 2689 760 2718 apud
776 2689 884 2718 Aphaca
899 2688 925 2710 iu
941 2687 1074 2710 Phoenice
1090 2684 1243 2713 9111111111ἀί-

321 2729 403 2752 ωιίυε
423 2726 571 2751 abolitione
590 2724 642 2747 vid⁴
665 2724 774 2746 Ense—bii
795 2723 852 2745 vita
865 2721 1040 2746 Constantini
1060 2720 1130 2745 [lu.
1150 2726 1172 2743 c.
1185 2719 1226 2742 55.

496 110 696 145 sculpit-x
725 109 798 144 PH.
828 108 938 142 Misi..
967 108 1031 141 AD
1060 106 1267 141 ETHICEN
1298 109 1362 143 ET
1389 110 1646 145 POLITICEN
1676 110 1986 146 SPECTANTIA.

2183 113 2256 149 480

1580 197 1703 230 Manet
1735 197 1828 229 enirn
1862 197 1981 240 regula
2019 198 2136 231 firma:
2176 198 2257 233 Non

1271 249 1530 280 adversandum
1560 261 1632 281 esse
1669 249 1807 290 agnitae
1839 249 1998 287 veritati,
2048 249 2141 282 iuxta
2174 250 2258 284 illud

1272 297 1399 341 (Marc.
1416 299 1451 337 3,
1469 298 1565 344 29.):
1595 300 1631 333 Si
1649 300 1726 344 quis
1745 297 2002 343 blasphemiam
2020 300 2105 332 (licit
2127 300 2163 332 in
2183 300 2258 344 Spi-

1271 350 1378 382 ritum
1398 356 1558 382 sanctum
1572 376 1580 390 ‚
1607 362 1682 382 non
1698 351 1899 383 remittetur
1916 351 1958 384 ei.
2005 350 2125 395 Quare
2141 351 2260 394 agnita

1272 400 1440 441 ueritate,
1483 412 1557 433 non
1590 407 1672 434 sunt
1704 402 1919 446 expectanda
1952 401 2080 434 iudicia
2107 403 2262 435 svnodo-

1272 464 1350 485 rum
1369 458 1428 485 aut
1453 452 1713 496 episcoporum.
1767 452 1834 485 Sed
1857 452 1967 486 Filius
1984 453 2051 486 Dei
2076 441 2179 487 iudex
2202 459 2264 493 est,

1273 504 1315 536 ‹le
1334 516 1404 548 quo
1421 503 1555 536 dictum
1574 509 1641 536 est:
1670 501 1773 535 Hunc
1800 503 1930 537 audite.
1990 504 2080 538 Huic
2105 505 2263 548 singulos

1275 555 1521 598 obtemperare
1556 559 1717 598 oportet,
1759 566 1833 586 non
1860 556 2048 598 expectatis
2074 554 2261 590 hominum

1273 606 1433 640 decretis.

1271 196 1338 228 alia
1371 196 1511 231 iudicia.

1590 679 1646 714 Ill.
1675 680 1948 724 Argumentum.

1325 750 1482 784 Tantum
1503 748 1589 783 iuris
1609 747 1717 782 habet
1743 749 1891 783 inferior
1914 750 1950 782 in
1974 749 2108 783 ditione
2135 750 2266 797 aliqua,

1378 807 1549 847 (plantum
1570 800 1733 845 superior
1750 801 1916 834 dominus
1933 802 2106 842 attribuit,

1328 852 1499 897 Superior
1542 850 1725 897 probibuit
1761 852 1976 886 mutationes
2016 860 2186 898 tanquam
2231 853 2267 886 in

1381 904 1450 937 suis
1469 903 1715 947 praefecturis,
1743 904 1856 936 autin
1876 917 1936 937 sua
1956 905 2077 944 domo,

1329 955 1423 999 Ergo
1447 955 1520 988 sine
1539 955 1612 988 eius
1631 954 1812 987 voluntate
1831 967 1903 987 non
1930 962 1980 989 est
2003 956 2161 989 facienda
2191 969 2267 990 rnu-

1381 1006 1479 1040 talio.

1382 1057 1596 1100 Respondeo
1620 1057 1664 1088 ad
1689 1056 1881 1089 maiorem:
1925 1056 2083 1089 Tantum
2110 1069 2189 1090 vera
2218 1064 2269 1091 est

1281 1108 1397 1141 maior
1421 1108 1462 1139 de
1489 1107 1731 1139 iurisdictione
1757 1107 1920 1151 politica,
1956 1114 1989 1140 et
2016 1108 2058 1140 de
2085 1108 2269 1149 reditibus,

1280 1166 1312 1192 et
1331 1158 1503 1192 similibus
1518 1158 1669 1201 negotiis
1681 1185 1688 1197 ,
1717 1159 1861 1202 proprie
1879 1159 2137 1203 pertinentibus
2155 1161 2198 1192 ad
2216 1160 2269 1194 ius

1280 1209 1516 1254 superiorum.
1564 1210 1644 1243 Non
1662 1216 1777 1253 potest
1793 1217 1909 1243 autem
1928 1210 2090 1254 superior
2105 1210 2271 1245 dominus

1281 1259 1471 1306 prohibere
1489 1260 1624 1306 aliquid
1642 1262 1812 1293 mandato
1832 1261 1954 1294 divino
1974 1268 2213 1306 praeceptum,
2231 1269 2270 1296 ut

1282 1313 1430 1346 illustria
1451 1312 1608 1356 exempla
1627 1318 1708 1345 sunt
1725 1312 1761 1344 in
1779 1310 1925 1345 historia
1942 1311 2100 1346 Danielis
2121 1312 2166 1357 (c.
2184 1313 2217 1347 3.
2239 1320 2272 1347 et

1283 1365 1346 1409 6.).
1414 1364 1459 1396 Et
1483 1363 1646 1408 Apostoli
1671 1363 1793 1397 dicunt
1816 1362 1907 1409 (Act.
1928 1362 1963 1402 5,
1987 1363 2084 1409 29.);
2120 1364 2272 1409 Oportet

1281 1416 1359 1449 Deo
1376 1415 1488 1458 magis
1507 1415 1650 1448 obedire
1667 1427 1773 1460 quam
1792 1413 2009 1448 hominibus.

1386 1466 1613 1500 Manifestum
1640 1472 1690 1499 est
1717 1466 1831 1506 enim,
1869 1465 2123 1500 consessionem
2160 1467 2274 1500 omni-

1282 1520 1347 1552 bus
1379 1518 1545 1561 gradibus
1578 1515 1765 1550 hominum
1792 1517 1926 1561 pariter
1950 1517 2128 1562 praecipi,
2163 1519 2274 1563 magi-

1284 1570 1450 1603 stratibus
1475 1575 1507 1601 et
1528 1568 1694 1613 privatis,
1720 1569 1874 1602 dominis
1900 1575 1933 1601 et
1956 1569 2084 1608 servis,
2119 1571 2274 1613 parenti-

1284 1622 1348 1654 bus
1375 1626 1408 1652 ct
1440 1620 1537 1659 liliis,
1581 1620 1676 1651 iuxta
1703 1619 1789 1651 illud
1819 1617 1964 1664 (Manli.
1984 1621 2040 1659 10,
2064 1620 2159 1665 37.);
2203 1622 2274 1666 Qui

1285 1677 1381 1702 amat
1401 1677 1536 1713 patrem
1557 1676 1616 1702 aut
1633 1677 1783 1702 matrem
1802 1672 1878 1714 plus
1898 1683 2004 1715 quam
2024 1683 2096 1709 me,
2126 1684 2198 1703 non
2223 1680 2274 1706 est

1286 1734 1340 1754 me
1360 1721 1497 1763 dignus.
1540 1718 1578 1751 ln
1596 1719 1730 1752 familia
1748 1720 1908 1752 confiteri
1918 1720 2150 1763 Evangelium
2168 1723 2274 1756 etiam

1286 1772 1376 1806 servi
1395 1771 1542 1809 debent,
1567 1777 1606 1803 ut
1625 1771 1757 1803 faciunt
1776 1769 1899 1815 loseph
1918 1778 1951 1803 et
1968 1772 2055 1804 socii
2072 1772 2242 1808 Danielis.

1388 1823 1477 1855 Filia
1498 1821 1625 1853 Licinii
1652 1821 1879 1866 imperatoris
1903 1821 2023 1863 lrene,
2050 1821 2140 1856 nihil
2164 1826 2276 1859 verita

1289 1873 1537 1907 truculentiam
1558 1872 1686 1916 patris,
1712 1874 1773 1918 qui
1791 1871 1983 1907 christiano
2004 1875 2142 1907 nomini
2160 1875 2277 1909 inimi-

1289 1926 1446 1958 cissimus
1471 1924 1554 1962 suit,
1580 1924 1670 1956 lares
1695 1930 1729 1956 et
1755 1925 1891 1970 reliqua
1918 1924 2131 1959 simulachra
2155 1927 2191 1961 in
2216 1941 2276 1973 pa-

1261 2001 1263 2011 .
1290 1977 1397 2009 ternis
1414 1976 1559 2008 aedibus
1575 1975 1746 2017 singulari
1762 1976 1970 2009 fortitudine
1991 1977 2158 2011 contrivit
2167 1978 2226 2025 ⁶⁹).

1391 2026 1455 2059 vir
1477 2026 1606 2060 nobilis
1633 2027 1666 2058 iu
1693 2027 1779 2059 urbe
1798 2028 2025 2068 Nicomedia,
2059 2029 2276 2074 inspectante

1291 2079 1422 2123 populo
1448 2077 1645 2121 concerpsit
1673 2079 1829 2122 publicas
1860 2079 1978 2112 literas
2008 2091 2027 2112 a
2054 2079 2276 2114 Diocletiano

1292 2129 1491 2174 propositas
1504 2156 1512 2168 ,
1537 2130 1579 2161 de
1596 2129 1850 2164 interficiendis
1866 2129 2075 2164 Christianis
2085 2131 2141 2177 ⁷⁰).

1394 2181 1573 2224 Tempore
1598 2179 1802 2225 lulianifl),
1838 2194 1910 2215 non
1936 2183 2059 2226 procul
2083 2183 2126 2215 ab
2152 2182 2276 2217 Antio-

1292 2230 1382 2271 cliia,
1407 2233 1496 2265 lilius
1515 2229 1644 2264 ellinici
1662 2233 1860 2273 sacrificuli,
1884 2233 2009 2266 collisit
2023 2232 2275 2268 simulachrum

1292 2284 1467 2328 Apollinis
1490 2283 1648 2316 avulsum
1669 2296 1684 2315 a
1703 2284 1789 2317 basi.

1395 2334 1665 2367 Valentinianus
1676 2334 1740 2379 τ“·’),
1783 2335 1843 2380 qui
1867 2341 1986 2379 postea
2013 2335 2207 2380 imperator
2229 2338 2278 2370 fa-

1294 2393 1366 2419 ctus
1385 2392 1452 2422 est,
1482 2399 1560 2418 cuni
1587 2392 1672 2418 esset
1700 2386 1861 2419 tribunus
1886 2386 2058 2423 rnilitum,
2085 2388 2278 2422 sacrificulo

1266 2446 1269 2490 l

1328 2487 1376 2515 89)
1395 2488 1453 2510 Hoc
1472 2487 1535 2510 fecit
1556 2493 1578 2509 c.
1594 2491 1618 2509 a.
1633 2486 1692 2509 314.

1329 2530 1376 2558 70)
1398 2529 1473 2558 Quod
1489 2529 1530 2552 liic
1545 2531 1690 2552 narratur,
1710 2527 1901 2550 verosimiliter
1916 2527 2123 2554 alma—305..
2143 2537 2194 2560 quo
2210 2533 2279 2556 tem-

1365 2570 1429 2593 pore
1450 2564 1634 2587 Diocletianus
1654 2563 1801 2591 imperator
1818 2562 1992 2585 Christianos
2012 2564 2201 2589 crudelissime
2215 2573 2280 2595 per-

1365 2600 1543 2628 sequebatur,
1568 2598 1667 2620 sactum
1686 2599 1734 2619 cst.

1331 2641 1378 2666 71)
1399 2642 1429 2664 A.
1444 2640 1602 2663 361—363.

1330 2683 1378 2711 72)
1401 2683 1611 2740 ζὲιιουῑὶὲιὲἓυυε
1629 2681 1648 2706 1.
1675 2681 1823 2710 imperator
1849 2681 2017 2706 asi-37⁵.
2048 2683 2097 2707 hoc
2121 2683 2185 2708 fecit
2209 2685 2281 2708 intr:

1366 2723 1390 2740 a.
1469 2718 1516 2733 —'
1544 2718 1567 2738 ’.
