2347 3000
70 103 166 139 1221
271 101 377 138 XVII.

167 186 198 233 §-
220 190 256 224 2,
290 189 437 234 Deinde]
477 188 556 222 Alia
584 200 708 229 causa,
742 201 852 235 quare
887 189 1050 222 turbetur

63 245 205 285 sumpta
229 252 248 273 a
277 241 449 273 relatione
482 240 704 274 meritorum.
810 241 959 286 Ornare]
986 240 1049 274 sci-

62 290 146 324 licet
172 288 371 325 honestare.
422 290 564 324 Etenim
594 303 613 324 a
646 296 771 325 senatu
802 291 952 324 minoris
982 289 1049 324 Ar-

63 340 203 374 meniae
237 354 299 375 rex
327 342 525 386 appellatus
556 342 635 376 suit.
688 342 777 375 Vide
797 342 985 377 Caesarem
1012 342 1048 375 in

64 392 99 426 3.
123 391 184 426 lib.
213 392 459 438 Cornrnent.⁶)
487 400 521 427 et
546 395 582 431 2.
609 393 670 428 lib.
693 393 805 428 Cicer.
841 394 883 427 (le
912 392 1049 426 divina-

62 443 161 477 tione
178 443 229 490 7),
264 450 298 477 et
320 442 478 489 Philipp,
504 447 539 480 2.
560 443 604 490 ⁸).
706 445 883 490 Nostrum]
918 444 1050 478 scilicet

62 494 280 529 Romanam.
383 495 656 540 Atrocissimum]
684 494 720 528 id
738 501 809 537 est,
836 495 1049 529 immanissi-

61 558 161 579 mum
173 572 183 586 ,
209 545 489 580 crudelissimum
501 573 510 587 ,
536 546 791 580 foedissimum.
894 546 1047 590 Accedit]

63 597 194 630 scilicet
223 598 268 631 ad
302 597 501 641 superiores
525 610 658 632 causas.
712 597 865 642 Querela
894 597 1049 640 indigni-

64 648 146 682 tatis
168 660 186 681 a
211 649 438 682 multitudine
458 655 715 684 accusatorum.
769 648 959 682 Deiotarus
982 648 1049 681 suit

62 698 240 732 tetrarcha
266 700 448 740 Galatiae,
476 706 509 733 et
525 700 591 733 fuit
616 712 677 733 rex
692 699 895 733 Armeniae.
984 700 1047 732 Al-

60 751 186 795 terius]
215 751 344 784 scilicet
361 751 515 784 Castoris
532 751 683 796 nepotis.
787 750 956 793 Alterius]
983 749 1047 782 sci-

61 801 143 834 licet
185 802 397 835 accusatoris
438 801 542 836 servi.
645 801 868 844 Imle'ynitate]
911 800 946 833 id
985 806 1047 840 est,

60 849 262 886 humilitate
284 853 320 886 in
338 851 403 886 hac
422 864 538 886 causa.
589 851 714 886 Castor
730 851 794 884 suit
813 863 922 896 nepos
940 850 1047 884 Deio-

60 903 131 936 tari
160 914 201 937 ex
222 904 306 938 filia.
408 902 524 949 An9)]
550 902 585 935 id
602 909 663 943 est,
692 909 763 935 tam
784 902 967 946 improbus
985 908 1046 942 est,

61 961 102 988 ut
124 955 297 995 nesciam,
325 966 396 999 quo
420 954 564 987 nomine
588 966 629 987 cx
652 954 763 988 trIbus
789 953 856 988 illis
880 966 959 987 eum
985 965 1047 986 vo-

62 1017 150 1040 cem.
208 1005 300 1041 Nam
324 1005 488 1049 impietas
513 1011 563 1038 est
588 1017 750 1038 accusare
776 1017 881 1038 avum
907 1004 963 1037 vel
986 1016 1047 1037 ne-

60 1063 196 1102 potem.
270 1056 357 1089 Item
394 1057 505 1090 scelus
543 1062 594 1090 cst
626 1069 853 1101 corrumpere
893 1068 1046 1090 servum.

61 1109 285 1152 Sceleratum]
327 1107 457 1141 scilicet
497 1107 557 1152 qui
586 1107 624 1140 in
664 1120 745 1141 suos
775 1120 849 1140 non
880 1107 925 1141 sit
955 1107 1045 1150 pius.

62 1159 328 1204 Adolescentiae]
356 1158 596 1203 Amplificatio
622 1160 665 1193 ab
690 1159 816 1193 officio.
923 1159 1046 1192 Adole-

60 1211 283 1255 scentiaeque]
330 1210 402 1243 Alii
445 1210 493 1245 sic
524 1210 662 1254 legunt:
706 1209 1046 1254 Adolescentiaeque

60 1272 143 1295 suae
168 1268 320 1294 terrores
345 1261 505 1294 intulerit
529 1261 581 1302 ei,
610 1262 707 1295 cuius
735 1268 799 1295 etc.
852 1260 927 1293 Hoc
953 1272 1046 1293 sum-

60 1319 162 1357 ptum
181 1318 232 1346 est
247 1324 289 1346 ex
304 1312 419 1345 officio
435 1312 588 1357 pietati&
691 1313 744 1347 Ab
764 1312 903 1356 scelere]
936 1311 1047 1344 Aldus

62 1364 215 1404 omittit,
255 1365 316 1398 sed
349 1358 588 1397 nibilffefert.
709 1363 879 1407 Duxerit]
916 1362 952 1395 id
985 1368 1046 1401 est,

60 1415 284 1460 auspicatur,
337 1415 421 1448 facit
466 1414 681 1460 auspicium,
743 1415 942 1458 auspicatus
992 1413 1047 1447 sit.

62 1470 113 1501 Ac
143 1469 200 1512 qui
217 1465 277 1512 ¹⁰)]
317 1465 429 1500 Aldus
466 1465 611 1500 omittit.
713 1465 872 1509 Servum]
918 1464 1047 1498 scilicet

57 1518 238 1552 medicum
274 1517 431 1552 traxerit.
482 1516 599 1550 Locus
631 1516 830 1549 communis
862 1521 930 1549 est:
963 1515 1047 1548 Per-

60 1570 188 1603 turbor
210 1569 417 1603 crudelitate
442 1567 610 1602 Castoris.
713 1567 899 1612 Praemiis]
923 1566 958 1599 id
985 1572 1047 1606 cst,

59 1620 223 1666 pecunia.
308 1620 526 1664 Leynlorum]
553 1618 685 1653 scilicet
700 1630 779 1651 cum
797 1618 924 1663 quibus
942 1616 1048 1650 Deio-

60 1679 160 1706 tarus
184 1683 264 1705 eum
287 1670 442 1703 Romam
468 1670 575 1704 misit.

163 1721 195 1766 §-
220 1722 254 1755 3.
283 1722 443 1766 Fuyitimf]
472 1721 604 1755 scilicet
629 1719 722 1754 servi
748 1719 886 1754 medici.
975 1720 1048 1753 Ab·

59 1775 203 1816 sentem]
237 1772 330 1807 Nam
345 1778 421 1805 erat
439 1773 475 1804 in
494 1771 749 1816 Gallograecia.
855 1772 916 1812 Os]
947 1769 1047 1815 quasi

61 1826 174 1859 dicat:
201 1822 473 1868 impudentiam.
575 1823 733 1866 Reqiam]
761 1821 890 1855 scilicet
917 1827 1046 1853 statum

58 1876 216 1920 regium,
264 1875 334 1908 den
377 1873 566 1907 betriibten
604 1874 767 1906 zustandt
804 1873 864 1905 des
902 1871 1047 1915 Ktinigs.

61 1928 237 1969 For-tuuis]
264 1925 395 1960 scilicet
422 1924 582 1957 omnium
608 1923 859 1963 dominorum,
886 1935 931 1955 ne
956 1922 1047 1956 scili-

62 1986 116 2013 cet
139 1976 244 2012 huius
267 1976 361 2012 servi
386 1975 546 2019 exemplo
571 1981 605 2007 et
627 1975 688 2008 alii
711 1986 793 2008 suos
810 1973 975 2007 dominos
993 1985 1047 2006 ac-

60 2035 238 2064 cusarent.
339 2029 447 2068 Nam]
478 2026 655 2061 Nolehant
679 2025 835 2058 Romani
864 2026 906 2057 de
938 2024 1047 2058 servis

60 2082 100 2114 in
125 2079 290 2114 dominos
314 2078 438 2124 quaeri
462 2076 581 2110 invitis
598 2076 642 2123 ¹¹)
677 2076 851 2116 dominis,
887 2073 956 2110 hoc
984 2081 1046 2115 cst,

59 2132 254 2167 noluerunt
276 2128 438 2174 torqueri
462 2140 600 2167 servos,
629 2133 668 2160 ut
685 2127 819 2172 aliquid
839 2128 1047 2159 confiteren-

61 2192 122 2218 tur
146 2183 183 2216 in
209 2180 387 2219 dominos,
413 2181 474 2213 sed
496 2180 567 2212 iam
592 2179 691 2212 adest
708 2191 840 2218 servus,
863 2178 923 2223 qui
938 2178 1047 2211 libere

94 2285 126 2313 6)
144 2284 172 2308 in
191 2283 216 2309 ³.
234 2282 279 2306 ab.
299 2281 465 2308 Commeat]
486 2278 627 2308 Ειιιιῡεει.
642 2278 729 2302 male:
749 2262 778 2301 in'
796 2279 819 2302 ⁴,
839 2277 883 2301 ia..
898 2278 1046 2301 comment.

128 2330 163 2336 --
185 2318 419 2342 Commemoratur
450 2314 521 2338 enim
548 2313 695 2336 Deiotarus
726 2318 741 2335 a
766 2313 888 2336 Caesare
919 2312 951 2334 de
977 2312 1046 2335 hello

130 2352 206 2377 civili
223 2352 269 2376 lib.
285 2351 328 2376 HJ.
347 2357 370 2374 c.
384 2351 409 2375 4.
428 2350 456 2372 et
474 2349 506 2372 ab
520 2347 609 2372 Hirtio
628 2347 661 2371 do
681 2346 750 2372 beno
769 2347 846 2370 Alex.
866 2352 889 2370 e.
911 2346 953 2371 3⁴.
973 2345 1047 2370 67-

127 2387 171 2412 70.
188 2386 232 2410 78.

93 2430 127 2459 7)
145 2429 201 2454 cte.
221 2428 254 2452 de
270 2425 359 2452 Divfn.
379 2426 418 2456 u,
436 2424 486 2456 3⁷,
504 2424 546 2449 79.

93 2474 126 2502 8)
145 2471 201 2498 Cic.
219 2470 290 2495 orat.
306 2468 422 2498 Philipp.
440 2467 481 2497 ll,
501 2466 553 2496 ³7,
571 2466 614 2491 93.
633 2466 676 2491 95.

94 2517 126 2545 9)
146 2515 204 2543 An]
228 2512 268 2537 sie
291 2511 340 2536 Ed.
367 2511 441 2535 1568.
466 2515 536 2540 quae
559 2509 684 2540 sequitui·
708 2507 866 2533 lectionem:
898 2507 1048 2534 Crudelem

131 2549 319 2574 Castor-eume
337 2546 448 2573 diectnz,
473 2551 512 2569 an
537 2545 726 2574 sceleratum,
751 2549 800 2573 pro
819 2549 871 2573 qua
889 2543 939 2568 Ed.
961 2544 1046 2568 Orell.

129 2583 225 2607 hahet:
252 2581 401 2605 Crudelem
420 2579 586 2608 Castorem,
611 2585 646 2603 ne
670 2579 765 2603 dicam
787 2578 960 2604 sceleratum
976 2578 1046 2608 [vid.

131 2615 231 2643 Orellii
249 2616 315 2639 nota
331 2614 393 2638 crit.
411 2613 445 2637 ad
465 2614 488 2636 h.
508 2613 550 2641 1.).

97 2660 145 2688 10)
164 2659 204 2684 Ae
223 2657 288 2688 qut]
309 2657 347 2679 sic
367 2656 415 2681 Ed.
436 2656 526 2686 1568.;
546 2655 596 2680 Ed.
615 2653 701 2680 Oretl.
720 2654 781 2680 avi.

95 2703 145 2732 1¹)
163 2700 273 2729 invitis]
293 2699 342 2725 Ed.
363 2698 436 2724 1568.
456 2700 600 2729 corrupte:
623 2697 739 2722 inutilis.

429 100 709 137 ENARRATIO
745 100 1004 137 ORATIONIS
1038 99 1286 139 CICERONIS
1319 104 1417 140 PRO
1450 104 1579 142 REGE
1613 107 1876 150 DEIOTARO.

1993 117 2090 154 1222

1103 195 1242 223 accusat
1264 190 1470 231 dominum,
1500 206 1604 238 quem
1629 207 1702 229 non
1728 207 1845 241 posset
1870 213 2033 236 accusare
2051 204 2087 238 in

1103 241 1299 297 tormentis.
1403 244 1520 287 More]
1560 245 1654 279 llaec
1679 247 1782 289 dicit,
1818 258 1855 284 ut
1890 266 1930 285 eo
1963 266 2086 297 perve-

1102 298 1196 333 mat,
1232 304 1275 325 ne
1299 298 1535 337 torqueantur
1560 298 1672 338 servi,
1707 300 1807 344 quasi
1832 302 1939 336 dicat:
1969 305 2085 339 Tanta

1101 343 1167 376 suit
1191 343 1390 377 reverentia
1416 345 1508 380 illius
1524 347 1627 388 iuris,
1656 352 1751 394 quod
1769 358 1819 385 est
1839 353 1928 387 inter
1945 368 2086 390 servum

1103 400 1136 426 et
1160 394 1360 435 dominum,
1387 401 1427 429 ut
1450 397 1546 441 ipsae
1568 400 1660 441 leges
1687 401 1831 436 iubeant
1856 418 1987 445 servos,
2015 421 2085 452 quo

1102 451 1291 489 protegant
1313 446 1436 479 delicta
1461 450 1609 484 domini.
1662 451 1862 488 Voluerunt
1877 457 2087 500 significare,

1102 501 1141 528 ut
1171 508 1293 529 servus
1322 497 1440 530 doleat
1473 506 1507 533 et
1541 503 1692 544 gaudeat
1727 517 1803 538 cum
1837 519 1900 540 suo
1925 508 2085 550 domino,

1102 552 1221 580 tamen
1246 546 1297 580 illi
1323 547 1455 592 ignosci
1480 559 1616 594 posset,
1644 554 1673 587 si
1690 567 1754 598 per
1771 557 1931 592 dolorem
1951 560 2085 605 aliquid

1101 597 1244 639 diceret,
1271 600 1332 631 scd
1355 599 1425 631 iam
1451 601 1526 634 sine
1551 604 1624 636 ullo
1649 606 1771 639 dolore
1793 608 1888 644 dicit.
1967 613 2084 654 More]

1101 649 1232 683 scilieet
1266 651 1459 684 secundum
1500 653 1590 697 leges
1625 662 1658 688 et
1686 656 1859 694 instituta.
1961 664 2084 705 Dolor]

1102 700 1136 733 id
1154 707 1224 740 est,
1251 701 1436 736 cruciatus.
1541 707 1688 750 Elicere]
1716 709 1845 744 scilicet
1863 718 2084 757 extorquere.

1100 753 1226 794 Invito]
1267 752 1397 786 scilicet
1426 754 1572 789 domino
1606 756 1789 795 Deiotaro.
1900 765 2083 807 Extortns]

1100 803 1230 835 scilicet
1244 814 1308 846 per
1324 803 1519 840 Castorem.
1622 811 1757 853 Eculeo]
1787 812 1821 845 id
1837 819 1898 853 est,
1926 820 2083 847 tormen-

1101 853 1154 888 tis.
1221 853 1390 888 Eculeum
1426 863 1476 889 est
1505 855 1687 900 machina,
1726 862 1762 894 in
1790 876 1894 908 quam
1928 865 2085 909 impositi

1099 902 1261 938 homines
1294 911 1527 951 torquentur,
1562 909 1716 946 Pu'isslin.
1780 913 1869 947 Vide
1900 915 2081 950 Valerium

1100 956 1141 988 dc
1173 956 1240 988 fule
1270 969 1454 991 servorun)
1486 959 1522 991 in
1547 961 1712 997 dominos
1728 963 1784 1009 l¹²).
1888 969 2083 1011 Appellare]

1099 1006 1229 1039 scilieet
1263 1019 1426 1042 accusare
1456 1009 1491 1042 in
1523 1017 1671 1047 tortura.
1807 1018 1910 1058 Eum]
1953 1019 2084 1052 scilieet

1099 1057 1322 1091 Deiotarum.
1425 1062 1579 1103 Solutus]
1608 1064 1737 1098 scilicet
1765 1078 1837 1099 non
1867 1068 2013 1102 vinctus.

1120 1159 1128 1166 ι
1204 1108 1289 1153 Cap.
1313 1108 1354 1143 ll.
1384 1108 1413 1154 {-
1435 1110 1469 1145 4.
1497 1114 1697 1158 Perturbat]
1729 1116 1761 1148 A
1784 1130 1935 1161 persona
1959 1120 2083 1153 Caesa-

1100 1172 1166 1199 ms,
1195 1160 1255 1205 qui
1279 1167 1329 1193 est
1354 1174 1436 1205 pars
1460 1169 1493 1196 et
1518 1163 1634 1200 iudex.
1738 1167 1814 1201 Hoc
1842 1182 1979 1204 necesse
2009 1178 2084 1204 erat

1099 1211 1180 1246 dici.
1286 1213 1425 1254 Caesar]
1454 1215 1585 1248 scilicet
1611 1222 1647 1249 tu
1672 1218 1824 1262 cogitas,
1860 1234 1938 1253 cum
1964 1222 2009 1255 sis
2033 1223 2083 1255 iu-

1100 1264 1184 1303 dex,
1212 1268 1245 1294 te
1275 1263 1351 1296 sore
1377 1265 1481 1297 talem
1507 1266 1678 1308 iudicem,
1706 1282 1750 1303 ne
1782 1273 1988 1307 succumbas
2016 1273 2084 1306 tuis

1100 1314 1293 1348 affectibus.
1398 1317 1504 1358 Illud]
1539 1318 1670 1353 scilicet
1695 1322 1790 1366 quod
1814 1324 1908 1366 apud
1936 1330 1967 1356 te
1993 1323 2084 1356 iudi-

1101 1378 1174 1399 cem
1199 1366 1240 1398 de
1264 1371 1325 1399 tuo
1349 1367 1507 1410 periculo
1529 1369 1621 1404 dico.
1724 1374 1924 1417 Βεοοφεονῖ]
1958 1375 1993 1407 id
2021 1381 2083 1415 est,

1102 1416 1239 1461 penitus
1261 1417 1455 1452 aestimavi.
1563 1423 1634 1454 Tua
1656 1425 1839 1466 sapientia]
1868 1425 1901 1457 id
1921 1432 1983 1465 est,
2011 1432 2082 1459 tam

1100 1468 1239 1512 sapiens
1257 1480 1303 1506 es,
1319 1475 1355 1501 ut
1374 1482 1446 1501 non
1463 1470 1507 1503 sis
1524 1469 1744 1507 iudicaturus
1756 1477 2083 1510 contraveritatem.

1100 1521 1365 1564 Aequisse’mum]
1401 1521 1530 1554 scilicet
1556 1525 1651 1567 quod
1677 1530 1713 1557 tu
1738 1525 1811 1569 ipse
1833 1527 1875 1559 de
1898 1534 1956 1560 tua
1980 1540 2082 1561 causa

1101 1582 1303 1614 cognoscas.
1384 1574 1485 1613 Eum]
1514 1573 1642 1606 scilicet
1665 1575 1828 1610 iudicem.
1906 1581 2084 1621 Factum-0]

1100 1621 1231 1654 scilicet
1255 1621 1414 1655 alicuius.
1520 1625 1638 1666 Cuius]
1664 1626 1794 1660 scilicet
1816 1627 1956 1669 iudicis,
1984 1630 2085 1674 quasi

1101 1672 1210 1705 dicat:
1243 1671 1325 1706 Non
1356 1673 1457 1706 facile
1493 1674 1710 1710 obtinebitur
1741 1691 1844 1712 causa
1879 1681 1973 1724 apud
2005 1692 2084 1714 eum

1100 1723 1274 1763 iudicem,
1306 1731 1429 1756 contra
1463 1738 1567 1769 quem
1598 1734 1782 1770 peccatum
1815 1736 1876 1764 est.
1986 1733 2086 1765 Faci-

1101 1777 1211 1816 nore's]
1254 1775 1385 1807 scilicet
1416 1778 1622 1819 perpetrati.
1739 1781 1914 1826 Aryuare]
1956 1782 2087 1815 scilicet

1100 1825 1284 1859 accuseris.
1362 1828 1428 1861 Sui
1449 1826 1610 1875 periculi]
1638 1829 1769 1863 scilicet
1787 1831 1824 1863 in
1841 1844 1875 1865 se
1895 1833 2086 1867 commissi.

1100 1874 1188 1923 Reo]
1224 1876 1260 1908 id
1295 1883 1366 1917 est,
1401 1885 1576 1912 accusato.
1628 1879 1697 1913 Ein
1729 1882 1828 1926 jeder
1859 1881 2003 1917 mensch
2041 1883 2086 1917 ist

1100 1926 1173 1960 ihm
1195 1927 1231 1960 in
1250 1928 1366 1961 seiner
1384 1929 1530 1972 eigenen
1546 1928 1649 1964 sache
1669 1932 1725 1964 ein
1741 1933 1910 1977 gnediger
1926 1932 2085 1969 Richter.

1099 1976 1186 2026 Sed]
1216 1979 1317 2024 quasi
1336 1979 1445 2012 dicat:
1482 1980 1608 2015 Nullus
1628 1995 1787 2028 unquam
1804 1985 1871 2017 suit
1887 1991 1919 2017 te
1936 1986 2086 2019 clemen-

1101 2030 1182 2070 tior,
1210 2042 1273 2063 nec
1291 2030 1491 2075 benignior.
1595 2033 1813 2082 Singularis]
1844 2036 1974 2069 scilicet
1995 2049 2085 2082 quae

1102 2081 1261 2114 omnium
1280 2088 1330 2115 est
1349 2083 1665 2127 praestantissima.
1752 2089 1831 2120 ZVon
1848 2086 1956 2134 enim]
1986 2088 2086 2133 quasi

1101 2132 1210 2165 dicat:
1239 2132 1345 2166 Haud
1369 2134 1474 2167 dubie
1496 2134 1544 2167 ita
1570 2135 1789 2170 iudicaturus
1814 2150 1865 2178 es,
1901 2145 1940 2171 ut
1964 2151 2086 2171 omnes

1101 2183 1299 2227 intelligant
1323 2191 1355 2218 te
1379 2186 1497 2218 favere
1526 2185 1576 2226 ei,
1604 2193 1642 2219 ut
1671 2199 1793 2221 omnes
1818 2188 1974 2221 Romani
2004 2202 2086 2233 pro-

1099 2236 1184 2268 bent
1209 2241 1305 2268 tuam
1332 2236 1563 2277 sententiam,
1598 2238 1699 2282 quasi
1729 2238 1839 2272 dicat:
1885 2239 1997 2273 Causa
2027 2246 2087 2273 tua

1101 2286 1243 2332 quidem
1260 2287 1354 2320 bona
1372 2293 1434 2325 est,
1451 2287 1496 2319 ita
1516 2294 1555 2320 ut
1569 2288 1659 2321 sorte
1677 2290 1789 2333 possis
1807 2302 1885 2323 eum
1902 2292 2086 2329 damnare,

1100 2338 1255 2371 sednon
1279 2338 1403 2378 facies,
1439 2350 1483 2370 ne
1516 2339 1607 2371 male
1640 2339 1705 2372 tibi
1737 2340 1771 2372 id
1806 2341 2086 2385 interpretentur

1099 2387 1274 2422 homines.
1395 2391 1473 2423 Νοιι
1505 2387 1616 2437 enim]
1654 2390 1807 2436 Querela
1845 2392 1997 2426 oratoris
2041 2393 2085 2425 ad

1098 2439 1245 2484 legenda
1269 2445 1423 2480 caetera,
1448 2452 1491 2472 ne
1514 2440 1676 2475 videatur
1699 2442 1735 2474 in
1760 2442 1836 2476 aliis
1860 2443 1982 2476 durius
2000 2442 2086 2476 Cae-

1099 2503 1213 2525 sarem
1240 2490 1404 2534 tetigisse.
1509 2493 1613 2532 Quam
1638 2491 1806 2540 intelliyo]
1841 2494 1969 2527 scilicet
2003 2494 2086 2540 quia

1099 2542 1151 2575 vis
1176 2548 1209 2574 te
1240 2541 1449 2575 clementem
1482 2538 1626 2584 haberi,
1663 2545 1774 2587 magis
1802 2543 1868 2578 hoc
1902 2545 2087 2589 spectabis,

1136 2660 1182 2689 12)
1200 2659 1307 2684 Valerii
1325 2658 1435 2684 Maximi
1453 2659 1497 2683 lib.
1517 2659 1565 2685 VI.
1584 2665 1642 2691 cap.
1655 2659 1680 2685 8.
1699 2659 1857 2690 inscriptum
1878 2659 1939 2684 ..Dc
1958 2659 2009 2684 fide
2026 2666 2088 2685 ser-

1170 2700 1267 2720 vorum
1284 2700 1352 2726 erga
1370 2692 1521 2719 domino-13⁷

1488 2728 1569 2763 77*
