2347 3000
88 140 136 174 93

89 236 166 258 cum
193 222 360 268 pleraque
385 220 466 254 vitia
495 219 671 253 Ecclesiae
693 219 910 263 intelligant,
950 225 1070 251 tamen

88 287 130 309 ne
150 274 235 320 quid
253 278 432 306 accersant
446 271 513 304 sibi
531 270 603 303 odii
621 277 681 303 aut
698 271 866 314 periculi,
901 270 1071 302 adiuvant

87 325 283 364 saevitiam,
309 324 501 356 defendunt
519 321 735 366 impietatem
752 328 875 354 contra
893 320 1070 354 conscien-

88 377 185 410 tiam.
239 374 403 408 Metuunt
433 373 525 406 enim
561 372 838 416 conspirationes
868 372 1068 416 pontificiae

87 426 259 460 factionis.
312 425 357 458 Et
373 425 469 469 quod
486 423 767 468 indignissinnnn
785 430 835 457 est
852 421 994 456 heroico
1013 435 1069 466 ge-

88 490 190 517 nere,
224 482 339 516 metu,
374 475 513 519 ignaria
526 502 534 516 ‚
572 481 633 508 aut
665 475 770 508 etiam
800 487 860 519 spe
892 480 1067 507 certarum

89 529 298 567 utilitatum,
327 527 483 571 produnt
499 526 705 569 religionem
725 532 757 558 et
775 525 955 559 iustitiam.

191 579 278 611 Cum
295 578 490 611 Cassander
502 577 546 622 ⁵⁰)
567 583 701 622 peteret
723 577 766 609 ab
784 574 1068 614 Atheniensilnis,

89 636 127 664 ut
141 629 381 662 Alexandrum
401 630 573 661 referrent
588 629 679 660 inter
696 627 809 667 Deos,
837 639 987 671 eumque
1013 638 1068 658 co-

88 682 201 714 lerent.
241 680 343 713 certis
376 679 573 719 sacrificiis,
622 678 782 724 plerique
815 678 1069 711 execrabantur

88 730 181 765 hanc
199 731 343 775 impiam
363 730 615 763 adulationem.
654 729 722 762 Sed
742 728 916 762 Demades
928 728 972 773 ⁵¹)
991 739 1069 761 sna-

89 784 155 823 sit,
182 789 221 815 nt
245 784 337 815 lieret
353 807 361 820 ‚
388 793 432 813 110
452 780 613 813 videlicet
636 780 766 813 bellum
794 780 842 813 eis
867 780 1069 818 inferretur,

91 846 131 866 ac
149 833 280 878 inquit:
309 832 445 871 Videte,
461 844 504 864 ne
522 837 653 864 terram
672 831 853 871 amittatis,
871 831 955 863 dum
972 830 1067 862 coelo

90 884 256 917 iniuriam
278 883 356 915 «fieri
379 880 585 926 prohibetis.
656 880 707 915 Ita
731 894 824 914 nunc
846 881 949 914 multi
971 881 1068 913 coelo

90 935 256 968 iniuriam
274 936 385 966 facere
404 934 559 974 malunt,
586 945 691 978 qnam
710 933 884 976 suscipere
901 933 955 965 vel
972 932 1069 964 labo-

91 998 177 1025 rem,
201 986 254 1018 1·οΙ
273 985 466 1029 periculum
481 990 627 1028 propter
644 984 800 1017 veritatis
818 983 1069 1016 defensionem.

91 1036 157 1070 Sed
174 1034 210 1068 hi
227 1036 344 1078 ignavi
364 1042 395 1067 et
416 1036 514 1080 impii
530 1035 706 1079 principes
731 1046 955 1080 nequaquam
973 1033 1071 1076 digni

92 1093 172 1121 sunt
206 1087 262 1119 illa
297 1087 436 1119 coelesti
466 1086 702 1130 appellatione
726 1086 872 1131 (Psalm.
898 1086 965 1125 82,
1000 1084 1069 1130 (3.):

92 1138 166 1181 Ego
184 1138 272 1170 dixi:
301 1138 359 1170 Dii
379 1138 469 1171 estis.
522 1137 616 1170 Deus
643 1137 737 1169 enim
760 1137 917 1180 impertit
941 1135 1071 1180 princi-

92 1190 194 1234 pibus
211 1189 410 1222 societatem
428 1189 482 1221 sui
497 1187 672 1227 nominis,
698 1187 779 1232 quia
806 1187 853 1220 eis
876 1199 995 1219 rerum
1020 1186 1071 1218 di-

94 1240 258 1272 vinarum
301 1239 541 1272 defensionem
585 1238 864 1277 commendax‘it,
911 1236 1072 1269 videlicet

93 1290 296 1333 Evangelii,
324 1290 493 1329 iustitiae,
520 1289 615 1332 pacis
632 1295 664 1320 ct
678 1288 893 1331 disciplinae.

195 1342 328 1374 Octava
347 1337 491 1384 (Manli.
512 1340 569 1379 18,
592 1339 661 1384 7.):
688 1339 761 1371 Vae
779 1337 928 1377 homini,
946 1337 1007 1382 (1111
1022 1342 1073 1369 051

97 1397 199 1424 autor
229 1397 289 1423 aut
310 1391 538 1423 confirmator
567 1389 738 1427 scandali;
775 1388 968 1432 principes,
1012 1387 1070 1431 (1111

96 1454 169 1474 11011
185 1448 323 1474 mutant
338 1442 476 1479 abusus,
504 1445 584 1473 sunt
599 1446 738 1472 autores
757 1445 791 1471 et
807 1440 1072 1471 confirmatores

96 1490 319 1524 horribilium
336 1491 594 1524 scandalorum.
634 1490 752 1534 Quare
768 1502 842 1521 11011
858 1489 1005 1521 dubium
1022 1493 1072 1520 051

96 1542 144 1575 015
159 1541 274 1574 Ι)011111
291 1541 492 1583 gravissime
507 1540 621 1573 irasci.
657 1541 721 1573 1110
737 1540 922 1583 diligenter
937 1538 1072 1582 magni-

95 1593 180 1626 tudo
205 1593 472 1631 scandalorum,
511 1597 545 1623 et
568 1590 642 1623 veri
664 1592 777 1624 fontes
794 1591 1072 1628 considerentur,

95 1643 190 1676 Deus
215 1643 375 1675 :allicitur
401 1642 612 1675 contumelia
636 1641 673 1674 in
695 1642 897 1675 defensione
925 1641 1072 1673 idolola—

95 1694 200 1731 triam
218 1700 269 1726 tot
286 1693 395 1725 millia
412 1693 612 1726 animarum
630 1694 845 1726 seducuntur
861 1699 895 1725 et
912 1697 1072 1736 pereunt,

95 1745 282 1790 praecipue
307 1745 407 1788 culpa
430 1744 649 1788 principum,
675 1744 736 1789 (1111
758 1743 973 1788 impediunt,
1002 1754 1072 1787 (1110

95 1796 211 1829 10111115
228 1807 352 1839 puram
364 1795 409 1827 Ex
419 1795 546 1839 angelii
563 1795 759 1827 doctrinam
774 1795 925 1839 populus
942 1793 1073 1827 audiat.

97 1846 335 1880 Confirmatur
351 1847 450 1879 furor
464 1846 748 1879 adxersariorum
761 1873 770 1886 ‚
798 1846 859 1890 qui
882 1847 971 1878 fiunt
996 1856 1074 1888 per-

96 1897 303 1937 tinaciores,
344 1903 378 1930 01
399 1897 574 1930 saeviores
586 1896 632 1942 5‘·'‘)
663 1897 830 1941 exemplis
861 1895 1074 1941 principum.

98 1948 360 1982 Confirmantur
374 1954 407 1981 et
421 1948 595 1981 libidines.

198 1999 253 2032 Sic
276 2005 393 2032 autem
414 1999 530 2044 inquit
550 1998 647 2032 Deus
670 1999 763 2043 apud
787 1995 1006 2030 Ezechielem
1032 1996 1075 2027 de

99 2050 262 2084 omnibus
278 2050 583 2093 gulmrnatoribus,
611 2062 686 2093 cap.
705 2049 753 2083 34
766 2049 830 2095 ⁵³),
849 2048 960 2094 (10.):
987 2045 1076 2079 Ecce

99 2114 161 2146 ego
179 2101 251 2145 ipse.
267 2113 372 2144 super
386 2107 555 2144 pastores,
572 2101 793 2145 etrequiram
808 2111 947 2143 gregem
959 2110 1076 2131 meum

99 2154 140 2186 de
157 2164 266 2185 manu
285 2164 421 2191 eorum,
440 2158 473 2184 et
488 2152 611 2184 delebo
627 2163 697 2184 eos.
748 2150 794 2183 Et
811 2150 920 2183 Amos
942 2149 976 2190 6,
988 2147 1056 2193 (1.)
1071 2161 1076 2180 ;

99 2203 171 2236 Vae
188 2202 287 2235 vobis
304 2203 503 2247 optimates,
528 2202 641 2246 capita
656 2202 871 2246 populorum
891 2207 954 2233 etc.
980 2197 1079 2233 Nihil

100 2254 324 2299 patiebantur
342 2265 447 2297 super
474 2253 685 2285 contritione
701 2250 839 2296 loseph.
892 2251 967 2283 Hae
991 2250 1078 2282 divi-

101 2317 166 2338 nae
197 2304 490 2337 comminationes
520 2304 678 2348 profecto
707 2315 781 2336 non
815 2308 918 2335 erunt
946 2301 1078 2334 irritae.

101 2356 219 2401 Quare
236 2357 430 2399 optandum
449 2361 518 2395 est,
544 2360 584 2387 ut
600 2366 720 2388 omnes
735 2354 912 2398 principes
925 2350 1080 2386 habeant

247 2403 254 2413 .

136 2496 181 2528 50)
202 2496 368 2526 cassander,
389 2494 540 2524 Antipatris
558 2493 638 2523 fitius,
658 2492 716 2518 319.
736 2498 759 2516 a.
779 2491 842 2517 Chr.
860 2492 980 2516 Athenas
999 2497 1079 2516 occu-

188 2531 252 2555 avit.

136 2539 185 2603 511),
202 2572 350 2602 Demades,
370 2572 464 2594 orator
482 2570 672 2599 Atheniensis,
693 2569 867 2593 Demostheni
887 2569 1016 2598 aequalis.

137 2616 183 2647 52)
204 2614 360 2641 saeviores]
380 2614 419 2635 sie
437 2614 520 2637 Editt.
547 2614 632 2642 pecul.
654 2613 725 2636 1539.
751 2614 777 2635 et
800 2612 872 2635 1540.
898 2613 925 2634 et
942 2612 991 2634 Ed.
1009 2611 1078 2641 Epic.

173 2650 260 2678 1540.;
280 2648 327 2670 Ed.
349 2648 438 2670 mm:
459 2648 624 2670 severiores

137 2692 183 2721 53)
205 2692 250 2720 34]
268 2690 308 2713 sie
325 2690 405 2712 Editt,
427 2690 511 2719 pecul.
538 2690 611 2714 1539.
636 2691 661 2713 et
689 2690 779 2716 15404
807 2687 888 2711 Editt.
915 2687 984 2718 Epit.
1005 2688 1079 2711 1540.

173 2729 199 2750 et
218 2725 292 2750 1546.
312 2724 422 2748 vocilius
442 2725 567 2748 utuntur:
586 2724 726 2755 trigesimo
746 2724 851 2754 quarto.

637 133 662 170 Ι.
705 130 1052 168 PHILOSOPHIAE
1080 127 1293 165 MOPLALIS
1319 127 1546 163 EPITOME.

2059 129 2108 163 94

1124 216 1300 249 rationem
1317 227 1398 248 snae
1414 214 1553 254 salutis,
1589 220 1622 246 et
1636 214 1788 247 liberent
1805 226 1839 247 50
1855 216 1897 247 ab
1918 213 1969 248 his
1988 216 2106 257 ingen-

1126 268 1216 300 tibus
1243 266 1427 300 scandalis.
1479 266 1571 300 Nam
1594 263 1661 298 hoc
1686 272 1934 310 argumentum
1962 267 2105 299 refutari

1123 318 1220 351 nullo
1240 318 1346 350 modo
1366 323 1491 361 potest.

1225 368 1329 412 Quod
1355 374 1470 401 antem
1494 374 1527 400 et
1550 367 1652 400 nobis
1685 368 1851 401 scandala
1877 366 2105 400 obiiciimtnr.

1123 420 1219 463 quod
1235 419 1394 451 xidetirvt
1412 419 1520 464 aliqui
1539 419 1734 452 abutuntur
1753 419 1925 457 libertate,
1948 424 2008 450 aut
2026 418 2104 450 alia.

1121 467 1207 504 hacc
1222 482 1296 501 non
1313 470 1475 503 accidunt
1502 470 1683 502 doctrinae
1701 476 1762 502 aut
1778 470 1977 513 111-1001111101
1993 469 2105 511 culpa.

1121 520 1157 553 Si
1181 521 1342 553 doctores
1364 527 1396 552 et
1423 520 1597 564 principes
1620 527 1713 554 recte
1743 521 1875 553 faciunt
1904 533 2005 554 snum
2031 521 2103 550 oth-

1122 572 1235 609 011101,
1261 577 1299 603 111
1318 571 1434 616 inquit
1452 570 1636 611 Ezechiel,
1665 579 1760 604 extra
1789 572 1926 615 culpam
1951 570 2105 606 51111131).

1221 621 1268 654 At
1284 621 1319 653 in
1338 622 1446 654 altera
1464 629 1562 665 parte
1581 635 1680 655 cansa
1700 623 1887 667 praecipua
1908 621 2102 663 ingentium

1121 673 1290 705 scelerum
1309 670 1550 712 haeretinliis,
1570 674 1629 718 qui
1648 680 1824 716 praesunt.
1852 673 2104 712 Dei11‹lelo11;:‹·

1122 723 1275 756 atrocius
1291 724 1401 756 scelus
1422 723 1635 763 idololatria,
1653 736 1757 768 qnam
1777 725 1842 756 alia
1864 724 1957 767 x‘ulgi
1977 729 2104 756 errata.

1120 774 1166 807 Et
1198 774 1323 806 collata
1357 774 1393 806 in
1417 787 1530 807 11111110
1563 775 1739 807 cumulum
1775 781 1909 807 caetera
1940 774 2103 808 scandala

1122 825 1241 857 omnia
1260 837 1486 870 nequaquam
1502 831 1639 857 tantum
1658 825 1796 858 sceleris
1813 823 1963 865 habent,
1992 838 2101 870 qnan-

1122 882 1195 909 tum
1218 874 1351 908 habent
1374 874 1410 908 hi
1434 882 1503 908 tres
1527 876 1626 908 nervi
1652 877 1748 919 regni
1768 874 1994 915 Antichristi,
2023 888 2103 919 pro-

1121 927 1254 960 fanatio
1271 927 1397 960 Missae
1410 953 1418 967 ,
1446 926 1646 959 Coelibatus
1662 934 1694 959 et
1714 927 1953 959 commentitia
1972 927 2102 959 autori-

1122 984 1174 1011 tas
1187 978 1345 1010 Romani
1359 977 1525 1022 episcopi,
1554 979 1753 1022 profanatio
1774 978 1902 1012 Missae
1918 978 2035 1022 palam
2054 984 2103 1009 est

1122 1029 1355 1062 idololatrica.
1409 1029 1608 1062 Coelibatus
1624 1035 1676 1061 tot
1697 1029 1819 1062 seculis
1844 1035 2014 1074 (plantum
2034 1035 2103 1061 tur-

1123 1080 1350 1124 pissimorum
1387 1080 1627 1124 exemplorum
1660 1080 1862 1114 cumulavit.
1940 1079 2101 1111 Romana

1124 1131 1321 1164 dominatio
1345 1130 1415 1162 iam
1441 1131 1542 1164 annis
1565 1131 1734 1164 sexcentis
1762 1131 1864 1164 toties
1889 1131 1996 1174 impia
2014 1130 2102 1162 bella

1124 1181 1297 1215 excitavit.
1349 1181 1549 1214 Videndum
1569 1188 1617 1214 est
1634 1188 1749 1214 autem
1767 1182 1802 1214 in
1819 1182 1975 1227 qualibet
1992 1188 2103 1225 parte,

1125 1232 1185 1277 qui
1204 1244 1284 1264 vere
1301 1232 1371 1265 sint
1387 1238 1527 1265 autores
1546 1233 1804 1267 scandalorum.
1857 1233 1920 1266 His
1941 1232 2104 1265 omnibus

1125 1282 1353 1315 concionatur
1363 1280 1520 1315 Christus
1531 1281 1674 1327 (Mauh.
1694 1284 1751 1323 18,
1768 1283 1837 1329 7.);
1864 1283 1938 1316 Vae
1954 1281 2104 1320 homini,

1124 1345 1187 1376 per
1206 1345 1310 1377 quem
1328 1333 1425 1364 venit
1440 1333 1655 1366 scandalum.
1710 1333 1761 1365 lbi
1783 1340 1900 1367 autem
1926 1334 2103 1378 principes

1125 1389 1264 1415 autores
1290 1389 1371 1415 sunt
1396 1384 1663 1423 scandalorum,
1696 1385 1757 1417 ubi
1782 1384 1876 1428 piam
1905 1385 2101 1418 doctrinam

1124 1433 1315 1477 propagari
1332 1439 1466 1472 vetant,
1495 1434 1687 1466 defendunt
1706 1434 1963 1475 idololatriam,
1998 1447 2103 1477 vagas

1123 1483 1288 1516 libidines
1302 1484 1523 1516 sacerdotum
1535 1510 1544 1523 ,
1572 1490 1605 1516 et
1622 1485 1688 1517 alia
1707 1485 1848 1519 scelera.
2052 1476 2059 1479 A

1224 1533 1400 1567 Hactenus
1431 1534 1586 1568 rationes
1623 1542 1700 1567 octo
1735 1548 1876 1578 graves,
1920 1536 2038 1569 firmas
2073 1543 2101 1568 et

1124 1596 1225 1618 veras
1242 1585 1420 1625 recensui,
1449 1598 1537 1630 quae
1555 1585 1631 1629 pios
1655 1588 1884 1627 confirmant,
1912 1588 1972 1632 qui
1987 1586 2103 1620 Eccle-

1125 1636 1192 1669 sias
1209 1636 1409 1676 emendant,
1427 1642 1461 1668 et
1475 1637 1602 1669 merito
1618 1637 1792 1670 debebant
1806 1650 1949 1671 movere
1967 1638 2105 1682 aliquos

1124 1686 1392 1726 moderatiores,
1406 1693 1445 1719 ut
1461 1687 1613 1720 officium
1634 1688 1669 1720 in
1684 1686 1749 1720 liae
1766 1701 1803 1721 re
1819 1702 1919 1722 suum
1939 1690 2104 1721 facerent.

1125 1735 1345 1781 Blasphemis
1361 1739 1490 1770 frustra
1507 1739 1777 1780 concionamur,
1805 1741 1864 1773 sed
1889 1747 2006 1773 tamen
2024 1752 2103 1783 pro-

1126 1788 1212 1833 poni
1236 1788 1284 1821 eis
1306 1789 1472 1821 mandata
1498 1787 1628 1822 Christi
1658 1791 1805 1829 debent,
1838 1797 1878 1823 ut
1907 1791 2103 1833 intelligant

1127 1840 1322 1883 improbari
1351 1852 1452 1872 suum
1476 1840 1644 1874 furorem.
1705 1840 1842 1874 Addam
1867 1854 1978 1874 unum
2003 1854 2104 1883 argu·

1127 1897 1286 1923 mentum
1301 1890 1493 1923 moderatis
1511 1891 1659 1934 ingeniis
1677 1892 1983 1926 considerandum.

1228 1941 1323 1974 Deus
1346 1942 1510 1981 mandat,
1538 1948 1576 1974 ut
1599 1954 1783 1986 precemur
1804 1955 1868 1987 pro
1887 1944 2038 1988 polinis,
2073 1950 2102 1975 ct

1129 1992 1329 2025 conservari
1345 2004 1402 2025 eas
1419 2004 1569 2026 oremuS.
1621 1992 1684 2026 Est
1700 1993 1791 2025 enim
1811 1994 1986 2037 singulare
2002 1995 2105 2027 bene-

1130 2044 1245 2077 ficium
1267 2042 1334 2075 Dei
1358 2041 1443 2075 haec
1474 2043 1582 2076 civilis
1612 2044 1691 2090 wita]
1713 2042 1951 2088 pulcherrimo
1983 2046 2106 2078 ordine

1131 2094 1342 2134 consociata,
1358 2094 1395 2126 111
1413 2107 1482 2139 (1110
1499 2095 1615 2127 lucent
1636 2095 1776 2129 bonitas
1797 2102 1829 2128 01
1845 2096 2014 2140 sapientia
2028 2096 2106 2129 Dei.

1129 2145 1175 2178 Et
1197 2145 1273 2178 vult
1295 2144 1390 2178 Dens
1419 2145 1560 2188 politias
1587 2146 1732 2179 existere
1754 2153 1900 2191 propter
1922 2147 2105 2180 Ecclesias.

1130 2197 1202 2229 Has
1229 2208 1349 2229 causas
1374 2195 1449 2228 Deo
1477 2196 1628 2239 allegant
1657 2197 1735 2240 piae
1759 2204 1893 2231 mentes
1924 2198 1961 2230 in
1986 2210 2106 2241 preca-

1131 2248 1245 2286 tione,
1272 2253 1312 2279 ut
1327 2246 1421 2280 Deus
1444 2246 1522 2279 ideo
1547 2254 1729 2281 conservet
1751 2248 1909 2291 politias,
1935 2249 2016 2294 qnia
2035 2249 2107 2281 eius

1130 2297 1301 2342 sapientia
1320 2297 1527 2330 constitutae
1549 2305 1640 2332 sunt.
1694 2297 1800 2338 ltern,
1834 2299 1915 2343 qnia
1941 2300 2107 2333 adiuvent

1132 2356 1166 2381 et
1183 2348 1373 2381 defendant
1387 2348 1570 2388 Ecclesias,
1587 2356 1617 2381 et
1637 2350 1820 2382 conserant
1836 2362 1935 2383 suum
1954 2351 2105 2383 officium

1132 2401 1175 2432 ad
1193 2399 1340 2444 gloriam
1359 2397 1499 2433 Christi.

1231 2450 1422 2494 Quomodo
1441 2457 1556 2483 autem
1576 2462 1640 2494 pro
1660 2450 1699 2483 iis
1717 2449 2108 2496 politiisrogaripotest,

1133 2513 1282 2546 quarum
1312 2498 1367 2532 hic
1390 2501 1599 2544 praecipuus
1624 2507 1675 2533 est
1703 2513 1846 2544 scopus,
1881 2509 1919 2535 ut
1947 2504 2106 2536 aboleant

1133 2550 2110 2592 Christidoctrinam,etnumen,utlicclosiasfunditasffi)

1165 2653 1211 2680 54)
1232 2651 1308 2674 conf.
1330 2650 1427 2673 Ezech.
1448 2649 1497 2677 33,
1515 2649 1540 2672 9.

1164 2687 1210 2712 55)
1230 2685 1366 2712 funditus]
1391 2684 1429 2706 sic
1447 2684 1494 2706 Ed.
1520 2683 1607 2712 pecul.
1636 2683 1708 2707 1540.
1737 2686 1764 2707 et
1783 2684 1830 2708 Ed.
1850 2685 1920 2714 Epir.
1949 2686 2037 2710 ¹546st
2064 2688 2110 2711 w.

1200 2719 1284 2749 pecul.
1305 2719 1379 2745 15:52³.
1399 2719 1424 2742 et
1443 2718 1490 2741 Ed.
1514 2717 1583 2746 Epit,
1606 2718 1677 2742 low.
1699 2722 1809 2750 typogr.
1830 2725 1938 2743 errore:
1959 2721 2087 2745 funditas.
