<?xml version="1.0" encoding="UTF-8"?>
<!DOCTYPE html PUBLIC "-//W3C//DTD XHTML 1.0 Transitional//EN"
    "http://www.w3.org/TR/xhtml1/DTD/xhtml1-transitional.dtd">
<html xmlns="http://www.w3.org/1999/xhtml" xml:lang="en" lang="en">
 <head>
  <title>
</title>
<meta http-equiv="Content-Type" content="text/html;charset=utf-8" />
  <meta name='ocr-system' content='tesseract 3.04.00' />
  <meta name='ocr-capabilities' content='ocr_page ocr_carea ocr_par ocr_line ocrx_word'/>
</head>
<body>
  <div class='ocr_page' id='page_1' title='image "./operaquaesupersu16melauoft/operaquaesupersu16melauoft_0289.png"; bbox 0 0 2347 3000; ppageno 0'>
   <div class='ocr_carea' id='block_1_1' title="bbox 70 140 583 177">
    <p class='ocr_par' dir='ltr' id='par_1_1' title="bbox 70 140 583 177">
     <span class='ocr_line' id='line_1_1' title="bbox 70 140 583 177; baseline -0.002 -1"><span class='ocrx_word' id='word_1_1' title='bbox 70 141 143 177; x_wconf 82' lang='lat'>549</span> <span class='ocrx_word' id='word_1_2' title='bbox 559 140 583 175; x_wconf 92' lang='lat' dir='ltr'>l.</span> 
     </span>
    </p>
   </div>
   <div class='ocr_carea' id='block_1_2' title="bbox 64 223 1049 475">
    <p class='ocr_par' dir='ltr' id='par_1_2' title="bbox 64 223 1049 475">
     <span class='ocr_line' id='line_1_2' title="bbox 66 223 1049 272; baseline -0.004 -10"><span class='ocrx_word' id='word_1_3' title='bbox 66 228 137 262; x_wconf 90' lang='lat' dir='ltr'>suis</span> <span class='ocrx_word' id='word_1_4' title='bbox 154 226 212 272; x_wconf 67' lang='lat'>2⁰).</span> <span class='ocrx_word' id='word_1_5' title='bbox 272 227 399 260; x_wconf 85' lang='lat' dir='ltr'>Postea</span> <span class='ocrx_word' id='word_1_6' title='bbox 420 225 551 271; x_wconf 89' lang='lat' dir='ltr'>inquit:</span> <span class='ocrx_word' id='word_1_7' title='bbox 584 223 682 260; x_wconf 83' lang='lat' dir='ltr'>Nihil</span> <span class='ocrx_word' id='word_1_8' title='bbox 705 232 756 259; x_wconf 82' lang='lat' dir='ltr'>est</span> <span class='ocrx_word' id='word_1_9' title='bbox 778 226 964 270; x_wconf 87' lang='lat' dir='ltr'>proprium</span> <span class='ocrx_word' id='word_1_10' title='bbox 989 238 1049 259; x_wconf 86' lang='lat' dir='ltr'>na-</span> 
     </span>
     <span class='ocr_line' id='line_1_3' title="bbox 67 276 1049 323; baseline -0.002 -12"><span class='ocrx_word' id='word_1_11' title='bbox 67 285 145 312; x_wconf 86' lang='lat' dir='ltr'>tura</span> <span class='ocrx_word' id='word_1_12' title='bbox 158 278 224 323; x_wconf 70' lang='lat'>²⁷),</span> <span class='ocrx_word' id='word_1_13' title='bbox 251 278 287 311; x_wconf 92' lang='lat' dir='ltr'>id</span> <span class='ocrx_word' id='word_1_14' title='bbox 304 290 377 311; x_wconf 89' lang='lat' dir='ltr'>non</span> <span class='ocrx_word' id='word_1_15' title='bbox 399 283 450 310; x_wconf 89' lang='lat' dir='ltr'>est</span> <span class='ocrx_word' id='word_1_16' title='bbox 467 283 558 309; x_wconf 90' lang='lat' dir='ltr'>recte</span> <span class='ocrx_word' id='word_1_17' title='bbox 576 277 722 311; x_wconf 83' lang='lat' dir='ltr'>dictum.</span> <span class='ocrx_word' id='word_1_18' title='bbox 775 278 866 311; x_wconf 80' lang='lat' dir='ltr'>Nam</span> <span class='ocrx_word' id='word_1_19' title='bbox 890 276 1049 311; x_wconf 81' lang='lat' dir='ltr'>haeredi-</span> 
     </span>
     <span class='ocr_line' id='line_1_4' title="bbox 67 327 1049 372; baseline -0.003 -9"><span class='ocrx_word' id='word_1_20' title='bbox 67 336 118 363; x_wconf 83' lang='lat' dir='ltr'>tas</span> <span class='ocrx_word' id='word_1_21' title='bbox 135 329 210 362; x_wconf 86' lang='lat' dir='ltr'>iure</span> <span class='ocrx_word' id='word_1_22' title='bbox 228 335 374 361; x_wconf 87' lang='lat' dir='ltr'>naturae</span> <span class='ocrx_word' id='word_1_23' title='bbox 392 334 425 360; x_wconf 92' lang='lat' dir='ltr'>et</span> <span class='ocrx_word' id='word_1_24' title='bbox 443 327 564 360; x_wconf 74' lang='lat' dir='ltr'>divino</span> <span class='ocrx_word' id='word_1_25' title='bbox 584 334 634 361; x_wconf 87' lang='lat' dir='ltr'>est</span> <span class='ocrx_word' id='word_1_26' title='bbox 651 328 795 372; x_wconf 85' lang='lat' dir='ltr'>propria</span> <span class='ocrx_word' id='word_1_27' title='bbox 815 330 957 363; x_wconf 85' lang='lat' dir='ltr'>sobolis.</span> <span class='ocrx_word' id='word_1_28' title='bbox 1001 329 1049 361; x_wconf 74' lang='lat' dir='ltr'>Ac</span> 
     </span>
     <span class='ocr_line' id='line_1_5' title="bbox 64 379 1046 424; baseline -0.002 -11"><span class='ocrx_word' id='word_1_29' title='bbox 64 380 184 424; x_wconf 82' lang='lat' dir='ltr'>regula</span> <span class='ocrx_word' id='word_1_30' title='bbox 213 380 362 412; x_wconf 84' lang='lat' dir='ltr'>tenenda</span> <span class='ocrx_word' id='word_1_31' title='bbox 391 385 458 418; x_wconf 89' lang='lat' dir='ltr'>est,</span> <span class='ocrx_word' id='word_1_32' title='bbox 507 379 769 412; x_wconf 75' lang='lat' dir='ltr'>distinctionem</span> <span class='ocrx_word' id='word_1_33' title='bbox 803 381 1046 413; x_wconf 80' lang='lat' dir='ltr'>dominiorum</span> 
     </span>
     <span class='ocr_line' id='line_1_6' title="bbox 64 429 1047 475; baseline -0.003 -10"><span class='ocrx_word' id='word_1_34' title='bbox 64 444 137 465; x_wconf 85' lang='lat' dir='ltr'>esse</span> <span class='ocrx_word' id='word_1_35' title='bbox 170 430 255 464; x_wconf 89' lang='lat' dir='ltr'>iuris</span> <span class='ocrx_word' id='word_1_36' title='bbox 285 429 417 469; x_wconf 75' lang='lat' dir='ltr'>divini,</span> <span class='ocrx_word' id='word_1_37' title='bbox 461 430 543 475; x_wconf 86' lang='lat' dir='ltr'>quia</span> <span class='ocrx_word' id='word_1_38' title='bbox 570 437 798 474; x_wconf 84' lang='lat' dir='ltr'>praeceptum</span> <span class='ocrx_word' id='word_1_39' title='bbox 823 432 924 464; x_wconf 86' lang='lat' dir='ltr'>dicit:</span> <span class='ocrx_word' id='word_1_40' title='bbox 967 431 1047 464; x_wconf 66' lang='lat' dir='ltr'>Non</span> 
     </span>
    </p>
   </div>
   <div class='ocr_carea' id='block_1_3' title="bbox 62 480 1061 525">
    <p class='ocr_par' dir='ltr' id='par_1_3' title="bbox 62 480 1061 525">
     <span class='ocr_line' id='line_1_7' title="bbox 62 480 1061 525; baseline -0.001 -11"><span class='ocrx_word' id='word_1_41' title='bbox 62 484 194 515; x_wconf 85' lang='lat' dir='ltr'>furtum</span> <span class='ocrx_word' id='word_1_42' title='bbox 218 480 342 520; x_wconf 81' lang='lat' dir='ltr'>facies,</span> <span class='ocrx_word' id='word_1_43' title='bbox 378 480 550 524; x_wconf 81' lang='lat' dir='ltr'>significat</span> <span class='ocrx_word' id='word_1_44' title='bbox 576 481 682 525; x_wconf 77' lang='lat' dir='ltr'>igitur</span> <span class='ocrx_word' id='word_1_45' title='bbox 703 482 798 515; x_wconf 87' lang='lat' dir='ltr'>Deus</span> <span class='ocrx_word' id='word_1_46' title='bbox 822 484 911 515; x_wconf 81' lang='lat' dir='ltr'>velle</span> <span class='ocrx_word' id='word_1_47' title='bbox 935 495 970 515; x_wconf 89' lang='lat' dir='ltr'>sc</span> <span class='ocrx_word' id='word_1_48' title='bbox 998 482 1061 520; x_wconf 73' lang='lat' dir='ltr'>‹ii-,</span> 
     </span>
    </p>
   </div>
   <div class='ocr_carea' id='block_1_4' title="bbox 60 531 1048 769">
    <p class='ocr_par' dir='ltr' id='par_1_4' title="bbox 60 531 1048 769">
     <span class='ocr_line' id='line_1_8' title="bbox 63 531 1048 578; baseline -0.001 -13"><span class='ocrx_word' id='word_1_49' title='bbox 63 532 284 566; x_wconf 88' lang='lat' dir='ltr'>stinctionem</span> <span class='ocrx_word' id='word_1_50' title='bbox 310 531 565 565; x_wconf 83' lang='lat' dir='ltr'>dominiorum.</span> <span class='ocrx_word' id='word_1_51' title='bbox 617 532 662 565; x_wconf 81' lang='lat' dir='ltr'>Et</span> <span class='ocrx_word' id='word_1_52' title='bbox 688 533 829 578; x_wconf 80' lang='lat' dir='ltr'>quidem</span> <span class='ocrx_word' id='word_1_53' title='bbox 859 531 925 565; x_wconf 88' lang='lat' dir='ltr'>hoc</span> <span class='ocrx_word' id='word_1_54' title='bbox 949 545 1048 576; x_wconf 86' lang='lat' dir='ltr'>prae-</span> 
     </span>
     <span class='ocr_line' id='line_1_9' title="bbox 61 583 1048 627; baseline 0 -12"><span class='ocrx_word' id='word_1_55' title='bbox 61 589 161 626; x_wconf 88' lang='lat' dir='ltr'>cepto</span> <span class='ocrx_word' id='word_1_56' title='bbox 193 588 363 627; x_wconf 87' lang='lat' dir='ltr'>tanquam</span> <span class='ocrx_word' id='word_1_57' title='bbox 397 596 500 616; x_wconf 89' lang='lat' dir='ltr'>muro</span> <span class='ocrx_word' id='word_1_58' title='bbox 534 583 754 627; x_wconf 81' lang='lat' dir='ltr'>singulorum</span> <span class='ocrx_word' id='word_1_59' title='bbox 785 585 910 616; x_wconf 90' lang='lat' dir='ltr'>domus</span> <span class='ocrx_word' id='word_1_60' title='bbox 937 590 969 615; x_wconf 89' lang='lat' dir='ltr'>ct</span> <span class='ocrx_word' id='word_1_61' title='bbox 994 596 1048 615; x_wconf 83' lang='lat' dir='ltr'>res</span> 
     </span>
     <span class='ocr_line' id='line_1_10' title="bbox 61 632 1047 667; baseline 0 -2"><span class='ocrx_word' id='word_1_62' title='bbox 61 632 224 667; x_wconf 69' lang='lat' dir='ltr'>munivit.</span> <span class='ocrx_word' id='word_1_63' title='bbox 277 632 360 666; x_wconf 84' lang='lat' dir='ltr'>ldeo</span> <span class='ocrx_word' id='word_1_64' title='bbox 381 646 455 666; x_wconf 89' lang='lat' dir='ltr'>non</span> <span class='ocrx_word' id='word_1_65' title='bbox 471 641 562 667; x_wconf 88' lang='lat' dir='ltr'>recte</span> <span class='ocrx_word' id='word_1_66' title='bbox 584 634 712 667; x_wconf 87' lang='lat' dir='ltr'>dicitur</span> <span class='ocrx_word' id='word_1_67' title='bbox 728 635 803 667; x_wconf 89' lang='lat' dir='ltr'>iure</span> <span class='ocrx_word' id='word_1_68' title='bbox 821 635 942 666; x_wconf 65' lang='lat' dir='ltr'>divino</span> <span class='ocrx_word' id='word_1_69' title='bbox 960 632 1047 666; x_wconf 83' lang='lat' dir='ltr'>nihil</span> 
     </span>
     <span class='ocr_line' id='line_1_11' title="bbox 60 684 1047 729; baseline 0 -12"><span class='ocrx_word' id='word_1_70' title='bbox 60 690 110 717; x_wconf 83' lang='lat' dir='ltr'>est</span> <span class='ocrx_word' id='word_1_71' title='bbox 133 684 331 728; x_wconf 85' lang='lat' dir='ltr'>proprium.</span> <span class='ocrx_word' id='word_1_72' title='bbox 400 685 444 718; x_wconf 81' lang='lat' dir='ltr'>Et</span> <span class='ocrx_word' id='word_1_73' title='bbox 468 686 623 718; x_wconf 74' lang='lat' dir='ltr'>discatur</span> <span class='ocrx_word' id='word_1_74' title='bbox 647 685 831 729; x_wconf 67' lang='lat' dir='ltr'>explicatio</span> <span class='ocrx_word' id='word_1_75' title='bbox 861 697 1047 729; x_wconf 82' lang='lat' dir='ltr'>argumen-</span> 
     </span>
     <span class='ocr_line' id='line_1_12' title="bbox 61 741 192 769; baseline 0.008 -2"><span class='ocrx_word' id='word_1_76' title='bbox 61 741 192 769; x_wconf 88' lang='lat' dir='ltr'>torum.</span> 
     </span>
    </p>
   </div>
   <div class='ocr_carea' id='block_1_5' title="bbox 274 827 822 871">
    <p class='ocr_par' dir='ltr' id='par_1_5' title="bbox 274 827 822 871">
     <span class='ocr_line' id='line_1_13' title="bbox 274 827 822 871; baseline 0 -10"><span class='ocrx_word' id='word_1_77' title='bbox 274 827 470 861; x_wconf 89' lang='lat' dir='ltr'>Primum</span> <span class='ocrx_word' id='word_1_78' title='bbox 499 834 822 871; x_wconf 79' lang='lat' dir='ltr'><strong>argumentum.</strong></span> 
     </span>
    </p>
   </div>
   <div class='ocr_carea' id='block_1_6' title="bbox 108 894 813 1039">
    <p class='ocr_par' dir='ltr' id='par_1_6' title="bbox 108 894 813 1039">
     <span class='ocr_line' id='line_1_14' title="bbox 110 894 659 929; baseline -0.002 0"><span class='ocrx_word' id='word_1_79' title='bbox 110 895 295 929; x_wconf 70' lang='lat' dir='ltr'>Naturalia</span> <span class='ocrx_word' id='word_1_80' title='bbox 312 900 394 928; x_wconf 87' lang='lat' dir='ltr'>sunt</span> <span class='ocrx_word' id='word_1_81' title='bbox 410 894 659 928; x_wconf 73' lang='lat' dir='ltr'>immutabilia.</span> 
     </span>
     <span class='ocr_line' id='line_1_15' title="bbox 111 945 813 979; baseline 0.001 -1"><span class='ocrx_word' id='word_1_82' title='bbox 111 945 325 979; x_wconf 91' lang='lat' dir='ltr'>Communio</span> <span class='ocrx_word' id='word_1_83' title='bbox 343 957 463 977; x_wconf 86' lang='lat' dir='ltr'>rerum</span> <span class='ocrx_word' id='word_1_84' title='bbox 481 951 531 978; x_wconf 91' lang='lat' dir='ltr'>est</span> <span class='ocrx_word' id='word_1_85' title='bbox 548 945 634 979; x_wconf 89' lang='lat' dir='ltr'>iuris</span> <span class='ocrx_word' id='word_1_86' title='bbox 651 951 813 979; x_wconf 88' lang='lat' dir='ltr'>naturae.</span> 
     </span>
     <span class='ocr_line' id='line_1_16' title="bbox 108 996 534 1039; baseline 0 -10"><span class='ocrx_word' id='word_1_87' title='bbox 108 996 202 1039; x_wconf 82' lang='lat' dir='ltr'>Ergo</span> <span class='ocrx_word' id='word_1_88' title='bbox 221 1003 271 1029; x_wconf 88' lang='lat' dir='ltr'>est</span> <span class='ocrx_word' id='word_1_89' title='bbox 292 996 534 1029; x_wconf 84' lang='lat' dir='ltr'>immutabilis.</span> 
     </span>
    </p>
   </div>
   <div class='ocr_carea' id='block_1_7' title="bbox 159 1047 1045 1091">
    <p class='ocr_par' dir='ltr' id='par_1_7' title="bbox 159 1047 1045 1091">
     <span class='ocr_line' id='line_1_17' title="bbox 159 1047 1045 1091; baseline -0.001 -12"><span class='ocrx_word' id='word_1_90' title='bbox 159 1047 373 1091; x_wconf 78' lang='lat' dir='ltr'>Respondeo</span> <span class='ocrx_word' id='word_1_91' title='bbox 409 1048 452 1080; x_wconf 88' lang='lat' dir='ltr'>ad</span> <span class='ocrx_word' id='word_1_92' title='bbox 491 1047 687 1080; x_wconf 88' lang='lat' dir='ltr'>maiorem:</span> <span class='ocrx_word' id='word_1_93' title='bbox 740 1047 924 1081; x_wconf 79' lang='lat' dir='ltr'>Naturalia</span> <span class='ocrx_word' id='word_1_94' title='bbox 965 1052 1045 1080; x_wconf 91' lang='lat' dir='ltr'>sunt</span> 
     </span>
    </p>
   </div>
   <div class='ocr_carea' id='block_1_8' title="bbox 57 1098 1074 1143">
    <p class='ocr_par' dir='ltr' id='par_1_8' title="bbox 57 1098 1074 1143">
     <span class='ocr_line' id='line_1_18' title="bbox 57 1098 1074 1143; baseline -0.001 -13"><span class='ocrx_word' id='word_1_95' title='bbox 57 1098 313 1138; x_wconf 84' lang='lat' dir='ltr'>immutabilia,</span> <span class='ocrx_word' id='word_1_96' title='bbox 341 1098 503 1131; x_wconf 68' lang='lat' dir='ltr'>videlicet</span> <span class='ocrx_word' id='word_1_97' title='bbox 524 1098 691 1139; x_wconf 85' lang='lat' dir='ltr'>notitiae,</span> <span class='ocrx_word' id='word_1_98' title='bbox 719 1111 810 1143; x_wconf 87' lang='lat' dir='ltr'>quae</span> <span class='ocrx_word' id='word_1_99' title='bbox 836 1104 917 1131; x_wconf 87' lang='lat' dir='ltr'>sunt</span> <span class='ocrx_word' id='word_1_100' title='bbox 946 1110 1046 1141; x_wconf 84' lang='lat' dir='ltr'>prae·</span> <span class='ocrx_word' id='word_1_101' title='bbox 1070 1119 1074 1121; x_wconf 78' lang='grc'><strong>-</strong></span> 
     </span>
    </p>
   </div>
   <div class='ocr_carea' id='block_1_9' title="bbox 12 1149 1047 1796">
    <p class='ocr_par' dir='ltr' id='par_1_9' title="bbox 56 1149 1047 1551">
     <span class='ocr_line' id='line_1_19' title="bbox 57 1149 1044 1193; baseline 0 -12"><span class='ocrx_word' id='word_1_102' title='bbox 57 1155 176 1193; x_wconf 86' lang='lat' dir='ltr'>cepta,</span> <span class='ocrx_word' id='word_1_103' title='bbox 221 1155 260 1181; x_wconf 88' lang='lat' dir='ltr'>ut</span> <span class='ocrx_word' id='word_1_104' title='bbox 292 1149 418 1182; x_wconf 88' lang='lat' dir='ltr'>notitia</span> <span class='ocrx_word' id='word_1_105' title='bbox 451 1162 683 1182; x_wconf 87' lang='lat' dir='ltr'>numerorum</span> <span class='ocrx_word' id='word_1_106' title='bbox 714 1156 764 1182; x_wconf 88' lang='lat' dir='ltr'>est</span> <span class='ocrx_word' id='word_1_107' title='bbox 796 1149 1044 1182; x_wconf 82' lang='lat' dir='ltr'>immutabilis:</span> 
     </span>
     <span class='ocr_line' id='line_1_20' title="bbox 60 1200 1045 1244; baseline -0.002 -10"><span class='ocrx_word' id='word_1_108' title='bbox 60 1200 108 1234; x_wconf 81' lang='lat' dir='ltr'>sic</span> <span class='ocrx_word' id='word_1_109' title='bbox 125 1200 358 1233; x_wconf 83' lang='lat' dir='ltr'>immutabilia</span> <span class='ocrx_word' id='word_1_110' title='bbox 376 1206 458 1234; x_wconf 87' lang='lat' dir='ltr'>sunt</span> <span class='ocrx_word' id='word_1_111' title='bbox 475 1207 663 1244; x_wconf 84' lang='lat' dir='ltr'>praecepta</span> <span class='ocrx_word' id='word_1_112' title='bbox 682 1201 850 1233; x_wconf 85' lang='lat' dir='ltr'>moralia:</span> <span class='ocrx_word' id='word_1_113' title='bbox 886 1201 1045 1243; x_wconf 76' lang='lat' dir='ltr'><strong>Agnosce</strong></span> 
     </span>
     <span class='ocr_line' id='line_1_21' title="bbox 58 1251 1046 1295; baseline -0.001 -12"><span class='ocrx_word' id='word_1_114' title='bbox 58 1257 92 1284; x_wconf 88' lang='lat' dir='ltr'>et</span> <span class='ocrx_word' id='word_1_115' title='bbox 114 1251 238 1283; x_wconf 75' lang='lat' dir='ltr'>invoca</span> <span class='ocrx_word' id='word_1_116' title='bbox 265 1263 389 1284; x_wconf 70' lang='lat' dir='ltr'>verum</span> <span class='ocrx_word' id='word_1_117' title='bbox 408 1251 544 1290; x_wconf 88' lang='lat' dir='ltr'>Deum,</span> <span class='ocrx_word' id='word_1_118' title='bbox 577 1251 724 1284; x_wconf 85' lang='lat' dir='ltr'>Honora</span> <span class='ocrx_word' id='word_1_119' title='bbox 749 1257 934 1295; x_wconf 79' lang='lat' dir='ltr'>parentes,</span> <span class='ocrx_word' id='word_1_120' title='bbox 965 1252 1046 1284; x_wconf 68' lang='lat' dir='ltr'>Non</span> 
     </span>
     <span class='ocr_line' id='line_1_22' title="bbox 59 1300 1046 1342; baseline 0 -8"><span class='ocrx_word' id='word_1_121' title='bbox 59 1302 214 1341; x_wconf 85' lang='lat' dir='ltr'>occides,</span> <span class='ocrx_word' id='word_1_122' title='bbox 259 1302 340 1335; x_wconf 79' lang='lat' dir='ltr'>Non</span> <span class='ocrx_word' id='word_1_123' title='bbox 362 1300 625 1342; x_wconf 85' lang='lat' dir='ltr'>moechaberis,</span> <span class='ocrx_word' id='word_1_124' title='bbox 665 1302 747 1336; x_wconf 61' lang='lat' dir='ltr'>Non</span> <span class='ocrx_word' id='word_1_125' title='bbox 772 1303 904 1335; x_wconf 78' lang='lat' dir='ltr'>furtum</span> <span class='ocrx_word' id='word_1_126' title='bbox 930 1302 1046 1341; x_wconf 78' lang='lat' dir='ltr'>facies,</span> 
     </span>
     <span class='ocr_line' id='line_1_23' title="bbox 56 1353 1046 1387; baseline -0.002 0"><span class='ocrx_word' id='word_1_127' title='bbox 56 1353 139 1387; x_wconf 71' lang='lat' dir='ltr'>Non</span> <span class='ocrx_word' id='word_1_128' title='bbox 157 1353 250 1386; x_wconf 85' lang='lat' dir='ltr'>dices</span> <span class='ocrx_word' id='word_1_129' title='bbox 265 1354 390 1387; x_wconf 84' lang='lat' dir='ltr'>falsum</span> <span class='ocrx_word' id='word_1_130' title='bbox 409 1353 650 1386; x_wconf 88' lang='lat' dir='ltr'>testimonium</span> <span class='ocrx_word' id='word_1_131' title='bbox 669 1360 732 1387; x_wconf 88' lang='lat' dir='ltr'>etc.</span> <span class='ocrx_word' id='word_1_132' title='bbox 783 1353 851 1386; x_wconf 85' lang='lat' dir='ltr'>Scd</span> <span class='ocrx_word' id='word_1_133' title='bbox 868 1353 962 1385; x_wconf 87' lang='lat' dir='ltr'>bona</span> <span class='ocrx_word' id='word_1_134' title='bbox 979 1353 1046 1386; x_wconf 85' lang='lat' dir='ltr'>uti-</span> 
     </span>
     <span class='ocr_line' id='line_1_24' title="bbox 57 1404 1047 1450; baseline 0 -14"><span class='ocrx_word' id='word_1_135' title='bbox 57 1404 104 1436; x_wconf 89' lang='lat' dir='ltr'>lia</span> <span class='ocrx_word' id='word_1_136' title='bbox 123 1411 204 1437; x_wconf 91' lang='lat' dir='ltr'>sunt</span> <span class='ocrx_word' id='word_1_137' title='bbox 231 1404 432 1444; x_wconf 82' lang='lat' dir='ltr'>mutabilia,</span> <span class='ocrx_word' id='word_1_138' title='bbox 466 1411 505 1438; x_wconf 91' lang='lat' dir='ltr'>ut</span> <span class='ocrx_word' id='word_1_139' title='bbox 530 1416 735 1450; x_wconf 78' lang='lat' dir='ltr'>quanquam</span> <span class='ocrx_word' id='word_1_140' title='bbox 759 1404 807 1437; x_wconf 90' lang='lat' dir='ltr'>sic</span> <span class='ocrx_word' id='word_1_141' title='bbox 833 1404 973 1437; x_wconf 88' lang='lat' dir='ltr'>condita</span> <span class='ocrx_word' id='word_1_142' title='bbox 996 1410 1047 1436; x_wconf 85' lang='lat' dir='ltr'>est</span> 
     </span>
     <span class='ocr_line' id='line_1_25' title="bbox 58 1453 1045 1495; baseline 0 -8"><span class='ocrx_word' id='word_1_143' title='bbox 58 1461 185 1488; x_wconf 88' lang='lat' dir='ltr'>natura</span> <span class='ocrx_word' id='word_1_144' title='bbox 215 1453 390 1495; x_wconf 87' lang='lat' dir='ltr'>hominis,</span> <span class='ocrx_word' id='word_1_145' title='bbox 430 1462 469 1489; x_wconf 92' lang='lat' dir='ltr'>ut</span> <span class='ocrx_word' id='word_1_146' title='bbox 487 1456 661 1491; x_wconf 59' lang='lat' dir='ltr'>,retineret</span> <span class='ocrx_word' id='word_1_147' title='bbox 686 1455 815 1495; x_wconf 63' lang='lat' dir='ltr'>xitam,</span> <span class='ocrx_word' id='word_1_148' title='bbox 857 1455 1045 1488; x_wconf 89' lang='lat' dir='ltr'>sanitatem</span> 
     </span>
     <span class='ocr_line' id='line_1_26' title="bbox 59 1504 1045 1551; baseline 0 -13"><span class='ocrx_word' id='word_1_149' title='bbox 59 1506 217 1550; x_wconf 84' lang='lat' dir='ltr'>corporis</span> <span class='ocrx_word' id='word_1_150' title='bbox 251 1512 284 1538; x_wconf 85' lang='lat' dir='ltr'>et</span> <span class='ocrx_word' id='word_1_151' title='bbox 318 1512 436 1539; x_wconf 88' lang='lat' dir='ltr'>tamen</span> <span class='ocrx_word' id='word_1_152' title='bbox 468 1504 552 1539; x_wconf 87' lang='lat' dir='ltr'>haec</span> <span class='ocrx_word' id='word_1_153' title='bbox 576 1507 670 1539; x_wconf 90' lang='lat' dir='ltr'>bona</span> <span class='ocrx_word' id='word_1_154' title='bbox 694 1512 841 1551; x_wconf 86' lang='lat' dir='ltr'>propter</span> <span class='ocrx_word' id='word_1_155' title='bbox 862 1513 1045 1550; x_wconf 87' lang='lat' dir='ltr'>peccatum</span> 
     </span>
    </p>

    <p class='ocr_par' dir='ltr' id='par_1_10' title="bbox 12 1558 1046 1796">
     <span class='ocr_line' id='line_1_27' title="bbox 58 1558 1046 1601; baseline 0 -12"><span class='ocrx_word' id='word_1_156' title='bbox 58 1564 179 1601; x_wconf 84' lang='lat' dir='ltr'>postea</span> <span class='ocrx_word' id='word_1_157' title='bbox 206 1563 341 1590; x_wconf 88' lang='lat' dir='ltr'>mutata</span> <span class='ocrx_word' id='word_1_158' title='bbox 378 1564 470 1592; x_wconf 82' lang='lat' dir='ltr'>sunt.</span> <span class='ocrx_word' id='word_1_159' title='bbox 537 1558 593 1591; x_wconf 86' lang='lat' dir='ltr'>Sic</span> <span class='ocrx_word' id='word_1_160' title='bbox 628 1558 774 1591; x_wconf 82' lang='lat' dir='ltr'>facultas</span> <span class='ocrx_word' id='word_1_161' title='bbox 810 1559 1046 1591; x_wconf 84' lang='lat' dir='ltr'>communiter</span> 
     </span>
     <span class='ocr_line' id='line_1_28' title="bbox 12 1603 1044 1653; baseline 0 -13"><span class='ocrx_word' id='word_1_162' title='bbox 12 1603 14 1605; x_wconf 43' lang='grc'>’</span> <span class='ocrx_word' id='word_1_163' title='bbox 57 1609 178 1641; x_wconf 86' lang='lat' dir='ltr'>utendi</span> <span class='ocrx_word' id='word_1_164' title='bbox 196 1609 317 1648; x_wconf 82' lang='lat' dir='ltr'>rebus,</span> <span class='ocrx_word' id='word_1_165' title='bbox 344 1609 463 1642; x_wconf 85' lang='lat' dir='ltr'>suisset</span> <span class='ocrx_word' id='word_1_166' title='bbox 478 1609 612 1642; x_wconf 88' lang='lat' dir='ltr'>bonum</span> <span class='ocrx_word' id='word_1_167' title='bbox 628 1609 732 1648; x_wconf 86' lang='lat' dir='ltr'>utile,</span> <span class='ocrx_word' id='word_1_168' title='bbox 756 1609 851 1653; x_wconf 89' lang='lat' dir='ltr'>quod</span> <span class='ocrx_word' id='word_1_169' title='bbox 869 1615 1044 1642; x_wconf 90' lang='lat' dir='ltr'>mutatum</span> 
     </span>
     <span class='ocr_line' id='line_1_29' title="bbox 58 1659 1045 1704; baseline 0 -13"><span class='ocrx_word' id='word_1_170' title='bbox 58 1666 109 1692; x_wconf 85' lang='lat' dir='ltr'>est</span> <span class='ocrx_word' id='word_1_171' title='bbox 132 1666 212 1704; x_wconf 88' lang='lat' dir='ltr'>post</span> <span class='ocrx_word' id='word_1_172' title='bbox 235 1666 417 1703; x_wconf 84' lang='lat' dir='ltr'>peccatum</span> <span class='ocrx_word' id='word_1_173' title='bbox 442 1667 589 1704; x_wconf 91' lang='lat' dir='ltr'>propter</span> <span class='ocrx_word' id='word_1_174' title='bbox 615 1661 743 1693; x_wconf 86' lang='lat' dir='ltr'>multas</span> <span class='ocrx_word' id='word_1_175' title='bbox 767 1672 897 1693; x_wconf 83' lang='lat' dir='ltr'>causas.</span> <span class='ocrx_word' id='word_1_176' title='bbox 952 1659 1045 1704; x_wconf 88' lang='lat' dir='ltr'>Quia</span> 
     </span>
     <span class='ocr_line' id='line_1_30' title="bbox 57 1710 1044 1756; baseline 0.002 -14"><span class='ocrx_word' id='word_1_177' title='bbox 57 1711 126 1742; x_wconf 91' lang='lat' dir='ltr'>iam</span> <span class='ocrx_word' id='word_1_178' title='bbox 145 1723 268 1744; x_wconf 88' lang='lat' dir='ltr'>causae</span> <span class='ocrx_word' id='word_1_179' title='bbox 288 1711 482 1756; x_wconf 87' lang='lat' dir='ltr'>quaerendi</span> <span class='ocrx_word' id='word_1_180' title='bbox 508 1717 541 1743; x_wconf 92' lang='lat' dir='ltr'>et</span> <span class='ocrx_word' id='word_1_181' title='bbox 564 1711 701 1744; x_wconf 83' lang='lat' dir='ltr'>fruendi</span> <span class='ocrx_word' id='word_1_182' title='bbox 720 1723 793 1743; x_wconf 87' lang='lat' dir='ltr'>non</span> <span class='ocrx_word' id='word_1_183' title='bbox 810 1717 891 1744; x_wconf 89' lang='lat' dir='ltr'>sunt</span> <span class='ocrx_word' id='word_1_184' title='bbox 914 1710 1044 1744; x_wconf 88' lang='lat' dir='ltr'>similes</span> 
     </span>
     <span class='ocr_line' id='line_1_31' title="bbox 58 1762 286 1796; baseline 0.013 -3"><span class='ocrx_word' id='word_1_185' title='bbox 58 1762 93 1794; x_wconf 90' lang='lat' dir='ltr'>in</span> <span class='ocrx_word' id='word_1_186' title='bbox 111 1762 286 1796; x_wconf 85' lang='lat' dir='ltr'>omnibus.</span> 
     </span>
    </p>
   </div>
   <div class='ocr_carea' id='block_1_10' title="bbox 242 1854 858 1897">
    <p class='ocr_par' dir='ltr' id='par_1_11' title="bbox 242 1854 858 1897">
     <span class='ocr_line' id='line_1_32' title="bbox 242 1854 858 1897; baseline -0.002 -9"><span class='ocrx_word' id='word_1_187' title='bbox 242 1854 497 1888; x_wconf 85' lang='lat' dir='ltr'>Secundum</span> <span class='ocrx_word' id='word_1_188' title='bbox 534 1859 858 1897; x_wconf 84' lang='lat' dir='ltr'>argumentum.</span> 
     </span>
    </p>
   </div>
   <div class='ocr_carea' id='block_1_11' title="bbox 55 1918 1043 2476">
    <p class='ocr_par' dir='ltr' id='par_1_12' title="bbox 108 1918 873 1967">
     <span class='ocr_line' id='line_1_33' title="bbox 108 1918 873 1967; baseline 0 -12"><span class='ocrx_word' id='word_1_189' title='bbox 108 1922 287 1967; x_wconf 85' lang='lat' dir='ltr'>Quicquid</span> <span class='ocrx_word' id='word_1_190' title='bbox 304 1928 353 1955; x_wconf 83' lang='lat' dir='ltr'>est</span> <span class='ocrx_word' id='word_1_191' title='bbox 371 1920 520 1961; x_wconf 81' lang='lat' dir='ltr'>Christi,</span> <span class='ocrx_word' id='word_1_192' title='bbox 554 1927 604 1954; x_wconf 90' lang='lat' dir='ltr'>est</span> <span class='ocrx_word' id='word_1_193' title='bbox 626 1918 873 1955; x_wconf 85' lang='lat' dir='ltr'>cohaeredum.</span> 
     </span>
    </p>

    <p class='ocr_par' dir='ltr' id='par_1_13' title="bbox 108 1971 501 2007">
     <span class='ocr_line' id='line_1_34' title="bbox 108 1971 501 2007; baseline 0 -1"><span class='ocrx_word' id='word_1_194' title='bbox 108 1974 238 2007; x_wconf 82' lang='lat' dir='ltr'>Omnia</span> <span class='ocrx_word' id='word_1_195' title='bbox 260 1979 341 2006; x_wconf 89' lang='lat' dir='ltr'>sunt</span> <span class='ocrx_word' id='word_1_196' title='bbox 358 1971 501 2006; x_wconf 85' lang='lat' dir='ltr'>Christi.</span> 
     </span>
    </p>

    <p class='ocr_par' dir='ltr' id='par_1_14' title="bbox 108 2022 711 2068">
     <span class='ocr_line' id='line_1_35' title="bbox 108 2022 711 2068; baseline -0.002 -11"><span class='ocrx_word' id='word_1_197' title='bbox 108 2024 204 2068; x_wconf 82' lang='lat' dir='ltr'>Ergo</span> <span class='ocrx_word' id='word_1_198' title='bbox 225 2024 344 2057; x_wconf 88' lang='lat' dir='ltr'>onmia</span> <span class='ocrx_word' id='word_1_199' title='bbox 363 2030 444 2057; x_wconf 91' lang='lat' dir='ltr'>sunt</span> <span class='ocrx_word' id='word_1_200' title='bbox 462 2022 711 2057; x_wconf 83' lang='lat' dir='ltr'>cohaeredum.</span> 
     </span>
    </p>

    <p class='ocr_par' dir='ltr' id='par_1_15' title="bbox 108 2073 847 2119">
     <span class='ocr_line' id='line_1_36' title="bbox 108 2073 847 2119; baseline -0.004 -10"><span class='ocrx_word' id='word_1_201' title='bbox 108 2076 190 2110; x_wconf 77' lang='lat' dir='ltr'>Non</span> <span class='ocrx_word' id='word_1_202' title='bbox 208 2081 259 2108; x_wconf 90' lang='lat' dir='ltr'>cst</span> <span class='ocrx_word' id='word_1_203' title='bbox 275 2075 382 2119; x_wconf 76' lang='lat' dir='ltr'>igitur</span> <span class='ocrx_word' id='word_1_204' title='bbox 397 2075 575 2109; x_wconf 90' lang='lat' dir='ltr'>distinctio</span> <span class='ocrx_word' id='word_1_205' title='bbox 593 2073 847 2108; x_wconf 87' lang='lat' dir='ltr'>dominiorum.</span> 
     </span>
    </p>

    <p class='ocr_par' dir='ltr' id='par_1_16' title="bbox 159 2126 1043 2170">
     <span class='ocr_line' id='line_1_37' title="bbox 159 2126 1043 2170; baseline -0.006 -11"><span class='ocrx_word' id='word_1_206' title='bbox 159 2126 389 2170; x_wconf 80' lang='lat' dir='ltr'>Respondeo:</span> <span class='ocrx_word' id='word_1_207' title='bbox 439 2126 603 2160; x_wconf 88' lang='lat' dir='ltr'>Concedo</span> <span class='ocrx_word' id='word_1_208' title='bbox 638 2132 751 2159; x_wconf 88' lang='lat' dir='ltr'>totum</span> <span class='ocrx_word' id='word_1_209' title='bbox 784 2129 1043 2168; x_wconf 79' lang='lat' dir='ltr'>argumentum,</span> 
     </span>
    </p>

    <p class='ocr_par' dir='ltr' id='par_1_17' title="bbox 55 2174 1043 2476">
     <span class='ocr_line' id='line_1_38' title="bbox 55 2174 1042 2222; baseline -0.008 -9"><span class='ocrx_word' id='word_1_210' title='bbox 55 2179 129 2213; x_wconf 82' lang='lat' dir='ltr'>sine</span> <span class='ocrx_word' id='word_1_211' title='bbox 147 2178 377 2221; x_wconf 78' lang='lat' dir='ltr'>ambiguitate</span> <span class='ocrx_word' id='word_1_212' title='bbox 397 2177 626 2222; x_wconf 82' lang='lat' dir='ltr'>intelligendo</span> <span class='ocrx_word' id='word_1_213' title='bbox 646 2179 817 2209; x_wconf 88' lang='lat' dir='ltr'>maiorem</span> <span class='ocrx_word' id='word_1_214' title='bbox 845 2182 878 2207; x_wconf 91' lang='lat' dir='ltr'>et</span> <span class='ocrx_word' id='word_1_215' title='bbox 903 2174 1042 2207; x_wconf 88' lang='lat' dir='ltr'>conclu-</span> 
     </span>
     <span class='ocr_line' id='line_1_39' title="bbox 58 2224 1043 2274; baseline -0.005 -12"><span class='ocrx_word' id='word_1_216' title='bbox 58 2230 205 2263; x_wconf 84' lang='lat' dir='ltr'>sionem.</span> <span class='ocrx_word' id='word_1_217' title='bbox 260 2229 439 2274; x_wconf 82' lang='lat' dir='ltr'>Quicquid</span> <span class='ocrx_word' id='word_1_218' title='bbox 466 2235 517 2262; x_wconf 92' lang='lat' dir='ltr'>est</span> <span class='ocrx_word' id='word_1_219' title='bbox 538 2227 688 2268; x_wconf 79' lang='lat' dir='ltr'>Christi,</span> <span class='ocrx_word' id='word_1_220' title='bbox 724 2234 775 2261; x_wconf 88' lang='lat' dir='ltr'>est</span> <span class='ocrx_word' id='word_1_221' title='bbox 796 2224 1043 2264; x_wconf 83' lang='lat' dir='ltr'>cohaeredum,</span> 
     </span>
     <span class='ocr_line' id='line_1_40' title="bbox 62 2278 1043 2326; baseline -0.003 -14"><span class='ocrx_word' id='word_1_222' title='bbox 62 2280 96 2312; x_wconf 92' lang='lat' dir='ltr'>in</span> <span class='ocrx_word' id='word_1_223' title='bbox 112 2278 176 2312; x_wconf 93' lang='lat' dir='ltr'>hac</span> <span class='ocrx_word' id='word_1_224' title='bbox 193 2280 262 2313; x_wconf 82' lang='lat' dir='ltr'>vita</span> <span class='ocrx_word' id='word_1_225' title='bbox 283 2281 402 2326; x_wconf 88' lang='lat' dir='ltr'>quoad</span> <span class='ocrx_word' id='word_1_226' title='bbox 420 2280 472 2313; x_wconf 88' lang='lat' dir='ltr'>ius</span> <span class='ocrx_word' id='word_1_227' title='bbox 489 2281 533 2312; x_wconf 85' lang='lat' dir='ltr'>ad</span> <span class='ocrx_word' id='word_1_228' title='bbox 549 2293 642 2318; x_wconf 88' lang='lat' dir='ltr'>rem;</span> <span class='ocrx_word' id='word_1_229' title='bbox 677 2286 710 2312; x_wconf 87' lang='lat' dir='ltr'>et</span> <span class='ocrx_word' id='word_1_230' title='bbox 732 2291 855 2311; x_wconf 73' lang='lat' dir='ltr'>verum</span> <span class='ocrx_word' id='word_1_231' title='bbox 881 2284 950 2316; x_wconf 88' lang='lat' dir='ltr'>cst,</span> <span class='ocrx_word' id='word_1_232' title='bbox 979 2289 1043 2309; x_wconf 86' lang='lat' dir='ltr'>nos</span> 
     </span>
     <span class='ocr_line' id='line_1_41' title="bbox 65 2329 1043 2371; baseline -0.003 -8"><span class='ocrx_word' id='word_1_233' title='bbox 65 2331 240 2365; x_wconf 64' lang='lat' dir='ltr'>habituros</span> <span class='ocrx_word' id='word_1_234' title='bbox 258 2344 330 2365; x_wconf 90' lang='lat' dir='ltr'>esse</span> <span class='ocrx_word' id='word_1_235' title='bbox 349 2331 459 2364; x_wconf 65' lang='lat' dir='ltr'>vitam</span> <span class='ocrx_word' id='word_1_236' title='bbox 477 2331 551 2365; x_wconf 88' lang='lat' dir='ltr'>sine</span> <span class='ocrx_word' id='word_1_237' title='bbox 572 2337 704 2371; x_wconf 85' lang='lat' dir='ltr'>morte,</span> <span class='ocrx_word' id='word_1_238' title='bbox 731 2336 764 2362; x_wconf 91' lang='lat' dir='ltr'>et</span> <span class='ocrx_word' id='word_1_239' title='bbox 786 2329 985 2362; x_wconf 85' lang='lat' dir='ltr'>libertatem</span> <span class='ocrx_word' id='word_1_240' title='bbox 1011 2334 1043 2360; x_wconf 86' lang='lat' dir='ltr'>et</span> 
     </span>
     <span class='ocr_line' id='line_1_42' title="bbox 64 2378 1042 2427; baseline -0.003 -13"><span class='ocrx_word' id='word_1_241' title='bbox 64 2382 229 2415; x_wconf 65' lang='lat' dir='ltr'>laetitiam</span> <span class='ocrx_word' id='word_1_242' title='bbox 247 2383 320 2416; x_wconf 88' lang='lat' dir='ltr'>sine</span> <span class='ocrx_word' id='word_1_243' title='bbox 337 2382 610 2427; x_wconf 86' lang='lat' dir='ltr'>impedimentis.</span> <span class='ocrx_word' id='word_1_244' title='bbox 663 2382 731 2415; x_wconf 91' lang='lat' dir='ltr'>Sed</span> <span class='ocrx_word' id='word_1_245' title='bbox 750 2381 785 2413; x_wconf 92' lang='lat' dir='ltr'>in</span> <span class='ocrx_word' id='word_1_246' title='bbox 802 2378 867 2413; x_wconf 89' lang='lat' dir='ltr'>hac</span> <span class='ocrx_word' id='word_1_247' title='bbox 887 2380 956 2412; x_wconf 83' lang='lat' dir='ltr'>vita</span> <span class='ocrx_word' id='word_1_248' title='bbox 982 2379 1042 2411; x_wconf 90' lang='lat' dir='ltr'>ad-</span> 
     </span>
     <span class='ocr_line' id='line_1_43' title="bbox 60 2430 1042 2476; baseline -0.001 -12"><span class='ocrx_word' id='word_1_249' title='bbox 60 2446 126 2465; x_wconf 87' lang='lat' dir='ltr'>.1uc</span> <span class='ocrx_word' id='word_1_250' title='bbox 146 2445 270 2476; x_wconf 88' lang='lat' dir='ltr'>corpus</span> <span class='ocrx_word' id='word_1_251' title='bbox 289 2435 396 2467; x_wconf 87' lang='lat' dir='ltr'>morti</span> <span class='ocrx_word' id='word_1_252' title='bbox 413 2440 447 2467; x_wconf 91' lang='lat' dir='ltr'>et</span> <span class='ocrx_word' id='word_1_253' title='bbox 462 2433 596 2467; x_wconf 88' lang='lat' dir='ltr'>morbis</span> <span class='ocrx_word' id='word_1_254' title='bbox 612 2432 805 2466; x_wconf 76' lang='lat' dir='ltr'>obnoxium</span> <span class='ocrx_word' id='word_1_255' title='bbox 820 2438 888 2471; x_wconf 82' lang='lat' dir='ltr'>cst,</span> <span class='ocrx_word' id='word_1_256' title='bbox 916 2437 948 2463; x_wconf 88' lang='lat' dir='ltr'>et</span> <span class='ocrx_word' id='word_1_257' title='bbox 963 2430 1042 2464; x_wconf 87' lang='lat' dir='ltr'>sub-</span> 
     </span>
    </p>
   </div>
   <div class='ocr_carea' id='block_1_12' title="bbox 99 2549 1044 2687">
    <p class='ocr_par' dir='ltr' id='par_1_18' title="bbox 99 2549 1044 2687">
     <span class='ocr_line' id='line_1_44' title="bbox 99 2549 1044 2587; baseline -0.007 -8"><span class='ocrx_word' id='word_1_258' title='bbox 99 2556 146 2581; x_wconf 76' lang='lat'>26)</span> <span class='ocrx_word' id='word_1_259' title='bbox 169 2553 310 2577; x_wconf 83' lang='lat' dir='ltr'>Ciceronis</span> <span class='ocrx_word' id='word_1_260' title='bbox 329 2554 412 2578; x_wconf 82' lang='lat' dir='ltr'>verba</span> <span class='ocrx_word' id='word_1_261' title='bbox 430 2554 448 2579; x_wconf 93' lang='lat' dir='ltr'>l.</span> <span class='ocrx_word' id='word_1_262' title='bbox 462 2554 482 2578; x_wconf 93' lang='lat'>1.</span> <span class='ocrx_word' id='word_1_263' title='bbox 508 2554 541 2578; x_wconf 82' lang='lat' dir='ltr'>de.</span> <span class='ocrx_word' id='word_1_264' title='bbox 560 2554 630 2580; x_wconf 80' lang='lat' dir='ltr'>offic.</span> <span class='ocrx_word' id='word_1_265' title='bbox 650 2561 671 2578; x_wconf 91' lang='lat' dir='ltr'>c.</span> <span class='ocrx_word' id='word_1_266' title='bbox 687 2553 711 2585; x_wconf 85' lang='lat'>1,</span> <span class='ocrx_word' id='word_1_267' title='bbox 730 2553 772 2577; x_wconf 80' lang='lat'>20.</span> <span class='ocrx_word' id='word_1_268' title='bbox 792 2553 858 2576; x_wconf 84' lang='lat' dir='ltr'>haec</span> <span class='ocrx_word' id='word_1_269' title='bbox 877 2551 955 2574; x_wconf 89' lang='lat' dir='ltr'>sunt:</span> <span class='ocrx_word' id='word_1_270' title='bbox 991 2549 1044 2587; x_wconf 77' lang='lat' dir='ltr'>Sed</span> 
     </span>
     <span class='ocr_line' id='line_1_45' title="bbox 133 2584 1043 2621; baseline -0.007 -9"><span class='ocrx_word' id='word_1_271' title='bbox 133 2588 250 2612; x_wconf 74' lang='lat' dir='ltr'>iustitiae</span> <span class='ocrx_word' id='word_1_272' title='bbox 270 2587 383 2617; x_wconf 80' lang='lat' dir='ltr'>primum</span> <span class='ocrx_word' id='word_1_273' title='bbox 402 2595 499 2612; x_wconf 85' lang='lat' dir='ltr'>munus</span> <span class='ocrx_word' id='word_1_274' title='bbox 517 2591 576 2618; x_wconf 76' lang='lat' dir='ltr'>est,</span> <span class='ocrx_word' id='word_1_275' title='bbox 609 2590 638 2612; x_wconf 87' lang='lat' dir='ltr'>ut</span> <span class='ocrx_word' id='word_1_276' title='bbox 662 2595 696 2612; x_wconf 87' lang='lat' dir='ltr'>ne</span> <span class='ocrx_word' id='word_1_277' title='bbox 720 2587 761 2611; x_wconf 87' lang='lat' dir='ltr'>cui</span> <span class='ocrx_word' id='word_1_278' title='bbox 789 2587 848 2617; x_wconf 85' lang='lat' dir='ltr'>quis</span> <span class='ocrx_word' id='word_1_279' title='bbox 876 2585 972 2608; x_wconf 86' lang='lat' dir='ltr'>noceat</span> <span class='ocrx_word' id='word_1_280' title='bbox 992 2584 1043 2621; x_wconf 77' lang='lat' dir='ltr'>nisi</span> 
     </span>
     <span class='ocr_line' id='line_1_46' title="bbox 130 2622 1043 2654; baseline -0.007 -7"><span class='ocrx_word' id='word_1_281' title='bbox 130 2623 275 2647; x_wconf 80' lang='lat' dir='ltr'>lacessitus</span> <span class='ocrx_word' id='word_1_282' title='bbox 293 2622 406 2645; x_wconf 82' lang='lat' dir='ltr'>iniuria:</span> <span class='ocrx_word' id='word_1_283' title='bbox 438 2623 548 2654; x_wconf 82' lang='lat' dir='ltr'>deinde,</span> <span class='ocrx_word' id='word_1_284' title='bbox 574 2626 604 2647; x_wconf 82' lang='lat' dir='ltr'>ut</span> <span class='ocrx_word' id='word_1_285' title='bbox 621 2622 804 2648; x_wconf 84' lang='lat' dir='ltr'>communibus</span> <span class='ocrx_word' id='word_1_286' title='bbox 827 2626 875 2651; x_wconf 82' lang='lat' dir='ltr'>pro</span> <span class='ocrx_word' id='word_1_287' title='bbox 895 2624 1043 2643; x_wconf 83' lang='lat' dir='ltr'>communi-</span> 
     </span>
     <span class='ocr_line' id='line_1_47' title="bbox 130 2656 577 2687; baseline 0 -6"><span class='ocrx_word' id='word_1_288' title='bbox 130 2660 178 2682; x_wconf 81' lang='lat' dir='ltr'>bus</span> <span class='ocrx_word' id='word_1_289' title='bbox 199 2658 307 2687; x_wconf 81' lang='lat' dir='ltr'>utatur,</span> <span class='ocrx_word' id='word_1_290' title='bbox 328 2656 443 2685; x_wconf 80' lang='lat' dir='ltr'>privatis</span> <span class='ocrx_word' id='word_1_291' title='bbox 463 2658 492 2680; x_wconf 84' lang='lat' dir='ltr'>ut</span> <span class='ocrx_word' id='word_1_292' title='bbox 510 2658 577 2681; x_wconf 81' lang='lat' dir='ltr'>suiS.</span> 
     </span>
    </p>
   </div>
   <div class='ocr_carea' id='block_1_13' title="bbox 94 2705 1043 2773">
    <p class='ocr_par' dir='ltr' id='par_1_19' title="bbox 94 2705 1043 2773">
     <span class='ocr_line' id='line_1_48' title="bbox 94 2705 1043 2739; baseline -0.006 -5"><span class='ocrx_word' id='word_1_293' title='bbox 94 2710 141 2739; x_wconf 77' lang='lat'>27)</span> <span class='ocrx_word' id='word_1_294' title='bbox 162 2708 240 2732; x_wconf 78' lang='lat' dir='ltr'>Conf.</span> <span class='ocrx_word' id='word_1_295' title='bbox 261 2708 277 2730; x_wconf 84' lang='lat'>1.</span> <span class='ocrx_word' id='word_1_296' title='bbox 290 2707 307 2730; x_wconf 79' lang='lat'>1.</span> <span class='ocrx_word' id='word_1_297' title='bbox 329 2707 353 2737; x_wconf 88' lang='lat'>1,</span> <span class='ocrx_word' id='word_1_298' title='bbox 371 2707 428 2731; x_wconf 81' lang='lat'>2¹.:</span> <span class='ocrx_word' id='word_1_299' title='bbox 459 2707 499 2731; x_wconf 75' lang='lat' dir='ltr'>Ex</span> <span class='ocrx_word' id='word_1_300' title='bbox 524 2714 590 2739; x_wconf 81' lang='lat' dir='ltr'>quo,</span> <span class='ocrx_word' id='word_1_301' title='bbox 623 2708 685 2738; x_wconf 86' lang='lat' dir='ltr'>quia</span> <span class='ocrx_word' id='word_1_302' title='bbox 705 2714 781 2731; x_wconf 87' lang='lat' dir='ltr'>suum</span> <span class='ocrx_word' id='word_1_303' title='bbox 801 2706 929 2736; x_wconf 83' lang='lat' dir='ltr'>cuiusque</span> <span class='ocrx_word' id='word_1_304' title='bbox 949 2705 977 2729; x_wconf 78' lang='lat' dir='ltr'>fit</span> <span class='ocrx_word' id='word_1_305' title='bbox 996 2710 1043 2729; x_wconf 90' lang='lat' dir='ltr'>eo-</span> 
     </span>
     <span class='ocr_line' id='line_1_49' title="bbox 128 2741 797 2773; baseline -0.004 -6"><span class='ocrx_word' id='word_1_306' title='bbox 128 2749 204 2773; x_wconf 81' lang='lat' dir='ltr'>rum,</span> <span class='ocrx_word' id='word_1_307' title='bbox 225 2747 293 2772; x_wconf 84' lang='lat' dir='ltr'>quae</span> <span class='ocrx_word' id='word_1_308' title='bbox 312 2743 410 2764; x_wconf 83' lang='lat' dir='ltr'>natura</span> <span class='ocrx_word' id='word_1_309' title='bbox 429 2741 537 2766; x_wconf 72' lang='lat' dir='ltr'>fuerant</span> <span class='ocrx_word' id='word_1_310' title='bbox 555 2743 722 2773; x_wconf 69' lang='lat' dir='ltr'>communia,</span> <span class='ocrx_word' id='word_1_311' title='bbox 747 2744 797 2766; x_wconf 84' lang='lat' dir='ltr'>ete.</span> 
     </span>
    </p>
   </div>
   <div class='ocr_carea' id='block_1_14' title="bbox 637 136 1601 175">
    <p class='ocr_par' dir='ltr' id='par_1_20' title="bbox 637 136 1601 175">
     <span class='ocr_line' id='line_1_50' title="bbox 637 136 1601 175; baseline 0.001 -1"><span class='ocrx_word' id='word_1_312' title='bbox 637 139 1005 175; x_wconf 78' lang='lat' dir='ltr'>PROLEGOMENA</span> <span class='ocrx_word' id='word_1_313' title='bbox 1039 139 1085 175; x_wconf 84' lang='lat' dir='ltr'>IN</span> <span class='ocrx_word' id='word_1_314' title='bbox 1122 136 1308 171; x_wconf 82' lang='lat' dir='ltr'>OFFICIA</span> <span class='ocrx_word' id='word_1_315' title='bbox 1344 138 1601 175; x_wconf 69' lang='lat' dir='ltr'>ClCEROMS.</span> 
     </span>
    </p>
   </div>
   <div class='ocr_carea' id='block_1_15' title="bbox 1070 1123 1075 1220">
    <p class='ocr_par' dir='ltr' id='par_1_21' title="bbox 1070 1123 1075 1220">
     <span class='ocr_line' id='line_1_51' title="bbox 1070 1123 1075 1220; baseline 0 0"><span class='ocrx_word' id='word_1_316' title='bbox 1070 1123 1075 1220; x_wconf 95' lang='lat' dir='ltr'> </span> 
     </span>
    </p>
   </div>
   <div class='ocr_carea' id='block_1_16' title="bbox 2017 147 2092 183">
    <p class='ocr_par' dir='ltr' id='par_1_22' title="bbox 2017 147 2092 183">
     <span class='ocr_line' id='line_1_52' title="bbox 2017 147 2092 183; baseline 0.027 -2"><span class='ocrx_word' id='word_1_317' title='bbox 2017 147 2092 183; x_wconf 88' lang='lat'>550</span> 
     </span>
    </p>
   </div>
   <div class='ocr_carea' id='block_1_17' title="bbox 1100 225 2091 1082">
    <p class='ocr_par' dir='ltr' id='par_1_23' title="bbox 1103 225 2089 361">
     <span class='ocr_line' id='line_1_53' title="bbox 1105 225 2089 270; baseline 0.011 -14"><span class='ocrx_word' id='word_1_318' title='bbox 1105 225 1234 257; x_wconf 62' lang='lat' dir='ltr'>iscium</span> <span class='ocrx_word' id='word_1_319' title='bbox 1254 232 1304 259; x_wconf 88' lang='lat' dir='ltr'>est</span> <span class='ocrx_word' id='word_1_320' title='bbox 1320 225 1479 259; x_wconf 77' lang='lat' dir='ltr'>servituti</span> <span class='ocrx_word' id='word_1_321' title='bbox 1505 226 1749 270; x_wconf 84' lang='lat' dir='ltr'>imperiorum.</span> <span class='ocrx_word' id='word_1_322' title='bbox 1803 229 1970 264; x_wconf 79' lang='lat' dir='ltr'>Nondum</span> <span class='ocrx_word' id='word_1_323' title='bbox 1996 235 2089 267; x_wconf 86' lang='lat' dir='ltr'>enim</span> 
     </span>
     <span class='ocr_line' id='line_1_54' title="bbox 1103 273 2089 326; baseline 0.011 -19"><span class='ocrx_word' id='word_1_324' title='bbox 1103 273 1272 310; x_wconf 81' lang='lat' dir='ltr'>habemus</span> <span class='ocrx_word' id='word_1_325' title='bbox 1297 276 1349 310; x_wconf 92' lang='lat' dir='ltr'>ius</span> <span class='ocrx_word' id='word_1_326' title='bbox 1372 278 1409 310; x_wconf 90' lang='lat' dir='ltr'>in</span> <span class='ocrx_word' id='word_1_327' title='bbox 1434 290 1490 317; x_wconf 88' lang='lat' dir='ltr'>re,</span> <span class='ocrx_word' id='word_1_328' title='bbox 1519 278 1615 323; x_wconf 85' lang='lat' dir='ltr'>quod</span> <span class='ocrx_word' id='word_1_329' title='bbox 1638 276 1846 315; x_wconf 82' lang='lat' dir='ltr'>habebimus</span> <span class='ocrx_word' id='word_1_330' title='bbox 1872 289 1953 326; x_wconf 89' lang='lat' dir='ltr'>post</span> <span class='ocrx_word' id='word_1_331' title='bbox 1975 296 2089 318; x_wconf 87' lang='lat' dir='ltr'>resur-</span> 
     </span>
     <span class='ocr_line' id='line_1_55' title="bbox 1104 333 1308 361; baseline 0.01 -3"><span class='ocrx_word' id='word_1_332' title='bbox 1104 333 1308 361; x_wconf 82' lang='lat' dir='ltr'>rectionem.</span> 
     </span>
    </p>

    <p class='ocr_par' dir='ltr' id='par_1_24' title="bbox 1100 378 2091 980">
     <span class='ocr_line' id='line_1_56' title="bbox 1204 378 2088 429; baseline 0.009 -19"><span class='ocrx_word' id='word_1_333' title='bbox 1204 378 1259 410; x_wconf 84' lang='lat' dir='ltr'>Sic</span> <span class='ocrx_word' id='word_1_334' title='bbox 1284 391 1404 411; x_wconf 85' lang='lat' dir='ltr'>rursus</span> <span class='ocrx_word' id='word_1_335' title='bbox 1432 379 1561 412; x_wconf 65' lang='lat' dir='ltr'>valebit</span> <span class='ocrx_word' id='word_1_336' title='bbox 1585 388 1832 423; x_wconf 75' lang='lat' dir='ltr'>argumentum</span> <span class='ocrx_word' id='word_1_337' title='bbox 1861 383 2088 429; x_wconf 75' lang='lat' dir='ltr'>intelligendo</span> 
     </span>
     <span class='ocr_line' id='line_1_57' title="bbox 1102 429 2086 481; baseline 0.01 -22"><span class='ocrx_word' id='word_1_338' title='bbox 1102 429 1274 460; x_wconf 87' lang='lat' dir='ltr'>maiorem</span> <span class='ocrx_word' id='word_1_339' title='bbox 1296 435 1329 461; x_wconf 89' lang='lat' dir='ltr'>et</span> <span class='ocrx_word' id='word_1_340' title='bbox 1346 430 1607 463; x_wconf 75' lang='lat' dir='ltr'>conclusionem</span> <span class='ocrx_word' id='word_1_341' title='bbox 1624 433 1665 463; x_wconf 81' lang='lat' dir='ltr'>(le</span> <span class='ocrx_word' id='word_1_342' title='bbox 1683 433 1757 465; x_wconf 90' lang='lat' dir='ltr'>iure</span> <span class='ocrx_word' id='word_1_343' title='bbox 1776 433 1811 465; x_wconf 93' lang='lat' dir='ltr'>in</span> <span class='ocrx_word' id='word_1_344' title='bbox 1827 446 1881 467; x_wconf 88' lang='lat' dir='ltr'>re:</span> <span class='ocrx_word' id='word_1_345' title='bbox 1911 435 2086 481; x_wconf 75' lang='lat' dir='ltr'>Quicquid</span> 
     </span>
     <span class='ocr_line' id='line_1_58' title="bbox 1102 477 2086 523; baseline 0.01 -13"><span class='ocrx_word' id='word_1_346' title='bbox 1102 484 1152 511; x_wconf 88' lang='lat' dir='ltr'>est</span> <span class='ocrx_word' id='word_1_347' title='bbox 1190 477 1339 519; x_wconf 76' lang='lat' dir='ltr'>Christi,</span> <span class='ocrx_word' id='word_1_348' title='bbox 1391 487 1440 512; x_wconf 84' lang='lat' dir='ltr'>est</span> <span class='ocrx_word' id='word_1_349' title='bbox 1474 480 1731 523; x_wconf 87' lang='lat' dir='ltr'>cohaeredum,</span> <span class='ocrx_word' id='word_1_350' title='bbox 1782 485 1911 519; x_wconf 80' lang='lat' dir='ltr'>scilicet</span> <span class='ocrx_word' id='word_1_351' title='bbox 1946 487 1981 518; x_wconf 90' lang='lat' dir='ltr'>in</span> <span class='ocrx_word' id='word_1_352' title='bbox 2018 489 2086 520; x_wconf 61' lang='lat' dir='ltr'>vita</span> 
     </span>
     <span class='ocr_line' id='line_1_59' title="bbox 1103 532 2087 576; baseline 0.01 -15"><span class='ocrx_word' id='word_1_353' title='bbox 1103 535 1265 569; x_wconf 84' lang='lat' dir='ltr'>aeterna,</span> <span class='ocrx_word' id='word_1_354' title='bbox 1297 542 1375 562; x_wconf 89' lang='lat' dir='ltr'>cum</span> <span class='ocrx_word' id='word_1_355' title='bbox 1403 538 1506 563; x_wconf 89' lang='lat' dir='ltr'>erunt</span> <span class='ocrx_word' id='word_1_356' title='bbox 1529 532 1565 565; x_wconf 90' lang='lat' dir='ltr'>in</span> <span class='ocrx_word' id='word_1_357' title='bbox 1589 536 1825 576; x_wconf 86' lang='lat' dir='ltr'>posscssione;</span> <span class='ocrx_word' id='word_1_358' title='bbox 1859 538 1990 570; x_wconf 85' lang='lat' dir='ltr'>Omnia</span> <span class='ocrx_word' id='word_1_359' title='bbox 2008 546 2087 571; x_wconf 87' lang='lat' dir='ltr'>sunt</span> 
     </span>
     <span class='ocr_line' id='line_1_60' title="bbox 1103 578 2088 626; baseline 0.011 -15"><span class='ocrx_word' id='word_1_360' title='bbox 1103 578 1252 613; x_wconf 86' lang='lat' dir='ltr'>Christi:</span> <span class='ocrx_word' id='word_1_361' title='bbox 1280 580 1375 623; x_wconf 79' lang='lat' dir='ltr'>Ergo</span> <span class='ocrx_word' id='word_1_362' title='bbox 1392 582 1512 614; x_wconf 88' lang='lat' dir='ltr'>omnia</span> <span class='ocrx_word' id='word_1_363' title='bbox 1529 591 1610 616; x_wconf 91' lang='lat' dir='ltr'>sunt</span> <span class='ocrx_word' id='word_1_364' title='bbox 1635 592 1775 626; x_wconf 84' lang='lat' dir='ltr'>nostra,</span> <span class='ocrx_word' id='word_1_365' title='bbox 1803 588 1932 621; x_wconf 90' lang='lat' dir='ltr'>scilicet</span> <span class='ocrx_word' id='word_1_366' title='bbox 1956 589 1993 622; x_wconf 89' lang='lat' dir='ltr'>in</span> <span class='ocrx_word' id='word_1_367' title='bbox 2017 590 2088 622; x_wconf 73' lang='lat' dir='ltr'>vita</span> 
     </span>
     <span class='ocr_line' id='line_1_61' title="bbox 1102 632 2089 679; baseline 0.011 -17"><span class='ocrx_word' id='word_1_368' title='bbox 1102 637 1267 670; x_wconf 85' lang='lat' dir='ltr'>aeterna,</span> <span class='ocrx_word' id='word_1_369' title='bbox 1295 644 1374 664; x_wconf 90' lang='lat' dir='ltr'>cum</span> <span class='ocrx_word' id='word_1_370' title='bbox 1393 632 1523 666; x_wconf 85' lang='lat' dir='ltr'>erimus</span> <span class='ocrx_word' id='word_1_371' title='bbox 1544 634 1580 666; x_wconf 92' lang='lat' dir='ltr'>in</span> <span class='ocrx_word' id='word_1_372' title='bbox 1595 637 1832 678; x_wconf 79' lang='lat' dir='ltr'>possessione,</span> <span class='ocrx_word' id='word_1_373' title='bbox 1859 646 1897 671; x_wconf 92' lang='lat' dir='ltr'>ut</span> <span class='ocrx_word' id='word_1_374' title='bbox 1917 640 2008 679; x_wconf 80' lang='lat' dir='ltr'>vita,</span> <span class='ocrx_word' id='word_1_375' title='bbox 2036 654 2089 675; x_wconf 86' lang='lat' dir='ltr'>sa-</span> 
     </span>
     <span class='ocr_line' id='line_1_62' title="bbox 1101 681 2087 735; baseline 0.012 -22"><span class='ocrx_word' id='word_1_376' title='bbox 1101 682 1210 721; x_wconf 80' lang='lat' dir='ltr'>nitas,</span> <span class='ocrx_word' id='word_1_377' title='bbox 1252 681 1395 716; x_wconf 77' lang='lat' dir='ltr'>libertas</span> <span class='ocrx_word' id='word_1_378' title='bbox 1428 690 1461 716; x_wconf 86' lang='lat' dir='ltr'>et</span> <span class='ocrx_word' id='word_1_379' title='bbox 1495 690 1578 717; x_wconf 92' lang='lat' dir='ltr'>tunc</span> <span class='ocrx_word' id='word_1_380' title='bbox 1611 698 1725 731; x_wconf 81' lang='lat' dir='ltr'>neque</span> <span class='ocrx_word' id='word_1_381' title='bbox 1758 689 1907 723; x_wconf 71' lang='lat' dir='ltr'>servitus</span> <span class='ocrx_word' id='word_1_382' title='bbox 1932 691 2087 735; x_wconf 84' lang='lat' dir='ltr'>politica,</span> 
     </span>
     <span class='ocr_line' id='line_1_63' title="bbox 1101 736 2091 778; baseline 0.013 -14"><span class='ocrx_word' id='word_1_383' title='bbox 1101 745 1215 777; x_wconf 85' lang='lat' dir='ltr'>neque</span> <span class='ocrx_word' id='word_1_384' title='bbox 1233 745 1352 765; x_wconf 88' lang='lat' dir='ltr'>rerum</span> <span class='ocrx_word' id='word_1_385' title='bbox 1373 736 1611 778; x_wconf 83' lang='lat' dir='ltr'>corporalimn</span> <span class='ocrx_word' id='word_1_386' title='bbox 1633 737 1810 771; x_wconf 78' lang='lat' dir='ltr'>distinctio</span> <span class='ocrx_word' id='word_1_387' title='bbox 1829 740 1904 774; x_wconf 86' lang='lat' dir='ltr'>erit.</span> <span class='ocrx_word' id='word_1_388' title='bbox 1968 742 2035 775; x_wconf 83' lang='lat' dir='ltr'>Sed</span> <span class='ocrx_word' id='word_1_389' title='bbox 2061 743 2091 777; x_wconf 79' lang='lat' dir='ltr'>si</span> 
     </span>
     <span class='ocr_line' id='line_1_64' title="bbox 1100 783 2089 833; baseline 0.012 -19"><span class='ocrx_word' id='word_1_390' title='bbox 1100 783 1216 815; x_wconf 87' lang='lat' dir='ltr'>maior</span> <span class='ocrx_word' id='word_1_391' title='bbox 1234 783 1451 828; x_wconf 75' lang='lat' dir='ltr'>intelligatur</span> <span class='ocrx_word' id='word_1_392' title='bbox 1468 786 1510 818; x_wconf 87' lang='lat' dir='ltr'>de</span> <span class='ocrx_word' id='word_1_393' title='bbox 1527 786 1602 819; x_wconf 86' lang='lat' dir='ltr'>iure</span> <span class='ocrx_word' id='word_1_394' title='bbox 1623 789 1665 820; x_wconf 85' lang='lat' dir='ltr'>ad</span> <span class='ocrx_word' id='word_1_395' title='bbox 1684 800 1759 820; x_wconf 84' lang='lat' dir='ltr'>rem</span> <span class='ocrx_word' id='word_1_396' title='bbox 1786 790 1820 822; x_wconf 89' lang='lat' dir='ltr'>in</span> <span class='ocrx_word' id='word_1_397' title='bbox 1844 788 1907 823; x_wconf 86' lang='lat' dir='ltr'>hac</span> <span class='ocrx_word' id='word_1_398' title='bbox 1932 792 2021 833; x_wconf 80' lang='lat' dir='ltr'>vita,</span> <span class='ocrx_word' id='word_1_399' title='bbox 2057 801 2089 827; x_wconf 85' lang='lat' dir='ltr'>et</span> 
     </span>
     <span class='ocr_line' id='line_1_65' title="bbox 1101 834 2089 879; baseline 0.013 -14"><span class='ocrx_word' id='word_1_400' title='bbox 1101 834 1280 867; x_wconf 86' lang='lat' dir='ltr'>conclusio</span> <span class='ocrx_word' id='word_1_401' title='bbox 1296 836 1337 867; x_wconf 88' lang='lat' dir='ltr'>de</span> <span class='ocrx_word' id='word_1_402' title='bbox 1356 835 1431 868; x_wconf 88' lang='lat' dir='ltr'>iure</span> <span class='ocrx_word' id='word_1_403' title='bbox 1452 836 1487 868; x_wconf 89' lang='lat' dir='ltr'>in</span> <span class='ocrx_word' id='word_1_404' title='bbox 1508 849 1544 869; x_wconf 87' lang='lat' dir='ltr'>re</span> <span class='ocrx_word' id='word_1_405' title='bbox 1562 837 1596 869; x_wconf 89' lang='lat' dir='ltr'>in</span> <span class='ocrx_word' id='word_1_406' title='bbox 1614 836 1679 871; x_wconf 90' lang='lat' dir='ltr'>hac</span> <span class='ocrx_word' id='word_1_407' title='bbox 1697 839 1766 871; x_wconf 68' lang='lat' dir='ltr'>vita</span> <span class='ocrx_word' id='word_1_408' title='bbox 1781 867 1789 879; x_wconf 88' lang='lat'>,</span> <span class='ocrx_word' id='word_1_409' title='bbox 1824 841 1949 875; x_wconf 82' lang='lat' dir='ltr'>salsum</span> <span class='ocrx_word' id='word_1_410' title='bbox 1966 850 2016 877; x_wconf 87' lang='lat' dir='ltr'>est</span> <span class='ocrx_word' id='word_1_411' title='bbox 2034 857 2089 877; x_wconf 90' lang='lat' dir='ltr'>ar-</span> 
     </span>
     <span class='ocr_line' id='line_1_66' title="bbox 1101 888 2089 939; baseline 0.011 -22"><span class='ocrx_word' id='word_1_412' title='bbox 1101 891 1328 929; x_wconf 80' lang='lat' dir='ltr'>gumentum,</span> <span class='ocrx_word' id='word_1_413' title='bbox 1371 888 1453 932; x_wconf 90' lang='lat' dir='ltr'>quia</span> <span class='ocrx_word' id='word_1_414' title='bbox 1477 888 1555 931; x_wconf 88' lang='lat' dir='ltr'>plus</span> <span class='ocrx_word' id='word_1_415' title='bbox 1584 889 1649 921; x_wconf 89' lang='lat' dir='ltr'>erit</span> <span class='ocrx_word' id='word_1_416' title='bbox 1673 890 1709 922; x_wconf 87' lang='lat' dir='ltr'>in</span> <span class='ocrx_word' id='word_1_417' title='bbox 1734 892 1957 925; x_wconf 82' lang='lat' dir='ltr'>conclusione</span> <span class='ocrx_word' id='word_1_418' title='bbox 1981 908 2089 939; x_wconf 86' lang='lat' dir='ltr'>quam</span> 
     </span>
     <span class='ocr_line' id='line_1_67' title="bbox 1101 936 1366 980; baseline 0.008 -12"><span class='ocrx_word' id='word_1_419' title='bbox 1101 948 1136 968; x_wconf 93' lang='lat' dir='ltr'>1n</span> <span class='ocrx_word' id='word_1_420' title='bbox 1155 936 1366 980; x_wconf 86' lang='lat' dir='ltr'>praemissis.</span> 
     </span>
    </p>

    <p class='ocr_par' dir='ltr' id='par_1_25' title="bbox 1100 987 1832 1082">
     <span class='ocr_line' id='line_1_68' title="bbox 1202 987 1832 1035; baseline 0.01 -16"><span class='ocrx_word' id='word_1_421' title='bbox 1202 987 1285 1020; x_wconf 91' lang='lat' dir='ltr'>Uno</span> <span class='ocrx_word' id='word_1_422' title='bbox 1316 989 1424 1021; x_wconf 65' lang='lat' dir='ltr'>verbo</span> <span class='ocrx_word' id='word_1_423' title='bbox 1459 991 1665 1033; x_wconf 81' lang='lat' dir='ltr'>responderi</span> <span class='ocrx_word' id='word_1_424' title='bbox 1698 999 1832 1035; x_wconf 86' lang='lat' dir='ltr'>posset:</span> 
     </span>
     <span class='ocr_line' id='line_1_69' title="bbox 1100 1038 1652 1082; baseline 0.009 -13"><span class='ocrx_word' id='word_1_425' title='bbox 1100 1050 1204 1077; x_wconf 77' lang='lat' dir='ltr'>vera,</span> <span class='ocrx_word' id='word_1_426' title='bbox 1231 1038 1460 1082; x_wconf 72' lang='lat' dir='ltr'>intelligendo</span> <span class='ocrx_word' id='word_1_427' title='bbox 1480 1041 1652 1075; x_wconf 86' lang='lat' dir='ltr'>ordinate.</span> 
     </span>
    </p>
   </div>
   <div class='ocr_carea' id='block_1_18' title="bbox 1098 994 2091 1794">
    <p class='ocr_par' dir='ltr' id='par_1_26' title="bbox 1098 994 2090 1187">
     <span class='ocr_line' id='line_1_70' title="bbox 1881 994 2089 1030; baseline 0.024 -5"><span class='ocrx_word' id='word_1_428' title='bbox 1881 994 2000 1028; x_wconf 85' lang='lat' dir='ltr'>Maior</span> <span class='ocrx_word' id='word_1_429' title='bbox 2039 1004 2089 1030; x_wconf 87' lang='lat' dir='ltr'>est</span> 
     </span>
     <span class='ocr_line' id='line_1_71' title="bbox 1706 1042 2090 1081; baseline 0.016 -6"><span class='ocrx_word' id='word_1_430' title='bbox 1706 1043 1773 1075; x_wconf 85' lang='lat' dir='ltr'>Sed</span> <span class='ocrx_word' id='word_1_431' title='bbox 1793 1042 1877 1077; x_wconf 81' lang='lat' dir='ltr'>haec</span> <span class='ocrx_word' id='word_1_432' title='bbox 1894 1046 2011 1081; x_wconf 80' lang='lat' dir='ltr'>brevis</span> <span class='ocrx_word' id='word_1_433' title='bbox 2035 1060 2090 1080; x_wconf 91' lang='lat' dir='ltr'>so-</span> 
     </span>
     <span class='ocr_line' id='line_1_72' title="bbox 1098 1089 2088 1141; baseline 0.011 -21"><span class='ocrx_word' id='word_1_434' title='bbox 1098 1089 1187 1122; x_wconf 87' lang='lat' dir='ltr'>lutio</span> <span class='ocrx_word' id='word_1_435' title='bbox 1204 1096 1325 1133; x_wconf 88' lang='lat' dir='ltr'>postea</span> <span class='ocrx_word' id='word_1_436' title='bbox 1348 1096 1466 1123; x_wconf 87' lang='lat' dir='ltr'>tamen</span> <span class='ocrx_word' id='word_1_437' title='bbox 1488 1092 1593 1136; x_wconf 76' lang='lat' dir='ltr'>longa</span> <span class='ocrx_word' id='word_1_438' title='bbox 1621 1094 1858 1128; x_wconf 86' lang='lat' dir='ltr'>declaratione</span> <span class='ocrx_word' id='word_1_439' title='bbox 1884 1097 2088 1141; x_wconf 80' lang='lat' dir='ltr'>explicanda</span> 
     </span>
     <span class='ocr_line' id='line_1_73' title="bbox 1100 1140 1996 1187; baseline 0.011 -15"><span class='ocrx_word' id='word_1_440' title='bbox 1100 1147 1207 1180; x_wconf 87' lang='lat' dir='ltr'>esset,</span> <span class='ocrx_word' id='word_1_441' title='bbox 1235 1140 1314 1174; x_wconf 90' lang='lat' dir='ltr'>ideo</span> <span class='ocrx_word' id='word_1_442' title='bbox 1330 1142 1442 1185; x_wconf 85' lang='lat' dir='ltr'>priori</span> <span class='ocrx_word' id='word_1_443' title='bbox 1458 1145 1688 1187; x_wconf 79' lang='lat' dir='ltr'>responsione</span> <span class='ocrx_word' id='word_1_444' title='bbox 1706 1147 1861 1179; x_wconf 85' lang='lat' dir='ltr'>contenti</span> <span class='ocrx_word' id='word_1_445' title='bbox 1877 1148 1996 1182; x_wconf 86' lang='lat' dir='ltr'>simus.</span> 
     </span>
    </p>

    <p class='ocr_par' dir='ltr' id='par_1_27' title="bbox 1098 1191 2091 1794">
     <span class='ocr_line' id='line_1_74' title="bbox 1202 1191 2089 1244; baseline 0.012 -21"><span class='ocrx_word' id='word_1_446' title='bbox 1202 1191 1278 1224; x_wconf 92' lang='lat' dir='ltr'>Hoc</span> <span class='ocrx_word' id='word_1_447' title='bbox 1316 1201 1565 1236; x_wconf 78' lang='lat' dir='ltr'>argumentum</span> <span class='ocrx_word' id='word_1_448' title='bbox 1605 1196 1712 1228; x_wconf 81' lang='lat' dir='ltr'>recito</span> <span class='ocrx_word' id='word_1_449' title='bbox 1747 1205 1895 1241; x_wconf 82' lang='lat' dir='ltr'>propter</span> <span class='ocrx_word' id='word_1_450' title='bbox 1926 1200 2089 1244; x_wconf 72' lang='lat' dir='ltr'>Augusti-</span> 
     </span>
     <span class='ocr_line' id='line_1_75' title="bbox 1099 1243 2090 1291; baseline 0.011 -18"><span class='ocrx_word' id='word_1_451' title='bbox 1099 1253 1205 1282; x_wconf 90' lang='lat' dir='ltr'>num,</span> <span class='ocrx_word' id='word_1_452' title='bbox 1234 1243 1295 1287; x_wconf 89' lang='lat' dir='ltr'>qui</span> <span class='ocrx_word' id='word_1_453' title='bbox 1318 1256 1358 1276; x_wconf 73' lang='lat' dir='ltr'>ex</span> <span class='ocrx_word' id='word_1_454' title='bbox 1385 1244 1477 1277; x_wconf 86' lang='lat' dir='ltr'>dicto</span> <span class='ocrx_word' id='word_1_455' title='bbox 1506 1245 1637 1278; x_wconf 86' lang='lat' dir='ltr'>Psalmi</span> <span class='ocrx_word' id='word_1_456' title='bbox 1657 1247 1734 1291; x_wconf 72' lang='lat'>(24,</span> <span class='ocrx_word' id='word_1_457' title='bbox 1756 1250 1823 1291; x_wconf 88' lang='lat'>1.):</span> <span class='ocrx_word' id='word_1_458' title='bbox 1867 1249 2014 1283; x_wconf 88' lang='lat' dir='ltr'>Domini</span> <span class='ocrx_word' id='word_1_459' title='bbox 2041 1258 2090 1284; x_wconf 85' lang='lat' dir='ltr'>est</span> 
     </span>
     <span class='ocr_line' id='line_1_76' title="bbox 1100 1294 2089 1345; baseline 0.011 -21"><span class='ocrx_word' id='word_1_460' title='bbox 1100 1298 1193 1324; x_wconf 89' lang='lat' dir='ltr'>terra</span> <span class='ocrx_word' id='word_1_461' title='bbox 1214 1299 1296 1332; x_wconf 84' lang='lat' dir='ltr'>etc.,</span> <span class='ocrx_word' id='word_1_462' title='bbox 1324 1295 1431 1327; x_wconf 87' lang='lat' dir='ltr'>sumit</span> <span class='ocrx_word' id='word_1_463' title='bbox 1458 1294 1547 1328; x_wconf 87' lang='lat' dir='ltr'>hanc</span> <span class='ocrx_word' id='word_1_464' title='bbox 1574 1299 1854 1332; x_wconf 79' lang='lat' dir='ltr'>conclusionem:</span> <span class='ocrx_word' id='word_1_465' title='bbox 1895 1301 1989 1345; x_wconf 80' lang='lat' dir='ltr'>Ergo</span> <span class='ocrx_word' id='word_1_466' title='bbox 2017 1315 2089 1335; x_wconf 87' lang='lat' dir='ltr'>nou</span> 
     </span>
     <span class='ocr_line' id='line_1_77' title="bbox 1099 1344 2091 1386; baseline 0.012 -11"><span class='ocrx_word' id='word_1_467' title='bbox 1099 1349 1150 1376; x_wconf 85' lang='lat' dir='ltr'>est</span> <span class='ocrx_word' id='word_1_468' title='bbox 1165 1344 1343 1378; x_wconf 85' lang='lat' dir='ltr'>distinctio</span> <span class='ocrx_word' id='word_1_469' title='bbox 1361 1347 1602 1380; x_wconf 89' lang='lat' dir='ltr'>dominiorum</span> <span class='ocrx_word' id='word_1_470' title='bbox 1623 1348 1698 1381; x_wconf 88' lang='lat' dir='ltr'>iure</span> <span class='ocrx_word' id='word_1_471' title='bbox 1717 1350 1850 1384; x_wconf 70' lang='lat' dir='ltr'>divino.</span> <span class='ocrx_word' id='word_1_472' title='bbox 1893 1352 1988 1385; x_wconf 86' lang='lat' dir='ltr'>Haec</span> <span class='ocrx_word' id='word_1_473' title='bbox 2008 1366 2091 1386; x_wconf 89' lang='lat' dir='ltr'>con-</span> 
     </span>
     <span class='ocr_line' id='line_1_78' title="bbox 1099 1395 2090 1442; baseline 0.013 -17"><span class='ocrx_word' id='word_1_474' title='bbox 1099 1395 1282 1438; x_wconf 83' lang='lat' dir='ltr'>sequentia</span> <span class='ocrx_word' id='word_1_475' title='bbox 1304 1407 1377 1428; x_wconf 90' lang='lat' dir='ltr'>non</span> <span class='ocrx_word' id='word_1_476' title='bbox 1400 1398 1512 1437; x_wconf 80' lang='lat' dir='ltr'>valet,</span> <span class='ocrx_word' id='word_1_477' title='bbox 1548 1399 1630 1442; x_wconf 88' lang='lat' dir='ltr'>quia</span> <span class='ocrx_word' id='word_1_478' title='bbox 1655 1400 1791 1434; x_wconf 84' lang='lat' dir='ltr'>etiamsi</span> <span class='ocrx_word' id='word_1_479' title='bbox 1815 1401 1926 1436; x_wconf 85' lang='lat' dir='ltr'>Filius</span> <span class='ocrx_word' id='word_1_480' title='bbox 1951 1403 2019 1437; x_wconf 77' lang='lat' dir='ltr'>Dei</span> <span class='ocrx_word' id='word_1_481' title='bbox 2040 1411 2090 1438; x_wconf 84' lang='lat' dir='ltr'>est</span> 
     </span>
     <span class='ocr_line' id='line_1_79' title="bbox 1099 1445 2089 1489; baseline 0.012 -13"><span class='ocrx_word' id='word_1_482' title='bbox 1099 1445 1265 1479; x_wconf 87' lang='lat' dir='ltr'>dominus</span> <span class='ocrx_word' id='word_1_483' title='bbox 1286 1447 1471 1480; x_wconf 83' lang='lat' dir='ltr'>universae</span> <span class='ocrx_word' id='word_1_484' title='bbox 1491 1455 1658 1489; x_wconf 87' lang='lat' dir='ltr'>naturae,</span> <span class='ocrx_word' id='word_1_485' title='bbox 1695 1458 1728 1483; x_wconf 87' lang='lat' dir='ltr'>et</span> <span class='ocrx_word' id='word_1_486' title='bbox 1750 1449 1855 1484; x_wconf 84' lang='lat' dir='ltr'>habet</span> <span class='ocrx_word' id='word_1_487' title='bbox 1878 1453 1948 1486; x_wconf 87' lang='lat' dir='ltr'>iam</span> <span class='ocrx_word' id='word_1_488' title='bbox 1975 1455 2027 1489; x_wconf 87' lang='lat' dir='ltr'>ius</span> <span class='ocrx_word' id='word_1_489' title='bbox 2054 1456 2089 1488; x_wconf 90' lang='lat' dir='ltr'>in</span> 
     </span>
     <span class='ocr_line' id='line_1_80' title="bbox 1098 1496 2090 1543; baseline 0.013 -16"><span class='ocrx_word' id='word_1_490' title='bbox 1098 1508 1155 1535; x_wconf 87' lang='lat' dir='ltr'>re,</span> <span class='ocrx_word' id='word_1_491' title='bbox 1183 1496 1267 1529; x_wconf 54' lang='lat' dir='ltr'>vicit</span> <span class='ocrx_word' id='word_1_492' title='bbox 1282 1504 1433 1530; x_wconf 87' lang='lat' dir='ltr'>mortem</span> <span class='ocrx_word' id='word_1_493' title='bbox 1457 1504 1490 1531; x_wconf 86' lang='lat' dir='ltr'>et</span> <span class='ocrx_word' id='word_1_494' title='bbox 1511 1512 1653 1532; x_wconf 77' lang='lat' dir='ltr'>munem</span> <span class='ocrx_word' id='word_1_495' title='bbox 1677 1503 1902 1543; x_wconf 79' lang='lat' dir='ltr'>servitutem,</span> <span class='ocrx_word' id='word_1_496' title='bbox 1932 1511 1965 1538; x_wconf 86' lang='lat' dir='ltr'>et</span> <span class='ocrx_word' id='word_1_497' title='bbox 1987 1507 2090 1540; x_wconf 88' lang='lat' dir='ltr'>nobis</span> 
     </span>
     <span class='ocr_line' id='line_1_81' title="bbox 1100 1547 2089 1596; baseline 0.012 -18"><span class='ocrx_word' id='word_1_498' title='bbox 1100 1547 1314 1591; x_wconf 88' lang='lat' dir='ltr'>opitulatur,</span> <span class='ocrx_word' id='word_1_499' title='bbox 1343 1555 1549 1582; x_wconf 85' lang='lat' dir='ltr'>tamennon</span> <span class='ocrx_word' id='word_1_500' title='bbox 1570 1551 1747 1596; x_wconf 85' lang='lat' dir='ltr'>sequitur,</span> <span class='ocrx_word' id='word_1_501' title='bbox 1776 1567 1840 1587; x_wconf 89' lang='lat' dir='ltr'>nos</span> <span class='ocrx_word' id='word_1_502' title='bbox 1866 1555 1934 1588; x_wconf 86' lang='lat' dir='ltr'>iam</span> <span class='ocrx_word' id='word_1_503' title='bbox 1960 1554 2089 1591; x_wconf 82' lang='lat' dir='ltr'>habere</span> 
     </span>
     <span class='ocr_line' id='line_1_82' title="bbox 1098 1599 2087 1647; baseline 0.01 -16"><span class='ocrx_word' id='word_1_504' title='bbox 1098 1599 1211 1631; x_wconf 90' lang='lat' dir='ltr'>simile</span> <span class='ocrx_word' id='word_1_505' title='bbox 1236 1599 1288 1632; x_wconf 88' lang='lat' dir='ltr'>ius</span> <span class='ocrx_word' id='word_1_506' title='bbox 1312 1600 1348 1632; x_wconf 91' lang='lat' dir='ltr'>in</span> <span class='ocrx_word' id='word_1_507' title='bbox 1372 1613 1428 1640; x_wconf 87' lang='lat' dir='ltr'>re,</span> <span class='ocrx_word' id='word_1_508' title='bbox 1469 1601 1631 1634; x_wconf 66' lang='lat' dir='ltr'>videlicet</span> <span class='ocrx_word' id='word_1_509' title='bbox 1661 1615 1810 1647; x_wconf 81' lang='lat' dir='ltr'>corpora</span> <span class='ocrx_word' id='word_1_510' title='bbox 1836 1618 1908 1638; x_wconf 90' lang='lat' dir='ltr'>non</span> <span class='ocrx_word' id='word_1_511' title='bbox 1935 1608 2087 1641; x_wconf 83' lang='lat' dir='ltr'>obnoxia</span> 
     </span>
     <span class='ocr_line' id='line_1_83' title="bbox 1100 1650 2087 1693; baseline 0.011 -12"><span class='ocrx_word' id='word_1_512' title='bbox 1100 1650 1206 1682; x_wconf 87' lang='lat' dir='ltr'>morti</span> <span class='ocrx_word' id='word_1_513' title='bbox 1231 1657 1265 1682; x_wconf 90' lang='lat' dir='ltr'>et</span> <span class='ocrx_word' id='word_1_514' title='bbox 1289 1651 1364 1684; x_wconf 88' lang='lat' dir='ltr'>aliis</span> <span class='ocrx_word' id='word_1_515' title='bbox 1388 1651 1666 1693; x_wconf 84' lang='lat' dir='ltr'>calamitatibus,</span> <span class='ocrx_word' id='word_1_516' title='bbox 1699 1661 1758 1688; x_wconf 81' lang='lat' dir='ltr'>aut</span> <span class='ocrx_word' id='word_1_517' title='bbox 1783 1653 1912 1690; x_wconf 83' lang='lat' dir='ltr'>habere</span> <span class='ocrx_word' id='word_1_518' title='bbox 1938 1658 2087 1692; x_wconf 87' lang='lat' dir='ltr'>similem</span> 
     </span>
     <span class='ocr_line' id='line_1_84' title="bbox 1098 1701 2088 1749; baseline 0.011 -17"><span class='ocrx_word' id='word_1_519' title='bbox 1098 1701 1314 1744; x_wconf 83' lang='lat' dir='ltr'>potentiam,</span> <span class='ocrx_word' id='word_1_520' title='bbox 1349 1703 1408 1735; x_wconf 89' lang='lat' dir='ltr'>sed</span> <span class='ocrx_word' id='word_1_521' title='bbox 1433 1702 1519 1735; x_wconf 90' lang='lat' dir='ltr'>illud</span> <span class='ocrx_word' id='word_1_522' title='bbox 1545 1705 1719 1749; x_wconf 82' lang='lat' dir='ltr'>sequitur:</span> <span class='ocrx_word' id='word_1_523' title='bbox 1762 1708 1955 1742; x_wconf 84' lang='lat' dir='ltr'>resuscitati</span> <span class='ocrx_word' id='word_1_524' title='bbox 1987 1717 2088 1744; x_wconf 86' lang='lat' dir='ltr'>erunt</span> 
     </span>
     <span class='ocr_line' id='line_1_85' title="bbox 1099 1752 2000 1794; baseline 0.011 -10"><span class='ocrx_word' id='word_1_525' title='bbox 1099 1752 1236 1785; x_wconf 87' lang='lat' dir='ltr'>domini</span> <span class='ocrx_word' id='word_1_526' title='bbox 1250 1752 1342 1785; x_wconf 83' lang='lat' dir='ltr'>vitae</span> <span class='ocrx_word' id='word_1_527' title='bbox 1362 1759 1394 1785; x_wconf 89' lang='lat' dir='ltr'>et</span> <span class='ocrx_word' id='word_1_528' title='bbox 1410 1754 1535 1788; x_wconf 88' lang='lat' dir='ltr'>mortis</span> <span class='ocrx_word' id='word_1_529' title='bbox 1550 1755 1690 1788; x_wconf 87' lang='lat' dir='ltr'>liberati</span> <span class='ocrx_word' id='word_1_530' title='bbox 1706 1758 1804 1790; x_wconf 88' lang='lat' dir='ltr'>omni</span> <span class='ocrx_word' id='word_1_531' title='bbox 1821 1760 2000 1794; x_wconf 78' lang='lat' dir='ltr'>servitute.</span> 
     </span>
    </p>
   </div>
   <div class='ocr_carea' id='block_1_19' title="bbox 1313 1837 1877 1883">
    <p class='ocr_par' dir='ltr' id='par_1_28' title="bbox 1313 1837 1877 1883">
     <span class='ocr_line' id='line_1_86' title="bbox 1313 1837 1877 1883; baseline 0.011 -14"><span class='ocrx_word' id='word_1_532' title='bbox 1313 1837 1518 1871; x_wconf 88' lang='lat' dir='ltr'>Tertium</span> <span class='ocrx_word' id='word_1_533' title='bbox 1547 1848 1877 1883; x_wconf 82' lang='lat' dir='ltr'>argumentum.</span> 
     </span>
    </p>
   </div>
   <div class='ocr_carea' id='block_1_20' title="bbox 1095 1904 2086 2566">
    <p class='ocr_par' dir='ltr' id='par_1_29' title="bbox 1148 1904 2086 1954">
     <span class='ocr_line' id='line_1_87' title="bbox 1148 1904 2086 1954; baseline 0.01 -16"><span class='ocrx_word' id='word_1_534' title='bbox 1148 1904 1250 1938; x_wconf 84' lang='lat' dir='ltr'>Tolle</span> <span class='ocrx_word' id='word_1_535' title='bbox 1273 1904 1350 1937; x_wconf 89' lang='lat' dir='ltr'>iura</span> <span class='ocrx_word' id='word_1_536' title='bbox 1374 1905 1648 1949; x_wconf 85' lang='lat' dir='ltr'>imperatorum:</span> <span class='ocrx_word' id='word_1_537' title='bbox 1687 1920 1792 1942; x_wconf 87' lang='lat' dir='ltr'>nemo</span> <span class='ocrx_word' id='word_1_538' title='bbox 1815 1917 1932 1954; x_wconf 84' lang='lat' dir='ltr'>potest</span> <span class='ocrx_word' id='word_1_539' title='bbox 1952 1912 2086 1947; x_wconf 88' lang='lat' dir='ltr'>dicere:</span> 
     </span>
    </p>

    <p class='ocr_par' dir='ltr' id='par_1_30' title="bbox 1200 1955 2023 2009">
     <span class='ocr_line' id='line_1_88' title="bbox 1200 1955 2023 2009; baseline 0.013 -22"><span class='ocrx_word' id='word_1_540' title='bbox 1200 1955 1293 1988; x_wconf 88' lang='lat' dir='ltr'>Haec</span> <span class='ocrx_word' id='word_1_541' title='bbox 1311 1956 1394 1988; x_wconf 71' lang='lat' dir='ltr'>villa</span> <span class='ocrx_word' id='word_1_542' title='bbox 1414 1969 1489 1989; x_wconf 88' lang='lat' dir='ltr'>mea</span> <span class='ocrx_word' id='word_1_543' title='bbox 1508 1964 1578 1997; x_wconf 85' lang='lat' dir='ltr'>est,</span> <span class='ocrx_word' id='word_1_544' title='bbox 1608 1958 1722 2004; x_wconf 86' lang='lat' dir='ltr'>inquit</span> <span class='ocrx_word' id='word_1_545' title='bbox 1740 1960 2023 2009; x_wconf 55' lang='lat' dir='ltr'>Augustinusffi).</span> 
     </span>
    </p>

    <p class='ocr_par' dir='ltr' id='par_1_31' title="bbox 1148 2006 2085 2091">
     <span class='ocr_line' id='line_1_89' title="bbox 1148 2006 2085 2050; baseline 0.013 -13"><span class='ocrx_word' id='word_1_546' title='bbox 1148 2006 1242 2050; x_wconf 82' lang='lat' dir='ltr'>Ergo</span> <span class='ocrx_word' id='word_1_547' title='bbox 1260 2012 1398 2039; x_wconf 88' lang='lat' dir='ltr'>tantum</span> <span class='ocrx_word' id='word_1_548' title='bbox 1413 2008 1603 2041; x_wconf 87' lang='lat' dir='ltr'>autoritate</span> <span class='ocrx_word' id='word_1_549' title='bbox 1621 2008 1808 2044; x_wconf 89' lang='lat' dir='ltr'>homimun</span> <span class='ocrx_word' id='word_1_550' title='bbox 1826 2012 1987 2047; x_wconf 88' lang='lat' dir='ltr'>distincta</span> <span class='ocrx_word' id='word_1_551' title='bbox 2006 2023 2085 2049; x_wconf 86' lang='lat' dir='ltr'>sunt</span> 
     </span>
     <span class='ocr_line' id='line_1_90' title="bbox 1200 2057 1370 2091; baseline 0.006 -1"><span class='ocrx_word' id='word_1_552' title='bbox 1200 2057 1370 2091; x_wconf 86' lang='lat' dir='ltr'>dominia.</span> 
     </span>
    </p>

    <p class='ocr_par' dir='ltr' id='par_1_32' title="bbox 1095 2108 2084 2566">
     <span class='ocr_line' id='line_1_91' title="bbox 1198 2108 2084 2157; baseline 0.01 -17"><span class='ocrx_word' id='word_1_553' title='bbox 1198 2108 1430 2153; x_wconf 80' lang='lat' dir='ltr'>Respondeo:</span> <span class='ocrx_word' id='word_1_554' title='bbox 1468 2109 1567 2153; x_wconf 62' lang='lat' dir='ltr'>Nego</span> <span class='ocrx_word' id='word_1_555' title='bbox 1592 2113 1901 2157; x_wconf 81' lang='lat' dir='ltr'>consequentiam,</span> <span class='ocrx_word' id='word_1_556' title='bbox 1938 2121 1971 2148; x_wconf 90' lang='lat' dir='ltr'>et</span> <span class='ocrx_word' id='word_1_557' title='bbox 1994 2117 2084 2149; x_wconf 90' lang='lat' dir='ltr'>ratio</span> 
     </span>
     <span class='ocr_line' id='line_1_92' title="bbox 1097 2159 2084 2207; baseline 0.008 -15"><span class='ocrx_word' id='word_1_558' title='bbox 1097 2165 1166 2199; x_wconf 89' lang='lat' dir='ltr'>est,</span> <span class='ocrx_word' id='word_1_559' title='bbox 1201 2159 1283 2205; x_wconf 90' lang='lat' dir='ltr'>quia</span> <span class='ocrx_word' id='word_1_560' title='bbox 1312 2161 1517 2204; x_wconf 83' lang='lat' dir='ltr'>proceditur</span> <span class='ocrx_word' id='word_1_561' title='bbox 1541 2174 1559 2194; x_wconf 90' lang='lat' dir='ltr'>a</span> <span class='ocrx_word' id='word_1_562' title='bbox 1584 2174 1658 2194; x_wconf 89' lang='lat' dir='ltr'>non</span> <span class='ocrx_word' id='word_1_563' title='bbox 1683 2164 1934 2199; x_wconf 82' lang='lat' dir='ltr'>sufficientibus</span> <span class='ocrx_word' id='word_1_564' title='bbox 1961 2168 2084 2207; x_wconf 86' lang='lat' dir='ltr'>causis,</span> 
     </span>
     <span class='ocr_line' id='line_1_93' title="bbox 1097 2210 2084 2261; baseline 0.009 -19"><span class='ocrx_word' id='word_1_565' title='bbox 1097 2210 1179 2256; x_wconf 81' lang='lat' dir='ltr'>quia</span> <span class='ocrx_word' id='word_1_566' title='bbox 1195 2211 1269 2244; x_wconf 87' lang='lat' dir='ltr'>sola</span> <span class='ocrx_word' id='word_1_567' title='bbox 1294 2211 1465 2245; x_wconf 84' lang='lat' dir='ltr'>autoritas</span> <span class='ocrx_word' id='word_1_568' title='bbox 1491 2212 1762 2256; x_wconf 77' lang='lat' dir='ltr'>magistratuum</span> <span class='ocrx_word' id='word_1_569' title='bbox 1784 2227 2010 2261; x_wconf 87' lang='lat' dir='ltr'>nequaquam</span> <span class='ocrx_word' id='word_1_570' title='bbox 2034 2225 2084 2251; x_wconf 85' lang='lat' dir='ltr'>cst</span> 
     </span>
     <span class='ocr_line' id='line_1_94' title="bbox 1098 2261 2082 2307; baseline 0.009 -14"><span class='ocrx_word' id='word_1_571' title='bbox 1098 2261 1303 2306; x_wconf 80' lang='lat' dir='ltr'>principalis</span> <span class='ocrx_word' id='word_1_572' title='bbox 1329 2275 1432 2296; x_wconf 88' lang='lat' dir='ltr'>causa</span> <span class='ocrx_word' id='word_1_573' title='bbox 1457 2263 1693 2298; x_wconf 86' lang='lat' dir='ltr'>distinctionis</span> <span class='ocrx_word' id='word_1_574' title='bbox 1720 2265 1981 2307; x_wconf 87' lang='lat' dir='ltr'>dominiorum,</span> <span class='ocrx_word' id='word_1_575' title='bbox 2023 2270 2082 2302; x_wconf 88' lang='lat' dir='ltr'>sed</span> 
     </span>
     <span class='ocr_line' id='line_1_95' title="bbox 1096 2312 2083 2359; baseline 0.006 -13"><span class='ocrx_word' id='word_1_576' title='bbox 1096 2312 1163 2346; x_wconf 84' lang='lat' dir='ltr'>hoc</span> <span class='ocrx_word' id='word_1_577' title='bbox 1180 2313 1358 2358; x_wconf 84' lang='lat' dir='ltr'>sequitur,</span> <span class='ocrx_word' id='word_1_578' title='bbox 1395 2315 1489 2358; x_wconf 89' lang='lat' dir='ltr'>quod</span> <span class='ocrx_word' id='word_1_579' title='bbox 1507 2315 1641 2359; x_wconf 89' lang='lat' dir='ltr'>aliquid</span> <span class='ocrx_word' id='word_1_580' title='bbox 1658 2323 1737 2359; x_wconf 83' lang='lat' dir='ltr'>agat</span> <span class='ocrx_word' id='word_1_581' title='bbox 1754 2317 1998 2359; x_wconf 84' lang='lat' dir='ltr'>magistratus,</span> <span class='ocrx_word' id='word_1_582' title='bbox 2032 2320 2083 2352; x_wconf 72' lang='lat' dir='ltr'>vi-</span> 
     </span>
     <span class='ocr_line' id='line_1_96' title="bbox 1097 2364 2081 2404; baseline 0.008 -8"><span class='ocrx_word' id='word_1_583' title='bbox 1097 2364 1239 2403; x_wconf 88' lang='lat' dir='ltr'>delicet,</span> <span class='ocrx_word' id='word_1_584' title='bbox 1267 2370 1318 2397; x_wconf 88' lang='lat' dir='ltr'>est</span> <span class='ocrx_word' id='word_1_585' title='bbox 1340 2364 1502 2397; x_wconf 88' lang='lat' dir='ltr'>minister</span> <span class='ocrx_word' id='word_1_586' title='bbox 1526 2366 1661 2399; x_wconf 89' lang='lat' dir='ltr'>ordinis</span> <span class='ocrx_word' id='word_1_587' title='bbox 1683 2367 1795 2399; x_wconf 85' lang='lat' dir='ltr'>divini</span> <span class='ocrx_word' id='word_1_588' title='bbox 1816 2367 1852 2399; x_wconf 92' lang='lat' dir='ltr'>in</span> <span class='ocrx_word' id='word_1_589' title='bbox 1878 2370 2081 2404; x_wconf 76' lang='lat' dir='ltr'>executione</span> 
     </span>
     <span class='ocr_line' id='line_1_97' title="bbox 1098 2414 2081 2462; baseline 0.009 -16"><span class='ocrx_word' id='word_1_590' title='bbox 1098 2415 1151 2447; x_wconf 76' lang='lat' dir='ltr'>vel</span> <span class='ocrx_word' id='word_1_591' title='bbox 1170 2414 1373 2448; x_wconf 73' lang='lat' dir='ltr'>defensione</span> <span class='ocrx_word' id='word_1_592' title='bbox 1404 2416 1541 2461; x_wconf 49' lang='lat' dir='ltr'>etam).</span> <span class='ocrx_word' id='word_1_593' title='bbox 1610 2416 1658 2449; x_wconf 91' lang='lat' dir='ltr'>Ut</span> <span class='ocrx_word' id='word_1_594' title='bbox 1690 2418 1725 2449; x_wconf 90' lang='lat' dir='ltr'>in</span> <span class='ocrx_word' id='word_1_595' title='bbox 1752 2426 1957 2462; x_wconf 85' lang='lat' dir='ltr'>praecepto:</span> <span class='ocrx_word' id='word_1_596' title='bbox 2000 2421 2081 2454; x_wconf 65' lang='lat' dir='ltr'>Non</span> 
     </span>
     <span class='ocr_line' id='line_1_98' title="bbox 1097 2466 2080 2513; baseline 0.007 -14"><span class='ocrx_word' id='word_1_597' title='bbox 1097 2466 1252 2505; x_wconf 89' lang='lat' dir='ltr'>occides,</span> <span class='ocrx_word' id='word_1_598' title='bbox 1292 2466 1517 2509; x_wconf 81' lang='lat' dir='ltr'>magistratus</span> <span class='ocrx_word' id='word_1_599' title='bbox 1548 2480 1619 2499; x_wconf 85' lang='lat' dir='ltr'>non</span> <span class='ocrx_word' id='word_1_600' title='bbox 1650 2469 1709 2500; x_wconf 86' lang='lat' dir='ltr'>dat</span> <span class='ocrx_word' id='word_1_601' title='bbox 1733 2469 1840 2501; x_wconf 67' lang='lat' dir='ltr'>vitam</span> <span class='ocrx_word' id='word_1_602' title='bbox 1865 2467 2080 2513; x_wconf 86' lang='lat' dir='ltr'>hominibus,</span> 
     </span>
     <span class='ocr_line' id='line_1_99' title="bbox 1095 2517 2079 2566; baseline 0.005 -16"><span class='ocrx_word' id='word_1_603' title='bbox 1095 2519 1155 2550; x_wconf 86' lang='lat' dir='ltr'>sed</span> <span class='ocrx_word' id='word_1_604' title='bbox 1172 2524 1221 2550; x_wconf 88' lang='lat' dir='ltr'>est</span> <span class='ocrx_word' id='word_1_605' title='bbox 1239 2517 1399 2550; x_wconf 87' lang='lat' dir='ltr'>minister</span> <span class='ocrx_word' id='word_1_606' title='bbox 1417 2518 1550 2550; x_wconf 84' lang='lat' dir='ltr'>ordinis</span> <span class='ocrx_word' id='word_1_607' title='bbox 1576 2518 1686 2550; x_wconf 67' lang='lat' dir='ltr'>dixini</span> <span class='ocrx_word' id='word_1_608' title='bbox 1712 2526 1743 2551; x_wconf 88' lang='lat' dir='ltr'>et</span> <span class='ocrx_word' id='word_1_609' title='bbox 1770 2520 1929 2564; x_wconf 86' lang='lat' dir='ltr'>sequitur</span> <span class='ocrx_word' id='word_1_610' title='bbox 1953 2536 2079 2566; x_wconf 79' lang='lat' dir='ltr'>poena,</span> 
     </span>
    </p>
   </div>
   <div class='ocr_carea' id='block_1_21' title="bbox 1130 2625 2077 2726">
    <p class='ocr_par' dir='ltr' id='par_1_33' title="bbox 1130 2625 2077 2726">
     <span class='ocr_line' id='line_1_100' title="bbox 1130 2625 2077 2657; baseline 0.004 -6"><span class='ocrx_word' id='word_1_611' title='bbox 1130 2626 1177 2657; x_wconf 79' lang='lat'>28)</span> <span class='ocrx_word' id='word_1_612' title='bbox 1199 2628 1271 2650; x_wconf 80' lang='lat' dir='ltr'>Haec</span> <span class='ocrx_word' id='word_1_613' title='bbox 1291 2632 1323 2649; x_wconf 82' lang='lat' dir='ltr'>ex</span> <span class='ocrx_word' id='word_1_614' title='bbox 1334 2625 1479 2656; x_wconf 76' lang='lat' dir='ltr'>Augustini</span> <span class='ocrx_word' id='word_1_615' title='bbox 1499 2628 1578 2650; x_wconf 82' lang='lat' dir='ltr'>tract.</span> <span class='ocrx_word' id='word_1_616' title='bbox 1594 2627 1636 2650; x_wconf 79' lang='lat' dir='ltr'>VI.</span> <span class='ocrx_word' id='word_1_617' title='bbox 1656 2628 1689 2650; x_wconf 83' lang='lat' dir='ltr'>ad</span> <span class='ocrx_word' id='word_1_618' title='bbox 1708 2634 1729 2651; x_wconf 88' lang='lat' dir='ltr'>c.</span> <span class='ocrx_word' id='word_1_619' title='bbox 1750 2629 1771 2652; x_wconf 86' lang='grc'>1.</span> <span class='ocrx_word' id='word_1_620' title='bbox 1786 2629 1895 2652; x_wconf 77' lang='lat' dir='ltr'>ioannis</span> <span class='ocrx_word' id='word_1_621' title='bbox 1915 2631 2034 2654; x_wconf 80' lang='lat' dir='ltr'>citantur</span> <span class='ocrx_word' id='word_1_622' title='bbox 2053 2632 2077 2655; x_wconf 78' lang='lat' dir='ltr'>in</span> 
     </span>
     <span class='ocr_line' id='line_1_101' title="bbox 1164 2660 2076 2693; baseline 0.004 -9"><span class='ocrx_word' id='word_1_623' title='bbox 1164 2660 1274 2684; x_wconf 84' lang='lat' dir='ltr'>Decreti</span> <span class='ocrx_word' id='word_1_624' title='bbox 1292 2660 1379 2689; x_wconf 82' lang='lat' dir='ltr'>prima</span> <span class='ocrx_word' id='word_1_625' title='bbox 1397 2663 1474 2689; x_wconf 81' lang='lat' dir='ltr'>parte</span> <span class='ocrx_word' id='word_1_626' title='bbox 1493 2661 1555 2683; x_wconf 85' lang='lat' dir='ltr'>dist.</span> <span class='ocrx_word' id='word_1_627' title='bbox 1571 2663 1595 2685; x_wconf 65' lang='grc' dir='ltr'>ὅ.</span> <span class='ocrx_word' id='word_1_628' title='bbox 1615 2668 1638 2684; x_wconf 88' lang='lat' dir='ltr'>c.</span> <span class='ocrx_word' id='word_1_629' title='bbox 1655 2662 1677 2684; x_wconf 89' lang='lat'>1.</span> <span class='ocrx_word' id='word_1_630' title='bbox 1699 2663 1722 2690; x_wconf 71' lang='lat' dir='ltr'>s.</span> <span class='ocrx_word' id='word_1_631' title='bbox 1743 2663 1764 2687; x_wconf 85' lang='lat'>1.</span> <span class='ocrx_word' id='word_1_632' title='bbox 1793 2663 1888 2693; x_wconf 59' lang='lat' dir='ltr'>(corp.</span> <span class='ocrx_word' id='word_1_633' title='bbox 1914 2665 1963 2688; x_wconf 81' lang='lat' dir='ltr'>tur.</span> <span class='ocrx_word' id='word_1_634' title='bbox 1983 2671 2076 2689; x_wconf 77' lang='lat' dir='ltr'>canon.</span> 
     </span>
     <span class='ocr_line' id='line_1_102' title="bbox 1165 2694 2077 2726; baseline 0.002 -7"><span class='ocrx_word' id='word_1_635' title='bbox 1165 2696 1205 2719; x_wconf 82' lang='lat' dir='ltr'>ed.</span> <span class='ocrx_word' id='word_1_636' title='bbox 1220 2695 1330 2717; x_wconf 82' lang='lat' dir='ltr'>Richter</span> <span class='ocrx_word' id='word_1_637' title='bbox 1348 2694 1376 2717; x_wconf 86' lang='lat' dir='ltr'>P.</span> <span class='ocrx_word' id='word_1_638' title='bbox 1391 2694 1410 2718; x_wconf 89' lang='lat'>1.</span> <span class='ocrx_word' id='word_1_639' title='bbox 1431 2701 1455 2723; x_wconf 83' lang='lat' dir='ltr'>p.</span> <span class='ocrx_word' id='word_1_640' title='bbox 1471 2694 1531 2725; x_wconf 62' lang='lat'>12).</span> <span class='ocrx_word' id='word_1_641' title='bbox 1551 2695 1629 2719; x_wconf 81' lang='lat' dir='ltr'>Cout&#39;.</span> <span class='ocrx_word' id='word_1_642' title='bbox 1649 2701 1731 2725; x_wconf 74' lang='lat' dir='ltr'>supra</span> <span class='ocrx_word' id='word_1_643' title='bbox 1749 2704 1772 2726; x_wconf 75' lang='lat' dir='ltr'>p.</span> <span class='ocrx_word' id='word_1_644' title='bbox 1787 2697 1844 2720; x_wconf 67' lang='lat'>265.</span> <span class='ocrx_word' id='word_1_645' title='bbox 1865 2702 1944 2722; x_wconf 78' lang='lat' dir='ltr'>uotae</span> <span class='ocrx_word' id='word_1_646' title='bbox 1955 2699 2077 2723; x_wconf 81' lang='lat'>55—57.</span> 
     </span>
    </p>
   </div>
   <div class='ocr_carea' id='block_1_22' title="bbox 1129 2736 1524 2804">
    <p class='ocr_par' dir='ltr' id='par_1_34' title="bbox 1129 2736 1524 2804">
     <span class='ocr_line' id='line_1_103' title="bbox 1129 2736 1524 2804; baseline -0.003 -43"><span class='ocrx_word' id='word_1_647' title='bbox 1129 2737 1175 2767; x_wconf 80' lang='lat'>29)</span> <span class='ocrx_word' id='word_1_648' title='bbox 1196 2737 1258 2760; x_wconf 78' lang='lat' dir='ltr'>Vid-</span> <span class='ocrx_word' id='word_1_649' title='bbox 1279 2737 1355 2761; x_wconf 79' lang='lat' dir='ltr'>Rom.</span> <span class='ocrx_word' id='word_1_650' title='bbox 1373 2736 1423 2804; x_wconf 45' lang='grc' dir='ltr'>ἕξ</span> <span class='ocrx_word' id='word_1_651' title='bbox 1437 2743 1524 2785; x_wconf 44' lang='lat' dir='ltr'>&#39;ffsqq&#39;</span> 
     </span>
    </p>
   </div>
  </div>
 </body>
</html>
