2347 3000
58 149 130 186 155

56 250 196 276 remus,
237 235 297 281 qui
329 232 518 278 praecipit,
560 238 600 265 ut
643 243 802 264 0100111115
844 230 1043 263 veritatem.

56 288 193 321 Deinde
209 293 290 320 sunt
304 286 388 318 111105
410 283 555 329 plurimi
579 283 696 316 minus
722 281 953 327 principales,
980 282 1043 315 sci-

57 340 136 373 licet
150 338 327 372 utilitates.
355 335 453 370 Mhi!
468 335 562 368 enim
578 334 762 367 nocentius
780 340 829 367 est
845 333 1042 371 mendacio,

57 393 141 424 salsa
161 388 320 423 doctrina
338 388 536 431 corrumpit
552 387 753 430 religiones,
780 398 908 423 mores,
937 391 1042 423 artes,

57 443 152 476 nulla
186 440 333 479 iudicia,
368 439 457 472 nulli
483 445 684 471 contractus
708 437 854 470 existere
883 442 1041 480 possunt,

56 494 189 527 sublata
209 491 366 524 veritate.

158 543 203 575 Hi
219 544 304 576 fines
323 548 404 575 sunt
418 541 530 585 magis
546 540 738 585 conspicui,
756 546 789 572 et
803 551 876 571 non
894 539 1040 571 obscure

57 600 250 633 testantur,
280 595 462 627 veritatem
481 593 715 626 necessarimm
737 603 808 624 esse
828 591 862 622 in
882 590 963 623 vita.

158 645 372 689 Pugnantia.
424 644 630 677 Aristoteles
655 656 717 676 suo
736 653 836 674 more
853 641 1037 673 xeritatem

56 696 204 730 collocat
223 697 402 730 interduo
430 701 605 734 extrema,
633 694 725 726 inter
750 692 954 725 iactantiam
979 704 1040 724 seu

55 748 330 788 siinulationem,
359 754 392 780 et
409 746 737 780 dissimulationem.
790 744 843 777 Ad
862 756 948 789 quas
964 755 1040 787 spe-

57 800 125 832 cies
142 812 226 834 sane
246 800 326 831 vitia
346 798 540 843 pugnantia
561 810 639 830 cum
654 797 802 829 veritate
818 795 941 828 rel'erri
957 806 1039 838 pos-

56 857 159 891 sunt,
188 850 347 883 xidelicet
376 849 529 889 vanitas,
565 861 625 882 seu
649 848 804 882 studium
830 845 1039 885 mentiendi,

608 145 633 180 Ι.
676 143 1029 179 PHILOSOPHIAE
1054 140 1268 178 MORALIS
1293 140 1521 176 EPITOME.

2012 138 2082 173 154

1095 228 1320 272 arrogantia,
1367 227 1482 273 qualis
1513 233 1559 260 est
1598 225 1780 258 comoedia
1813 223 2008 257 'l'lirasonis
2022 224 2080 267 ⁹¹),

1096 278 1290 324 hypocrisis
1314 279 1547 317 iunioribus,
1576 284 1613 310 ut
1639 278 1672 310 111
1698 275 1950 320 impostoribus
1973 275 2080 308 sinm-

1095 331 1247 364 lantibus
1264 331 1484 375 religionem,
1513 336 1573 362 aut
1594 328 1790 373 perfidiosis
1807 327 1940 360 amicis.
1994 325 2077 358 11001

1094 383 1309 426 suspicacem
1335 395 1426 422 0550,
1466 382 1633 419 infidum,
1675 381 1759 412 item
1782 378 1998 412 calumniose
2022 379 2078 409 dc-

1094 440 1301 477 pravantem
1323 434 1475 466 aliorum
1500 433 1590 465 dicta
1617 433 1777 471 etsacta,
1805 427 1993 474 sophistica
2020 442 2078 462 seu

1093 482 1368 529 sycophantiea,
1396 485 1429 516 id
1456 491 1524 524 est,
1551 484 1706 518 studium
1733 482 1957 527 captionum,
1986 481 2079 513 calu-

1093 536 1285 576 mniarum,
1313 536 1348 568 111
1366 536 1540 576 doctrina,
1569 536 1715 574 artibus,
1743 533 1905 578 negotiis,
1932 532 2079 565 iudiciis.

1093 587 1168 619 Hae
1187 593 1269 620 sunt
1287 587 1497 631 praecipuae
1516 594 1631 631 pestes
1647 586 1823 620 Ecclesiae
1843 591 1874 617 et
1894 596 2077 627 rerumpu-

1091 639 1276 672 hlicarum.

1192 689 1321 722 Ai'finia
1338 688 1509 728 veritatis,
1536 700 1638 721 amor
1654 687 1849 726 doctrinae,
1874 692 1906 719 et
1923 685 2077 719 studium

1092 741 1297 787 inquirendi
1314 741 1510 774 res'bonas.
1563 738 1777 782 Simplicitas
1805 738 1948 782 proprie
1972 736 2078 780 signi-

1092 795 1172 826 ficat
1188 793 1299 837 ipsam
1321 793 1524 831 veritatem,
1552 788 1620 823 1100
1646 796 1715 829 est,
1742 795 1854 828 recta,
1883 789 1956 822 sine
1979 788 2078 822 sucis,

1091 845 1166 878 sine
1183 842 1371 888 sophistica
1388 842 1582 882 sententia,
1610 842 1726 875 dicere
1746 846 1778 872 et
1794 840 1907 872 facere
1919 839 1977 884 92).

754 981 1375 1024 Beneficentia.

156 1102 321 1135 Proxime
352 1108 501 1146 cognata
531 1107 581 1134 est
612 1100 764 1135 iustitiae
794 1101 1039 1141 beneficentia,

55 1166 115 1187 seu
131 1154 335 1193 liberalitas,
350 1166 433 1186 nam
451 1151 536 1186 haec
556 1165 698 1198 quoque
715 1153 874 1186 consistit
891 1152 927 1185 in
945 1165 1039 1185 com-

55 1205 295 1238 municatione
321 1206 487 1250 quadam.
560 1203 694 1237 lustitia
719 1204 958 1237 communicat
985 1216 1039 1237 res

56 1257 208 1296 debitas,
236 1256 465 1290 beneficentia
482 1268 538 1288 res
555 1267 629 1288 11011
646 1255 801 1295 debitas,
830 1255 1038 1299 praesertim

56 1308 132 1341 iure
149 1308 261 1348 civili,
286 1314 320 1340 et
342 1314 415 1341 tum
431 1333 440 1347 ,
468 1307 550 1352 quia
571 1306 719 1339 societas
738 1304 887 1339 humani
902 1306 1039 1350 generis

56 1359 161 1391 etiam
187 1359 339 1402 gratuita
358 1359 511 1403 quadam
530 1357 852 1390 communicatione
871 1370 959 1401 opus
978 1355 1039 1390 lia-

56 1411 126 1449 bet,
142 1410 252 1443 multa
271 1416 351 1443 sunt
370 1409 482 1442 officia
500 1421 574 1441 non
592 1409 707 1441 debita
726 1409 801 1441 iure
820 1408 925 1447 cixili,
950 1420 1039 1453 quae

56 1468 175 1493 tamen
191 1461 310 1505 aliquo
334 1461 442 1493 modo
469 1459 562 1492 inter
586 1472 650 1492 nos
673 1459 748 1492 iure
774 1466 921 1491 naturae
945 1472 1040 1491 com-

56 1512 236 1544 municare
252 1512 430 1545 debemus.
458 1510 672 1543 Huiusmodi
688 1516 769 1543 sunt
788 1510 899 1543 officia
919 1511 1038 1543 omnia

55 1562 132 1596 aliis
154 1562 367 1602 necessaria,
403 1574 493 1607 qnae
511 1574 576 1595 nos
597 1562 671 1595 sine
690 1561 919 1594 Incommodo
938 1574 1039 1606 prae-

54 1620 146 1647 stare
167 1626 374 1658 possumus,
408 1613 504 1646 iuxta
528 1614 705 1657 regulam:
750 1613 856 1657 Quod
880 1613 943 1646 tibi
966 1626 1040 1646 non

53 1671 170 1705 nocet,
198 1671 231 1698 et
249 1665 350 1698 alteri
368 1665 524 1709 prodest,
540 1665 690 1709 benigne
706 1666 959 1709 praestandum
978 1671 1039 1705 est,

55 1716 173 1762 qualia
199 1723 298 1756 sunt,
332 1729 406 1750 non
429 1714 614 1760 prohiberi
637 1729 766 1762 aquam
790 1716 1040 1760 profluentem,

54 1773 254 1801 monstrare
277 1768 372 1801 viam
400 1767 554 1810 erranti,
581 1768 666 1800 dare
689 1767 874 1801 consilium
894 1768 1039 1812 petenti,

54 1817 139 1852 haec
163 1819 319 1864 quinon
345 1819 604 1859 communicat,
632 1819 819 1853 iustissime
846 1820 981 1853 censeri
1007 1826 1039 1853 et

55 1870 227 1915 appellari
250 1871 391 1904 debebit
413 1869 696 1917 μισάνθρωπος.

156 1921 355 1956 Secundum
365 1928 593 1967 praeceptum
605 1936 610 1955 :
628 1923 922 1956 communicanda
933 1922 1037 1955 etiam

56 1985 127 2006 0550
145 1975 319 2018 quaedam
336 1987 414 2008 011111
426 1974 546 2019 aliquo
559 1980 682 2007 nostro
695 1973 937 2014 incommodo,
955 1986 1037 2007 110111

56 2025 253 2058 communis
275 2026 422 2060 societas
445 2023 594 2058 humani
626 2025 763 2069 generis
793 2026 966 2070 postulat,
1000 2032 1039 2059 ut

54 2076 153 2109 iustis
171 2077 335 2120 periculis
353 2077 504 2110 aliorum
521 2077 735 2117 afficiamur,
763 2089 874 2122 eaque
899 2089 964 2120 pro
988 2077 1039 2109 vi-

55 2127 113 2160 rili
137 2140 216 2161 cum
241 2129 361 2174 aliquo
392 2135 514 2162 nostro
548 2129 777 2161 incommodo
809 2129 1038 2172 depellamus.

54 2178 207 2224 Ideoque
231 2186 391 2224 potentes
417 2180 508 2214 tueri
530 2180 660 2213 debent
676 2179 854 2213 tenuiores
871 2181 1038 2213 adversus

54 2231 223 2270 iniurias,
256 2231 382 2265 divites
402 2231 525 2275 largiri
548 2231 675 2264 debent
701 2231 895 2275 egentibus.
950 2231 1039 2264 Sunt

56 2282 150 2315 enim
166 2280 348 2323 homines,
374 2289 413 2317 ut
429 2282 537 2316 Stoici
554 2283 733 2327 praeclare
755 2283 895 2322 dicunt,
923 2280 1038 2315 homi-

57 2346 142 2367 num
161 2345 263 2368 causa
279 2335 354 2368 nati
365 2362 374 2375 ,
401 2346 511 2380 quare
527 2334 683 2367 naturali
699 2334 914 2378 obligatione
936 2335 1038 2367 debe-

56 2398 133 2419 mus
149 2385 202 2425 iis,
218 2386 279 2431 qui
295 2393 481 2420 x‘ersantur
498 2385 535 2418 in
551 2385 727 2430 periculis,
746 2385 939 2419 etiamcum
952 2385 1039 2419 obli-

57 2437 197 2479 gatione
214 2438 307 2470 civili
324 2450 398 2471 non
414 2438 593 2471 debemus.
630 2436 747 2469 Homo
766 2437 859 2470 enim
877 2437 1039 2477 conditus

58 2495 126 2528 est,
152 2495 191 2522 ut
210 2496 365 2524 caeteros
388 2487 550 2522 homines
574 2500 638 2533 pro
664 2488 758 2520 x-irili
774 2494 915 2522 tueatur
932 2501 971 2521 ac
988 2489 1040 2522 iu-

58 2546 126 2573 vet.
154 2540 243 2575 Hinc
260 2548 294 2574 et
308 2541 366 2574 illa
381 2541 436 2574 lex
451 2547 599 2574 naturae
617 2539 746 2573 extitit:
764 2539 863 2584 Quae
884 2540 985 2574 vultis
1002 2546 1041 2573 ut

58 2591 158 2625 vobis
181 2592 312 2625 faciant
332 2591 512 2632 homines,
540 2604 603 2625 vos
618 2604 759 2637 quoquc
778 2591 878 2624 facite
895 2591 983 2631 illis,
1008 2597 1042 2624 et

59 2650 177 2677 extant
194 2644 230 2676 in
245 2644 429 2677 doctorum
453 2643 591 2688 scriptis
609 2643 885 2676 innumerabiles
903 2649 1041 2675 sentcn-

58 2695 138 2735 tiae,
164 2707 253 2741 quae
272 2692 356 2728 haec
374 2702 496 2729 mutua
514 2695 626 2728 officia
643 2694 885 2740 praecipiunt,
911 2700 945 2726 et
964 2693 1041 2738 qui-

59 2748 138 2779 dem
154 2746 408 2791 elegantissime
424 2747 619 2792 pinguntur
636 2747 672 2779 in
691 2746 824 2791 graecis
841 2745 1039 2779 versiculis:

1179 1094 1256 1136 ιΞνιῘρ
1277 1095 1336 1137 γὰρ
1359 1094 1474 1136 ἄνδρα,
1498 1094 1591 1130 πόλις
1602 1094 1649 1133 93)
1673 1093 1765 1129 σώζει
1787 1092 1898 1123 πόλιν·

1175 1151 1246 1188 χὲῐρ
1267 1152 1360 1188 χεῖρα
1386 1150 1502 1183 νίπῑεκ,
1533 1144 1686 1181 δάκτυλός
1704 1156 1735 1175 τε
1756 1143 1917 1175 δάκτυλον.
1948 1151 1952 1155 ’

1193 1201 1283 1234 Sunt
1311 1207 1430 1234 autem
1462 1199 1617 1244 duplicia
1649 1197 1838 1237 beneficia,
1874 1195 2013 1241 publica
2047 1203 2076 1227 01

1092 1251 1250 1296 privata,
1278 1252 1381 1296 longe
1400 1250 1700 1296 praestantissima
1720 1255 1799 1282 sunt
1819 1248 1958 1293 publica
1985 1247 2079 1279 11110-

1091 1303 1173 1335 licet
1196 1316 1340 1343 eorum,
1376 1303 1437 1348 qui
1461 1308 1522 1336 aut
1545 1301 1765 1334 constituunt
1789 1306 1850 1333 aut
1873 1300 2079 1335 defendunt,

1096 1360 1156 1386 aut
1172 1355 1327 1387 retinent
1342 1354 1570 1398 respublicas.
1623 1353 1698 1385 Hoc
1717 1352 1794 1384 loco
1820 1350 1975 1395 ponendi
1999 1357 2081 1383 sunt

1093 1405 1198 1438 eti-tun
1229 1406 1410 1444 doctores,
1448 1405 1509 1450 qui
1541 1402 1862 1437 coi'mnunicatione
1896 1402 2079 1435 doctrinae

1093 1462 1248 1489 caeteros
1266 1454 1428 1488 1100111105
1445 1456 1580 1494 iuvant,
1597 1467 1666 1499 quo
1685 1466 1810 1498 genere
1828 1454 1986 1486 beneficii
2003 1453 2080 1485 nul-

1092 1507 1297 1540 11111111101115
1315 1514 1382 1540 est:
1409 1504 1496 1539 nillil
1517 1506 1611 1539 enim
1630 1505 1797 1544 x‘eritate,
1826 1505 1970 1538 scientia
1999 1504 2079 1536 reli-

1092 1558 1207 1602 gionis
1229 1565 1263 1591 et
1287 1559 1440 1591 aliarum
1464 1559 1641 1591 bonarum
1673 1556 1826 1596 artium,
1855 1556 1891 1589 in
1916 1562 1990 1588 tota
2017 1553 2079 1588 ho-

1092 1610 1198 1643 minis
1218 1609 1289 1643 vita
1307 1610 1431 1643 melius
1451 1616 1511 1643 est.
1586 1608 1700 1641 Debet
1718 1614 1835 1641 autem
1860 1607 2023 1652 inprimis
2041 1607 2079 1639 li-

1092 1661 1220 1694 beralis
1246 1673 1317 1695 esse
1341 1660 1616 1694 communicatio
1650 1660 1686 1692 iu
1715 1659 1941 1697 docentibus,
1984 1659 2078 1691 iuxta

1093 1712 1324 1757 proverbium
1342 1712 1508 1759 ἄφθονοι
1523 1713 1679 1756 μουσῶν
1698 1708 1827 1758 θύραι.

1194 1763 1275 1797 Alia
1303 1770 1385 1798 sunt
1411 1764 1549 1808 privata
1578 1763 1770 1803 beneficia,
1807 1775 1886 1795 01110
1918 1761 2077 1794 1111011001

1092 1814 1258 1859 privatim
1287 1828 1415 1860 operae
1447 1821 1507 1848 aut
1536 1814 1720 1847 facultates
1750 1813 2077 1847 communicantur:

1093 1879 1173 1899 cum
1199 1874 1316 1900 autem
1340 1867 1499 1911 privatae
1525 1866 1707 1899 facultates
1731 1871 1836 1910 atque
1860 1878 1989 1909 operae
2006 1878 2080 1897 non

1092 1917 1228 1962 possint
1247 1919 1412 1952 omnibus
1429 1919 1607 1957 sufficere,
1635 1918 1780 1950 modum
1801 1918 1979 1962 quendam
1996 1917 2080 1948 libe-

1092 1969 1243 2003 ralitatis
1259 1983 1331 2003 esse
1350 1976 1502 2014 oportet.
1555 1969 1606 2002 Sit
1624 1969 1731 2012 igitur
1753 1969 1908 2012 primum
1925 1967 1981 2001 1110
2006 1981 2079 2000 mo-

1093 2022 1177 2060 dus,
1213 2028 1252 2054 ut
1275 2021 1320 2054 ita
1347 2021 1562 2065 largiamur,
1596 2027 1635 2053 ut
1661 2027 1780 2053 tamen
1806 2020 2020 2064 patrimonia
2048 2027 2077 2050 et

1091 2073 1221 2106 fundos
1253 2073 1481 2106 mediocriter
1516 2079 1690 2105 tueamur.
1744 2071 1952 2116 Expeditffl)
1986 2072 2077 2103 enim

1092 2124 1326 2168 reipublicae,
1353 2137 1397 2158 ne
1419 2124 1634 2168 dissipentur
1658 2123 1894 2167 patrimonia,
1932 2135 2078 2167 eamque

1093 2176 1137 2208 ob
1154 2188 1295 2209 causam
1312 2183 1346 2209 et
1362 2178 1565 2209 decoctores
1581 2175 1716 2218 legibus
1733 2175 1877 2207 infamia
1897 2181 2079 2211 notantur,

1092 2233 1125 2260 et
1141 2227 1282 2271 prodigi
1298 2228 1341 2260 ab
1358 2227 1666 2261 administratione
1692 2227 1870 2259 bonorum
1895 2238 2079 2258 1011101011-

1092 2284 1160 2312 tur.
1221 2279 1273 2312 Sit
1293 2279 1401 2323 igitur
1425 2277 1481 2312 hic
1504 2279 1583 2312 finis
1610 2285 1640 2311 et
1665 2279 1791 2311 modus
1816 2277 2079 2315 beneficentiae,

1124 2379 1172 2411 91)
1193 2380 1312 2404 Terentii
1331 2379 1469 2404 comoedia
1488 2379 1632 2402 Eunuchus
1658 2378 1802 2407 iuscripta,
1832 2378 1857 2401 in
1883 2383 1935 2408 qna
1959 2379 2080 2408 glorioso

1162 2415 1241 2437 militi
1260 2421 1357 2438 11011100
1376 2414 1503 2437 comicum
1518 2414 1666 2436 'rarasoms
1686 2410 1741 2435 aad
1763 2412 1808 2435 τοῦ
1826 2410 1949 2442 {tyriam-5·
1968 2413 1983 2435 i.
2005 2420 2026 2435 e.
2048 2416 2080 2436 ab

1162 2450 1309 2473 insolentia
1328 2452 1355 2472 et
1373 2449 1516 2472 ferocitate
1536 2447 1688 2476 impositum
1708 2449 1759 2470 est.

1127 2483 1173 2514 92)
1195 2484 1243 2507 His
1270 2484 1364 2507 verbis
1392 2483 1486 2507 finitur
1510 2483 1599 2505 Editio
1626 2481 1752 2511 princeps
1781 2481 1855 2504 1533.
1874 2494 1908 2498 —
1928 2486 2079 2512 sequentes

1164 2519 1233 2541 enim
1258 2519 1393 2541 virtutes:
1426 2516 1617 2541 beneficentia,
1649 2516 1787 2545 gratitudo
1821 2518 1847 2539 et
1873 2517 1991 2540 amicitia
2018 2521 2080 2539 sunt

1163 2553 1228 2576 ittae
1246 2554 1304 2575 tres
1324 2553 1422 2575 tertiae
1441 2552 1544 2574 deinum
1565 2551 1676 2573 editioni
1694 2551 1818 2577 additae,
1844 2557 1956 2581 quarum
1976 2552 2001 2575 in
2021 2552 2080 2574 eins

1162 2587 1341 2616 inscriptione
1360 2586 1459 2610 mentio
1480 2586 1552 2608 facta
1572 2588 1612 2608 est
1632 2586 1716 2613 (conf.
1735 2585 1864 2615 Prolegg.
1884 2593 1909 2615 p.
1932 2587 1957 2608 11
1974 2587 1995 2613 ).

1128 2620 1174 2650 93)
1194 2622 1326 2644 Erasmus
1340 2622 1433 2644 Boter.
1454 2620 1479 2642 in
1494 2620 1659 2650 Adagiorinn
1678 2620 1784 2643 chiliad.
1805 2620 1823 2642 1.
1843 2623 1947 2643 centur.
1965 2620 1982 2643 1.
2001 2621 2080 2650 adag.

1162 2655 1215 2683 33„
1234 2656 1279 2679 ubi
1296 2656 1345 2678 hoc
1363 2655 1499 2678 distichon
1518 2654 1608 2683 affert,
1628 2656 1692 2677 ante
1705 2652 1783 2681 πόλις
1800 2655 1875 2677 addit
1888 2653 1943 2678 καὶ.
1979 2656 2080 2678 Eodem

1162 2691 1243 2713 etiam
1263 2692 1367 2714 seneca
1385 2689 1482 2720 [1111105.
1511 2688 1538 2712 in
1557 2689 1662 2712 ludicro
1688 2689 1781 2712 libello
1807 2689 1840 2712 de
1867 2693 1955 2713 morte
1975 2690 2080 2712 (sianum

1160 2724 1225 2754 lmp.
1245 2725 1337 2748 utitur.

1127 2759 1174 2790 94)
1193 2759 1322 2789 Expedit]
1342 2758 1382 2783 sic
1401 2760 1475 2782 recte
1493 2758 1542 2782 Ed.
1562 2756 1655 2787 1540.;
1673 2757 1722 2782 Ed.
1744 2757 1816 2782 15⁴6.
1837 2758 1953 2788 Expetit.
