2347 3000
92 115 165 149 389
450 114 506 150 111.

90 200 246 244 gladium
265 200 456 245 acceperit,
485 199 602 244 gladio
618 199 759 243 peribIt.
816 199 913 233 Idem
932 203 973 234 de
995 214 1073 246 per-

89 251 191 292 iurii,
220 252 262 284 de
277 252 463 285 libidinum
480 250 603 295 poenis
622 263 724 295 saepe
743 251 882 285 dicitur.

189 302 366 336 Admonet
389 302 497 345 igitur
523 302 731 335 universalis
762 303 977 346 experientia
1008 300 1072 335 1111-

87 365 229 386 manam
245 359 398 385 mentem
418 354 459 385 de
477 353 528 385 ira
540 353 618 386 Dei.
672 354 740 385 Sed
757 354 925 387 iudicium
943 354 1070 386 mentis

85 404 211 437 elarius
230 410 333 443 esset,
359 404 387 437 si
403 410 529 437 natura
549 402 703 438 hominis
722 405 857 448 integra
874 405 1069 438 mansisset.

84 455 132 487 Ut
147 460 262 487 autem
280 461 436 488 caeterae
452 456 543 499 leges
560 463 706 488 naturae
724 458 928 495 admonent,
956 456 1068 500 qualis

82 505 126 538 sit
149 505 261 544 Deus,
297 506 459 539 videlicet
493 507 652 550 sapiens,
691 507 839 551 diligens
870 508 1067 545 veritatem,

80 556 350 600 aequalitatem,
395 558 608 590 castitatem:
650 558 698 590 ita
731 556 816 590 haec
839 559 894 590 lex
917 564 1065 589 naturae

79 613 220 647 monet,
265 608 377 652 qualis
407 609 451 642 sit
471 609 586 648 Deus,
634 609 763 641 scilicet.
798 621 878 640 vere
911 608 1064 641 irascens

78 656 293 692 violantibus
325 660 481 703 regulam
515 661 558 691 al)
590 659 666 702 ipso
697 659 800 692 nobis
833 659 994 698 insitam,
1031 665 1064 691 et

76 709 247 741 acerrime
266 710 416 753 puniens
434 711 575 744 scelera.
615 710 665 742 Ac
680 722 820 754 semper
838 708 923 742 llaec
942 710 1061 753 regula

74 759 118 791 sit
142 759 178 792 in
203 768 409 805 conspectu,
451 761 530 794 ideo
562 761 674 804 legem
697 767 847 793 naturae
872 761 974 793 nobis
997 760 1061 793 im-

74 822 230 853 pressam
257 824 348 851 esse,
381 819 419 844 ut
443 813 567 844 doceat
592 824 677 851 nos,
713 818 746 844 et
763 812 876 856 qualis
892 812 936 845 sit
954 812 1060 850 Deus,

74 868 107 893 et
128 875 216 907 quae
233 862 277 895 sit
302 863 464 895 voluntas
480 863 567 902 Dei,
602 870 635 895 et
660 869 757 906 regat
781 875 917 903 mores,
951 869 990 896 ut
1015 864 1059 895 ad

72 911 167 945 illam
186 913 404 946 voluntatem
424 920 632 957 congruant.

173 963 332 996 Secunda
349 976 451 997 causa
478 977 672 1008 poenarum
698 971 768 1004 est,
804 971 843 998 ut
871 965 1057 1009 castigatus

70 1015 129 1046 fiat
145 1014 284 1053 melior,
309 1015 418 1060 velffl)
438 1017 581 1048 tollatur
598 1015 810 1049 muniendae
829 1016 924 1060 pacis
941 1029 1056 1055 causa,

69 1071 108 1098 ut
126 1065 327 1111 dicitur⁸3):

400 1124 461 1153 Sed
484 1125 696 1153 immedicabile
718 1125 822 1152 vulnus

121 1175 200 1204 Ense
223 1174 411 1202 recidendum
435 1180 477 1203 est
490 1175 553 1212 ⁸4),
575 1184 613 1203 ne
634 1184 701 1212 pars
723 1175 836 1202 sincera
861 1173 1000 1203 trahatur.

169 1234 290 1267 Tertia
308 1247 410 1268 causa
429 1241 479 1268 est
497 1235 714 1278 exemplum,
740 1240 779 1266 111
795 1234 922 1266 caeteri
939 1235 1051 1267 deter-

66 1286 144 1325 riti,
173 1292 296 1329 regant
310 1299 426 1318 mores
443 1286 661 1329 diligentius,
692 1284 779 1330 et⁸5)
798 1285 868 1317 sint
887 1286 1050 1319 modesti.

65 1337 119 1370 Ad
152 1335 243 1370 hanc
274 1337 381 1380 igitur
409 1337 521 1380 legem
550 1343 698 1369 naturae
723 1336 876 1379 pertinet
899 1336 1048 1369 dictum:

64 1387 146 1420 Vim
171 1388 203 1420 vi
230 1388 399 1432 repellere
422 1388 520 1427 licet,
554 1387 684 1420 scilicet
706 1386 871 1419 ordinato
896 1388 1003 1419 modo
1029 1400 1047 1419 a

64 1440 203 1472 ratione
236 1445 269 1471 et
298 1439 449 1481 legibus,
491 1451 555 1470 nec
584 1438 618 1470 id
650 1437 783 1469 dictum
808 1444 943 1481 pugnat
968 1450 1045 1470 cum

62 1490 254 1533 Evangelio
280 1491 375 1534 quod
399 1489 595 1534 ait-(Rom,
613 1489 671 1527 12,
695 1487 786 1533 19.):
824 1489 905 1522 Non
933 1488 1046 1520 vindi-

61 1541 216 1574 dicantes
241 1547 375 1573 vosmet
399 1540 504 1584 ipsos.
570 1540 667 1572 Sicut
691 1539 784 1571 enim
810 1539 1043 1583 Evangelium

61 1605 134 1624 non
160 1591 250 1624 delet
271 1604 311 1623 ex
343 1597 458 1623 mente
490 1588 645 1624 hominis
676 1588 952 1623 arithmeticam:
997 1591 1043 1623 ita

57 1655 131 1675 non
149 1643 240 1675 delet
257 1642 424 1675 iudicium
442 1643 483 1674 de
500 1641 653 1674 vindicta
673 1642 854 1681 ordinata,
890 1642 986 1686 quod
1011 1649 1043 1675 et

57 1694 224 1727 divinitus
241 1694 351 1725 menti
372 1693 580 1737 impressum
600 1699 662 1732 est,
683 1699 723 1725 ut
738 1693 783 1726 sit
800 1693 1041 1726 testimonium

57 1745 129 1777 irae
154 1744 313 1784 dixinae,
341 1744 427 1789 0186)
453 1744 698 1776 confirmatum
724 1750 774 1776 est
793 1756 878 1776 voce
902 1745 1041 1777 coelesti

57 1796 163 1842 (Gen.
183 1795 217 1836 9,
242 1796 310 1840 6.);
348 1795 419 1840 Qui
443 1794 573 1828 fuderit
599 1795 806 1837 sanguinem
831 1793 1040 1835 humanum,

55 1859 117 1892 per
135 1845 315 1879 hominem
332 1847 499 1879 fundetur
515 1845 656 1889 sanguis
673 1845 778 1879 illius.
838 1846 906 1879 Sed
922 1846 1039 1879 Evan-

55 1898 183 1942 gelium
200 1896 365 1942 prohibet
380 1898 622 1930 inordinatam
650 1897 862 1937 vindictam,
896 1904 935 1930 ut
957 1905 1038 1930 sunt

53 1949 90 1981 in
106 1948 171 1982 liae
188 1956 352 1992 corrupta
371 1955 497 1982 natura
516 1949 674 1992 ingentes
700 1955 814 1981 aestus
838 1948 1038 1992 cupiditatis

51 2001 226 2034 vindictae
244 2007 277 2032 et
294 2000 515 2040 iracundiae,
544 2006 683 2032 ruentes
699 2006 821 2032 eontra
840 1999 1000 2032 ordinem
1018 2013 1036 2032 a

52 2051 128 2085 Deo
147 2052 365 2091 institutum,
401 2052 462 2097 qui
487 2052 560 2084 vult
583 2051 733 2083 exerceri
760 2050 953 2083 vindictam
973 2064 1035 2095 per

52 2104 144 2147 leges
167 2110 199 2136 et
214 2115 277 2148 per
300 2102 544 2145 magistratus,
579 2102 746 2146 privatim
772 2114 856 2134 vero
880 2102 1035 2146 singulo-

52 2168 131 2189 rum
150 2154 301 2198 impetus
318 2166 356 2186 ac
373 2166 498 2187 manus
515 2151 694 2186 coherceri
709 2153 795 2186 vult.

151 2205 233 2239 Dixi
263 2205 349 2250 quid
384 2205 428 2238 sit
454 2205 509 2237 lex
537 2211 707 2244 naturae,
741 2210 880 2248 sumpta
906 2204 1033 2237 descri-

51 2257 171 2302 ptione
188 2270 229 2290 ex
243 2256 418 2296 sontibus,
445 2255 539 2289 utin
563 2255 707 2288 caeteris
730 2255 884 2295 artibus,
910 2255 1032 2288 videli-

84 2377 133 2405 82)
150 2376 207 2404 vel]
228 2375 266 2398 sie
280 2374 364 2398 Editt.
382 2373 472 2404 ¹550.,
494 2372 584 2402 155⁴„
606 2372 679 2396 1557.
699 2374 725 2395 et
746 2372 835 2403 15fio.;
855 2373 937 2397 Editt.
956 2373 1029 2399 15⁴5.

117 2412 144 2434 et
164 2411 236 2434 1546.
255 2410 310 2434 aut.

84 2462 131 2489 83)
152 2460 228 2485 Ovio.
249 2461 354 2483 Metam.
367 2459 388 2485 1,
411 2458 458 2481 190
472 2464 512 2487 sq.

83 2514 130 2541 84)
150 2511 319 2535 recidendum
337 2510 393 2538 est]
412 2509 452 2532 sic
469 2508 552 2532 Editt.
574 2508 779 2535 1545—1560.;

119 2546 233 2577 tegitur:
259 2544 436 2568 recidendum.

81 2596 129 2628 85)
149 2596 189 2622 et]
210 2594 250 2617 sic
268 2593 348 2616 Editt.
366 2593 453 2623 1545„
476 2592 565 2621 1546ΙἻ
589 2593 662 2615 1550.
682 2594 707 2615 et
729 2592 819 2623 1554.;

116 2633 142 2654 et
165 2629 236 2653 1560.
257 2629 293 2650 ut.

82 2683 129 2708 86)
149 2682 189 2708 et]
206 2680 244 2702 sic
257 2678 338 2701 Editt.
357 2678 445 2708 1545„
468 2678 556 2707 1546„
578 2678 650 2702 1550,
668 2679 694 2701 et
710 2679 798 2705 1554.;
814 2679 839 2702 in
856 2679 936 2703 Editt.
953 2679 1025 2704 1557.

114 2717 140 2739 ct
161 2715 233 2738 1560.
251 2713 345 2736 omiss.

817 2508 843 2532 in
863 2509 951 2533 Ovidii
975 2510 993 2534 l.
1010 2511 1026 2535 l.

852 2593 935 2617 Editt.
953 2595 1027 2618 ¹557.

559 113 841 149 ENARRATIO
878 114 1005 148 LIBRI
1034 115 1074 150 V.
1110 115 1398 149 ETHICORUM
1433 115 1756 155 ARISTOTELIS.

2041 128 2116 163 390

1126 208 1178 234 eet
1196 215 1236 235 ex
1261 201 1486 235 distinctione
1509 203 1767 248 principiorum
1790 209 2055 251 speculabilium
2080 223 2113 249 01

1125 253 1382 296 practicorum,
1426 260 1459 287 et
1490 255 1686 298 catalogum
1720 263 1899 303 utcunque
1928 267 2112 307 proposui,

1125 317 1195 348 quo
1215 306 1456 345 considerato,
1484 306 1584 338 facile
1603 313 1652 340 est
1668 307 1887 351 singularum
1911 312 2026 356 legum
2052 318 2111 349 de-

1124 356 1399 389 monstrationes
1430 357 1663 397 constituere,
1698 365 1737 392 ut
1761 361 1803 392 (10
1826 362 1941 405 pruna
1969 366 2043 409 lege
2065 368 2110 402 sit

1123 403 1207 437 liaec
1225 407 1492 442 demonstratio.
1545 409 1692 442 Necesse
1711 417 1762 444 est
1780 412 1939 447 effectum
1966 418 2108 452 ordina-

1122 461 1195 488 tum
1211 469 1229 488 a
1247 470 1370 497 causa,
1399 459 1644 503 obtemperare
1670 473 1812 504 causae,
1847 471 1904 505 ut,
1938 468 1990 499 sol
2013 471 2107 502 ordi-

1120 513 1223 540 natus
1241 508 1473 552 obtemperat.
1523 510 1641 544 Homo
1664 519 1761 547 ortus
1786 522 1820 548 et
1844 516 2029 553 ordinatus
2056 529 2106 555 est

1119 570 1136 589 a
1154 558 1251 598 Deo,
1280 565 1318 591 ut
1333 566 1499 602 agnoscat
1516 568 1696 603 autorem,
1732 571 1765 597 et
1788 567 1819 599 ei
1844 567 1986 602 obediat
2009 571 2105 606 iuxta

1118 608 1306 642 discrimen
1324 608 1553 644 honestorum
1574 620 1607 645 et
1623 614 1797 657 turpium,
1825 630 1908 662 ergo
1929 617 2024 655 hunc
2048 636 2105 656 or-

1116 659 1235 692 dinem
1255 661 1345 693 tueri
1362 662 1476 695 debet.
1528 661 1630 696 Item:
1660 663 1699 696 In
1714 666 1866 711 imagine
1890 679 2032 715 oportet
2052 675 2104 708 lu-

1116 723 1192 743 cere
1212 709 1455 756 archetypum.
1509 713 1610 747 Mens
1634 712 1861 753 binnan-west
1887 721 2002 765 imago
2018 724 2101 759 Dei:

1115 774 1197 805 ergo
1216 762 1252 795 in
1267 775 1305 795 ea
1326 770 1465 807 oportet
1480 763 1596 797 lucere
1614 766 1831 808 agnitionem
1852 771 1917 804 Dei
1930 800 1939 812 ‚
1968 765 2001 807 et
2019 788 2101 809 con-

1114 814 1328 846 venientiam
1354 815 1557 849 voluntatis.

1214 864 1267 897 De
1284 867 1453 899 secunda:
1482 865 1638 900 Societas
1656 880 1729 901 non
1747 875 1861 913 potest
1886 879 2100 919 conservari,

1111 914 1179 947 nisi
1194 917 1406 961 aequalitate
1424 924 1457 950 et
1474 917 1716 952 beneficentia.
1778 920 1895 953 Homo
1915 932 1965 958 est
1983 929 2027 959 ad
2044 942 2099 961 so„

1111 966 1273 1000 cietatem
1300 969 1481 1007 condtus,
1523 975 1561 1001 ut
1594 971 1776 1012 generatio
1801 979 1835 1004 01
1857 975 2019 1010 educatio
2046 980 2098 1013 in-

1108 1017 1245 1051 fantum
1283 1025 1472 1052 testantur:
1524 1031 1606 1063 ergo
1641 1021 1747 1055 etiam
1778 1024 1939 1060 conditus
1973 1036 2023 1062 est
2053 1033 2097 1064 ad

1109 1070 1372 1113 aequalitatem,
1390 1071 1445 1103 vel
1462 1068 1735 1113 arsslnneticam,
1760 1074 1813 1106 vel
1832 1080 2096 1121 geometricam,

1108 1119 1191 1152 item
1215 1122 1259 1153 ad
1277 1121 1556 1155 beneficentiam.

1208 1171 1260 1204 De
1276 1173 1398 1205 tertia:
1421 1173 1482 1206 Vis
1502 1172 1769 1217 propagationis
1784 1176 1894 1211 indita
1921 1187 1972 1214 est
1997 1183 2095 1216 cuili-

1106 1220 1163 1253 bet
1182 1229 1330 1255 naturae
1348 1224 1391 1256 ad
1410 1225 1715 1258 conservationem
1734 1228 1881 1270 speciei,
1911 1238 1944 1264 et
1961 1235 2094 1278 quaeli—

1104 1272 1162 1303 lJet
1185 1280 1311 1306 natura
1338 1275 1473 1318 appetit
1497 1276 1625 1318 speciei
1648 1280 1967 1317 conservationem.
2020 1285 2092 1319 Ho-

1103 1323 1191 1354 mini
1208 1324 1317 1357 indita
1338 1326 1443 1370 est⁸⁷)
1461 1326 1512 1359 vis
1529 1327 1808 1371 propagationis.
1860 1330 1906 1365 Et
1931 1335 2013 1379 quia
2041 1345 2092 1371 est

1101 1380 1227 1406 natura
1246 1375 1430 1409 rationalis
1448 1378 1493 1409 ad
1510 1377 1699 1421 imaginem
1711 1378 1777 1412 Dei
1795 1383 1948 1425 condita,
1977 1386 2012 1419 id
2028 1395 2091 1429 est,

1101 1425 1144 1455 ad
1180 1426 1396 1465 castitatem,
1450 1427 1612 1471 intelligit
1652 1432 1948 1474 propagationem
1993 1446 2089 1473 certo

1100 1477 1207 1508 modo
1227 1477 1427 1509 ordinatam
1452 1490 1542 1516 esse,
1577 1479 1656 1513 ideo
1686 1477 1794 1514 homo
1821 1489 2090 1530 propagationis

1099 1526 1189 1569 leges
1207 1540 1347 1560 servare
1363 1529 1477 1562 debet.
1531 1528 1597 1563 Hic
1613 1532 1838 1576 syllogismus
1855 1545 2004 1581 propter
2025 1553 2087 1574 na-

1098 1583 1196 1610 turae
1215 1579 1399 1622 caliginem
1417 1580 1602 1614 obscurior
1620 1590 1690 1622 est,
1718 1582 1797 1617 ideo
1821 1587 1938 1621 statim
1966 1589 2001 1623 in
2019 1592 2086 1625 Pa-

1097 1629 1215 1662 radiso
1251 1642 1411 1674 expresse
1451 1632 1612 1665 ordinata
1657 1639 1708 1667 est
1751 1636 1865 1669 forma
1912 1642 2084 1686 coniugii:

1094 1679 1210 1713 Erunt
1226 1682 1296 1713 duo
1315 1682 1350 1714 111
1369 1690 1510 1716 earnem
1526 1696 1654 1725 unam,
1682 1685 1717 1717 id
1742 1693 1811 1727 est,
1840 1689 2083 1735 inseparabili-

1096 1738 1148 1763 ter
1165 1732 1287 1765 iuncti.

1196 1783 1249 1815 De
1268 1790 1413 1828 quarta:
1438 1784 1577 1818 Veritas
1599 1792 1649 1819 est
1667 1788 1801 1831 agnitio
1820 1791 1888 1830 rei,
1916 1793 2005 1827 sicut
2020 1803 2081 1835 est,

1093 1833 1210 1867 Homo
1228 1835 1390 1868 conditus
1408 1842 1459 1869 051
1475 1837 1519 1868 ad
1540 1848 1595 1869 res
1622 1838 1859 1881 aspiciendas,
1889 1849 1922 1875 et
1945 1848 2078 1888 praeci-

1092 1898 1159 1928 pue
1179 1887 1221 1917 ad
1239 1886 1456 1929 agnitionem
1474 1887 1541 1920 Dei
1558 1893 1591 1920 et
1608 1888 1708 1932 legis:
1739 1903 1821 1935 ergo
1843 1895 2005 1930 conditus
2030 1906 2079 1932 051

1092 1937 1135 1968 ad
1158 1936 1356 1970 veritatem.

1193 1987 1245 2020 De
1264 1988 1406 2033 quinta:
1436 1989 1648 2034 Ubicunque
1665 2003 1789 2026 causae
1809 1998 2004 2039 quaerendi
2026 1999 2075 2032 fa-

1090 2039 1289 2084 cultateSSS)
1315 2046 1348 2072 et
1371 2041 1512 2080 tuendi,
1553 2053 1626 2074 non
1650 2050 1731 2076 sunt
1754 2056 1877 2088 pares,
1912 2047 1962 2081 ibi
1988 2063 2076 2094 opus

1089 2096 1138 2123 est
1159 2089 1385 2123 distinctione
1410 2092 1664 2127 dominiorum.
1731 2094 1813 2129 Non
1845 2105 1926 2132 sunt
1956 2108 2072 2134 autem

1086 2153 1189 2184 pares
1213 2154 1335 2175 causae
1359 2143 1481 2175 tuendi
1507 2150 1540 2176 et
1567 2146 1760 2190 quaerendi
1788 2159 1842 2182 res
1867 2148 1903 2181 in
1929 2151 2073 2195 singulis

1086 2190 1291 2226 hominibus
1317 2193 1352 2226 in
1374 2191 1439 2226 hac
1461 2195 1716 2239 depravatione
1734 2205 1893 2234 naturae.
1946 2202 2071 2238 Neces-

1085 2244 1175 2276 saria
1195 2251 1244 2276 est
1262 2244 1369 2287 igitur
1386 2257 1504 2278 rerum
1523 2247 1713 2282 distinctio.

1186 2295 1238 2327 De
1257 2302 1369 2329 sexta:
1401 2297 1631 2331 Conservatio
1647 2300 1775 2343 speciei
1793 2307 1825 2333 et
1849 2303 1984 2337 ordinis
2009 2317 2069 2338 ne-

1084 2346 1231 2378 cessaria
1265 2353 1316 2379 est
1344 2347 1566 2381 universitati
1598 2356 1757 2384 naturae.
1830 2351 2003 2389 Latrones
2035 2364 2068 2390 et

1083 2398 1175 2429 fures
1210 2398 1391 2431 turbantes
1424 2400 1648 2440 societatem,
1690 2402 1888 2437 moliuntur
1919 2406 2063 2440 exitium

1081 2447 1208 2492 speciei
1235 2455 1267 2481 et
1290 2449 1425 2482 ordini:
1467 2463 1550 2494 ergo
1575 2453 1718 2484 arcendi
1743 2460 1776 2486 et
1801 2454 1948 2489 tollendi
1972 2466 2064 2493 sunt.

1080 2498 1186 2539 Item,
1216 2506 1253 2532 ut
1271 2500 1305 2532 in
1322 2507 1438 2534 mente
1456 2502 1574 2534 divina
1603 2504 1691 2536 ordo
1718 2511 1788 2544 est,
1824 2512 1857 2538 et
1879 2514 2062 2542 aeternum

1114 2604 1160 2631 87]
1180 2605 1264 2627 indita
1284 2605 1340 2632 est]
1361 2604 1601 2635 sicfflitt.1550.‚
1622 2606 1714 2637 1554,
1737 2608 1809 2632 1557.
1829 2610 1855 2632 et
1871 2610 1960 2640 1560.;
1981 2613 2061 2636 Editt.

1152 2640 1224 2662 1545.
1243 2641 1269 2661 et
1292 2639 1364 2662 1546.
1384 2640 1425 2661 est
1445 2640 1537 2662 indita.

1112 2681 1158 2711 88)
1180 2681 1336 2709 facultates]
1355 2680 1393 2703 sio
1406 2681 1487 2703 Editt.
1506 2681 1595 2711 1550..
1618 2683 1709 2713 1554.,
1731 2685 1802 2708 1557.
1824 2687 1850 2708 et
1872 2687 1959 2715 ¹560,;
1979 2689 2057 2712 Editt.

1150 2716 1223 2739 1545.
1245 2717 1270 2738 et
1293 2715 1364 2738 1546.
1385 2715 1549 2739 rat-uitatem.

1356 2748 1439 2784 25*
