2347 3000
215 142 259 178 15
475 137 674 174 SCRIPTA
700 136 775 171 PH.
802 133 915 169 MEL.
943 132 1007 167 AD
1034 127 1242 166 ETHICEN
1270 127 1333 161 ET
1360 125 1617 162 POLITICEN
1645 125 1954 161 SPECTANTIA.

212 242 288 274 ges,
316 229 374 261 sed
406 226 598 271 aliquando
630 223 769 265 mitigat
801 218 1102 254 circumstantiam
1132 215 1194 248 ali-

215 294 342 327 qnam,
372 277 577 323 praesertim
602 275 639 308 in
657 274 812 313 casibus,
840 274 881 304 de
901 271 1027 316 quibus
1050 269 1105 301 lex
1123 279 1195 324 non

216 330 457 377 principaliter
478 327 647 373 loquitur.
698 325 801 359 Nulla
823 323 915 355 enim
939 322 993 353 lex
1010 319 1197 363 complecti

216 395 338 416 omnes
362 392 460 414 casus
483 386 516 412 et
539 376 819 411 circumstantias
836 378 960 417 potest.
1013 369 1095 403 ldeo
1113 369 1197 403 dici-

215 442 272 468 tur
295 430 461 467 ἐπιείκεια
485 442 557 464 esse
578 430 693 472 legum
713 426 884 469 interpres
898 423 949 469 ²¹),
980 429 1014 455 et
1028 420 1115 455 haec
1132 421 1197 454 mi-

217 485 339 529 tigatio
366 495 438 515 non
465 487 559 514 caret
581 479 737 516 ratione,
772 477 831 510 sed
857 475 1012 520 aliquam
1039 473 1197 518 superio-

218 549 290 569 rem
316 536 427 577 legem
456 532 625 577 sequitur.
679 528 768 560 Cum
791 526 886 560 enim
912 531 1129 559 concurrunt
1147 524 1199 557 di—

219 599 335 620 versae
358 586 468 627 leges,
502 594 592 627 qnae
617 579 749 624 pariter
773 577 908 611 servari
935 589 1008 610 non
1038 582 1198 621 possunt,

219 635 446 683 praeferenda
470 640 520 667 est
541 631 723 676 superior,
749 636 806 670 ut,
833 629 862 663 si
879 629 957 675 quis
982 629 1078 673 apud
1096 634 1128 660 te
1147 640 1199 660 sa-

219 702 282 722 nus
307 686 461 731 gladium
483 682 708 728 deposuerit,
736 693 888 726 eumque
912 686 1073 724 reposcat
1090 679 1200 712 furio-

217 752 292 778 sus,
328 739 380 770 lex
403 735 550 768 inferior
575 734 673 768 iubet
694 733 864 772 reddere,
900 738 935 764 at
961 732 1015 764 lex
1039 731 1201 775 superior

218 795 311 823 vetat
327 799 453 821 nocere
469 786 626 825 furioso,
653 783 832 817 videlicet:
861 783 1049 818 Neminem
1072 783 1201 815 laedas.

219 841 298 875 [deo
324 839 422 873 reddi
451 837 605 881 gladium
630 841 736 870 vetat.
790 836 861 869 Mc
887 840 938 867 est
961 831 1128 869 ἐπιείκεια
1153 839 1202 865 te—

220 892 370 926 meraria
389 890 505 933 legum
523 894 556 922 et
573 887 778 931 disciplinae
796 886 926 919 laxatio
938 912 947 925 ,
974 887 1034 919 sed
1050 885 1202 928 regenda

219 951 268 978 est
303 948 396 976 certa
425 940 586 979 ratione,
617 939 707 972 sicut
738 938 843 982 vulgo
875 936 1019 970 dicitur:
1054 936 1204 980 Dispen-

220 995 308 1029 satio
327 993 356 1038 ²²)
393 1004 467 1025 non
502 991 547 1024 sit
583 989 779 1033 dissipatio.
846 989 937 1023 lN'am
972 994 1094 1021 contra
1127 987 1202 1020 iura

221 1053 368 1079 naturae
387 1050 420 1076 et
437 1048 560 1075 contra
578 1042 632 1075 ius
646 1040 808 1074 divinum
825 1052 899 1072 non
915 1046 996 1073 sunt
1012 1039 1205 1072 conceden-

320 1095 527 1129 laxationes.
588 1093 657 1126 Sed
692 1091 860 1135 exemplis
895 1089 981 1124 haec
1015 1091 1102 1123 fient
1129 1090 1206 1122 illu-

222 1149 362 1182 striora.
407 1144 446 1178 ln
465 1144 618 1178 sabbatis
636 1149 737 1176 erant
753 1141 889 1176 ludaeis
906 1140 1106 1186 prohibitae
1126 1152 1207 1184 ope-

223 1212 282 1233 rae
300 1197 529 1244 quotidianae
546 1202 580 1228 et
595 1195 783 1228 continuae
796 1220 805 1233 ‚
831 1206 875 1227 ne
894 1193 1126 1237 impediretur
1142 1191 1207 1223 mi-

224 1250 408 1284 nisterium
433 1247 542 1280 verbi.
604 1246 656 1279 De
680 1243 748 1278 hoc
779 1257 861 1278 casu
884 1245 938 1276 lex
963 1243 1208 1288 principaliter

224 1302 393 1347 loquitur.
433 1299 514 1333 lNon
531 1296 637 1339 igitur
653 1296 811 1328 violabat
833 1293 992 1328 Christus
1009 1294 1208 1331 sabbatum,

225 1365 303 1386 cum
327 1356 465 1385 curaret
487 1355 690 1392 aegrotum,
713 1358 777 1379 nec
800 1345 982 1390 discipuli,
1011 1357 1090 1377 cnm
1106 1344 1209 1376 velle-

226 1410 304 1437 rent
332 1402 464 1446 spicas,
503 1398 586 1445 quia
615 1396 681 1431 hae
709 1409 837 1440 operae
867 1408 941 1429 non
968 1395 1209 1439 impediebant

227 1452 462 1487 ministerium
480 1449 591 1483 xerbi.
644 1448 739 1481 Haec
755 1447 927 1491 mitigatio
945 1453 1020 1480 erat
1035 1447 1209 1491 quaedam

227 1503 394 1540 ἐπιείκεια
421 1502 505 1546 legis
534 1502 576 1534 de
602 1500 768 1539 sabbato,
804 1499 866 1532 etsi
899 1497 1019 1531 Iudaei
1052 1497 1211 1530 acerbius

229 1555 460 1597 intelligentes
492 1552 603 1585 otium
637 1550 792 1589 sabbati,
834 1551 1071 1593 depravarent
1100 1549 1211 1592 legem

228 1608 312 1641 salsa
336 1603 629 1649 interpretatione
648 1608 682 1635 et
698 1601 808 1634 nimia
826 1600 1034 1639 acerbitate,
1062 1607 1101 1632 ut
1118 1611 1213 1633 nunc

231 1669 373 1705 quoque
391 1653 582 1700 prohibent
595 1654 686 1687 ullos
704 1653 798 1686 cibos
816 1651 922 1697 coqui
940 1658 1004 1685 etc.
1054 1651 1122 1684 Sed
1139 1663 1213 1684 ma-

231 1711 282 1754 gis
306 1708 461 1741 cernitur
481 1703 647 1740 ἐπιείκεια
671 1704 707 1737 in
726 1716 808 1737 casu
826 1701 1103 1736 Machabeorum
1116 1729 1124 1743 ,
1154 1701 1215 1747 qui

232 1760 498 1806 praeliabantur
514 1757 551 1789 in
566 1756 712 1789 sabbato
737 1755 788 1801 (1.
807 1755 918 1788 Maec.
937 1757 979 1795 2,
998 1753 1087 1800 41.).
1133 1753 1216 1786 Fuit

233 1811 327 1845 enim
359 1808 596 1843 necessarium
629 1806 781 1840 officium
809 1806 967 1839 defensio
1000 1806 1149 1844 civium,
1184 1811 1217 1838 et

234 1862 383 1896 moralia
409 1860 521 1893 officia
547 1858 741 1892 necessaria
768 1864 850 1891 sunt
867 1858 1095 1890 anteferenda
1124 1868 1217 1889 cere-

234 1913 384 1952 moniis,
412 1912 441 1946 si
464 1922 539 1943 non
560 1909 697 1954 possint
720 1921 791 1942 una
816 1909 961 1943 servari.
1013 1908 1058 1941 Et
1074 1905 1219 1941 Macha-

236 1965 293 1999 bei
313 1962 381 1998 hoc
407 1962 520 1996 officio
546 1961 734 1994 servabant
749 1961 855 1993 finem
877 1958 981 1993 huius
998 1960 1093 2003 legis.
1137 1959 1220 1993 Non

237 2016 333 2050 enim
349 2012 418 2048 hoc
433 2014 600 2057 agebant,
626 2018 666 2045 ut
682 2009 737 2045 his
755 2011 921 2055 exemplis
944 2012 1128 2044 abolerent
1144 2010 1220 2044 sab-

237 2070 371 2106 batum,
394 2066 453 2099 sed
469 2071 508 2097 ut
525 2062 759 2096 ministerium
774 2062 872 2096 verbi
890 2068 923 2095 et
940 2062 1125 2096 sabbatum
1139 2074 1222 2106 pro-

240 2123 440 2164 pugnarent
457 2122 490 2149 et
510 2115 751 2148 defenderent.

221 1099 285 1130 dae

343 2219 433 2253 Cum
455 2224 572 2251 autem
598 2223 696 2250 tanta
718 2215 763 2250 sit
781 2215 932 2249 varietas
949 2227 1093 2249 casuum
1114 2222 1147 2249 et
1165 2228 1225 2248 ne-

243 2272 433 2316 gotiorum,
458 2275 498 2302 ut
514 2280 588 2301 non
604 2267 715 2312 possit
733 2268 775 2299 de
792 2267 956 2300 omnibus
975 2268 1099 2300 eodem
1117 2268 1225 2300 modo

246 2320 489 2368 pronuntiari,
513 2320 573 2353 sed
590 2318 769 2352 interdum
786 2324 933 2362 propter
947 2318 1227 2352 circumstantias

246 2386 334 2418 opus
357 2373 419 2412 sit,
451 2377 511 2404 aut
541 2369 807 2403 exacerbatione
834 2369 971 2414 aliqua,
1005 2376 1065 2403 aut
1090 2370 1228 2413 mitiga-

247 2426 362 2464 tione,
390 2422 574 2465 diligenter
597 2419 684 2454 haec
708 2420 870 2454 doctrina
894 2421 936 2453 de
960 2419 1129 2455 ἐπιείκεια
1148 2433 1229 2453 con-

247 2475 433 2510 sideranda
453 2479 522 2511 est,
549 2473 655 2517 idque
672 2477 795 2505 monet
813 2471 1004 2505 versiculus
1022 2471 1229 2504 Menandri:

250 2527 358 2571 Leges
374 2530 455 2559 sunt
473 2523 645 2567 optimae,
671 2524 731 2557 sed
749 2522 809 2569 qui
827 2522 932 2557 nimis
951 2529 1050 2556 acute
1067 2535 1124 2557 eas
1141 2523 1232 2567 aspi-

286 2682 315 2711 4)
336 2682 488 2710 interpres]
509 2680 548 2704 sic
566 2680 615 2704 Ed.
635 2681 726 2711 1546.;
750 2681 799 2706 Ed.
821 2681 894 2706 1540.
914 2681 1089 2712 interpretes.

288 2732 315 2761 5)
336 2730 523 2761 Dispensatio]
543 2730 583 2754 sic
601 2730 648 2755 Ed.
671 2730 762 2760 1546.;
788 2731 835 2756 Ed.
858 2731 930 2755 1540.
951 2731 1111 2761 Dissipatio.

2182 128 2229 163 76

1248 213 1363 254 ciunt,
1390 214 1479 247 fiunt
1502 213 1776 247 calumniatores
1791 212 1843 258 ⁶):
1871 210 1957 245 haec
1983 218 2065 245 sunt
2083 212 2231 246 Menan-

1247 264 1302 298 dri
1317 266 1422 298 verba
1434 292 1443 306 ‚
1472 278 1561 310 quae
1579 265 1762 297 continent
1777 264 2000 298 utilissimam
2020 265 2232 298 admonitio-

1249 329 1351 356 nem,
1387 317 1415 350 si
1442 317 1563 349 dextre
1593 316 1855 359 intelligantur,
1891 315 2105 359 experientia
2137 317 2231 349 enim

1250 367 1421 408 ostendit,
1449 379 1550 411 saepe
1571 367 1764 400 rectissime
1790 367 1881 400 dicta
1906 367 1941 398 in
1957 367 2158 410 scripturis,
2187 368 2234 400 le-

1250 419 1371 463 gibus,
1405 419 1536 462 pactis,
1569 418 1772 452 foederibus
1806 424 1840 451 et
1866 418 2104 452 contractibus
2138 419 2236 452 miri-

1250 472 1312 503 fice
1336 469 1544 514 depravari,
1574 475 1762 513 propterea
1791 481 1931 513 semper
1957 471 2159 514 quaerenda
2183 477 2235 505 est

1250 521 1455 566 principalis
1471 521 1644 554 sententia
1657 547 1666 560 ,
1691 521 1733 552 de
1752 533 1820 565 qua
1836 521 1891 553 lex
1906 520 2084 566 loquitur,
2107 522 2235 555 deinde

1251 572 1311 606 ubi
1337 573 1621 606 circumstantiae
1646 571 1804 605 diversae
1829 577 1932 611 sunt,
1960 574 2161 617 quaerenda
2186 579 2238 607 est

1252 624 1487 668 dispensati‹)‚
1523 624 1560 656 in
1586 623 1739 667 Digestis
1771 623 1816 655 ad
1846 623 1957 665 legem
1979 623 2189 668 Pompeiam
2205 625 2237 670 7)

1253 677 1295 708 de
1320 675 1517 720 parricidiis
1534 673 1584 721 ᾗ).
1637 673 1834 719 Imperator
1850 673 2029 708 Adrianus
2047 687 2125 708 euni
2139 703 2147 717 ,
2176 676 2238 722 qui

1254 727 1364 760 silium
1389 727 1584 767 occiderat,
1609 732 1798 770 propterea
1817 726 1912 770 quod
1929 737 2121 759 novercam
2139 728 2238 761 adul-

1255 784 1417 819 terasset,
1453 784 1590 811 tantum
1621 777 1802 822 deportari
1836 777 1949 817 iubet,
1984 789 2062 810 cnm
2098 790 2238 812 summo

1256 831 1330 862 iure
1348 829 1522 873 privatam
1542 830 1683 862 caedem
1701 828 1822 862 durius
1839 828 1958 861 ulcisci
1977 829 2143 872 potuerit.
2172 830 2240 864 Sed

1257 879 1418 914 adhibuit
1444 881 1480 913 in
1509 880 1696 914 consilium
1725 880 2045 920 circumstantiam,
2079 881 2242 915 videlicet

1258 933 1388 965 iustum
1413 932 1523 976 patris
1555 932 1728 966 dolorem.
1787 931 1891 975 Apud
1916 931 2160 975 Gelliumiib.
2181 934 2240 969 12.

1258 996 1334 1027 cap.
1350 983 1384 1017 7.
1400 983 1636 1027 Areopagitae
1653 983 1806 1016 liberant
1823 982 2007 1015 mulierem
2019 983 2243 1027 Smyrneam,

1259 1046 1350 1079 quae
1376 1047 1512 1067 veneno
1540 1035 1709 1067 maritum
1739 1040 1774 1067 et
1799 1034 1872 1066 eius
1905 1033 2013 1065 filium
2042 1042 2244 1076 necaverat,

1259 1085 1321 1130 qui
1345 1091 1463 1118 tamen
1490 1085 1585 1129 prius
1611 1086 1814 1118 occiderant
1838 1084 1997 1118 mulieris
2022 1086 2154 1127 filium,
2181 1099 2244 1120 na-

1260 1143 1335 1169 tum
1367 1136 1404 1168 in
1437 1136 1552 1180 priori
1582 1136 1759 1180 coniugio.
1816 1135 2054 1180 Areopagitae
2088 1138 2247 1172 tulerunt

1260 1186 1492 1226 sententiam,
1519 1193 1559 1219 ut
1588 1188 1778 1221 centesimo
1805 1199 1899 1219 anno
1925 1193 2023 1231 post,
2054 1201 2158 1223 causa
2183 1190 2244 1223 ite-

1262 1250 1340 1270 rum
1361 1243 1643 1280 cognosceretur.
1695 1237 1744 1270 Ita
1763 1250 1878 1283 neque
1900 1240 2057 1282 probant
2072 1247 2174 1274 atrox
2195 1242 2246 1274 fa-

1261 1288 1371 1327 cinus,
1391 1293 1424 1320 et
1441 1294 1558 1320 tamen
1576 1288 1763 1321 remittunt
1780 1301 1933 1332 poenam
1951 1297 2098 1335 propter
2116 1292 2247 1326 iustum

1262 1338 1385 1372 matris
1411 1339 1584 1373 dolorem.
1635 1339 1846 1372 Recitantur
1869 1340 1905 1372 in
1926 1341 2054 1375 sabulis
2070 1343 2175 1376 etiam
2195 1344 2248 1377 iu-

1265 1389 1355 1422 dicia
1381 1389 1520 1430 divina,
1547 1390 1699 1435 ideoque
1723 1391 1767 1423 ad
1785 1390 1879 1424 Deos
1898 1393 2057 1436 exempla
2077 1395 2248 1428 translata

1264 1446 1362 1480 sunt,
1393 1447 1432 1473 ut
1447 1441 1704 1485 significaretur
1727 1441 1847 1474 divina
1871 1443 2062 1476 autoritate
2085 1458 2249 1490 compro-

1263 1491 1342 1525 bari
1366 1492 1483 1535 legum
1508 1492 1791 1536 mitigationem,
1820 1500 1966 1537 propter
1989 1495 2146 1541 aliquam
2166 1509 2248 1541 pro·

1264 1543 1417 1576 babilem
1440 1543 1629 1577 rationem.

1681 1542 1938 1578 Demosthenes
1966 1552 2088 1580 contra
2113 1548 2251 1582 Aristo-

1266 1600 1397 1627 cratem
1415 1594 1446 1640 ⁸)
1473 1595 1598 1628 recitat
1621 1596 1691 1627 duo
1715 1595 1844 1628 iudicia
1872 1596 1909 1628 in
1925 1595 2112 1642 Areopago
2136 1611 2154 1632 a
2173 1599 2251 1633 Diis

1266 1644 1400 1680 habita.
1452 1644 1493 1678 In
1517 1646 1627 1679 altero
1645 1646 1741 1679 Mars
1763 1646 1943 1681 absolutus
1968 1655 2038 1689 est,
2066 1650 2250 1684 interfecto

1266 1696 1425 1741 Neptuni
1460 1697 1533 1730 filio
1561 1695 1829 1738 Halirrhothio,
1874 1706 2023 1743 propter
2053 1707 2251 1746 stupratam

1268 1748 1394 1782 Martis
1412 1748 1521 1781 filiam
1538 1748 1723 1793 Alcippen.
1756 1748 1894 1783 Deinde
1915 1750 2057 1785 Orestes
2073 1754 2254 1788 absolutus
2285 1787 2287 1789 ,

1271 1806 1321 1833 est
1346 1806 1492 1844 propter
1514 1799 1734 1833 interfectam
1758 1807 1921 1835 matrem.
1974 1801 2014 1835 In
2032 1801 2087 1837 his
2104 1805 2254 1846 casibus,

1270 1851 1430 1884 Deorum
1455 1851 1586 1884 iudicio
1611 1851 1772 1895 mitigata
1799 1858 1849 1884 est
1874 1865 2002 1896 poena.
2054 1854 2131 1889 Etsi
2158 1856 2253 1889 enirn

1271 1915 1410 1936 summo
1443 1902 1518 1935 iure
1542 1908 1709 1947 poterant
1739 1908 1880 1937 autores
1904 1905 2019 1939 caedis
2043 1906 2166 1941 durius
2191 1919 2255 1952 pu-

1272 1953 1361 1994 niri,
1388 1960 1507 1986 tamen
1532 1954 1623 1987 iusto
1646 1954 1763 1987 dolori
1780 1954 1916 1997 ignovit
1932 1955 2046 1990 iudex.
2097 1957 2148 1991 Ac
2172 1958 2256 1992 talia

1274 2004 1404 2038 iudicia
1427 2005 1687 2038 transtulerunt
1710 2003 1872 2039 homines
1893 2007 1992 2040 ,docti
2016 2009 2061 2041 ad
2086 2010 2257 2043 autorita-

1276 2064 1346 2090 tem
1369 2056 1547 2097 dix'inam,
1574 2063 1614 2089 ut
1634 2056 1873 2100 significarent
1890 2064 1983 2091 recte
2002 2061 2146 2094 concedi
2164 2061 2259 2094 miti-

1276 2107 1454 2151 gationem
1473 2114 1619 2152 propter
1640 2108 1776 2153 aliquas
1793 2108 2086 2145 circumstantias.
2138 2112 2205 2145 Sed
2223 2113 2259 2146 in

1277 2159 1383 2194 sacris
1401 2159 1511 2192 literis
1530 2159 1683 2203 plurima
1701 2165 1782 2193 sunt
1800 2161 1971 2205 exempla.
2011 2162 2128 2196 David
2144 2163 2180 2196 in
2199 2177 2258 2198 ne-

1313 2278 1345 2307 6)
1363 2277 1456 2301 Verba
1475 2275 1616 2299 Menandri
1635 2281 1735 2307 graeca
1751 2278 1831 2302 sunt:

1381 2309 1478 2334 Καλόν
1496 2310 1522 2333 οἱ
1541 2308 1622 2342 νόμοι
1640 2308 1740 2342 σφόδρ’
1759 2312 1843 2336 εἰσίν·
1867 2307 1881 2336 ὅ
1901 2308 1930 2337 ‹5’
1949 2310 2023 2345 ὁρῶν
2040 2312 2102 2343 τούς
2120 2314 2222 2344 νόμους

1384 2345 1448 2368 λίαν
1466 2341 1581 2376 ἀκριβῶς
1599 2343 1774 2377 συκοφάντης
1792 2347 1929 2378 φαίνεται.
2152 2339 2156 2348 ⁴

1350 2379 1403 2403 vid.
1428 2380 1569 2403 Menandri
1597 2382 1622 2403 et
1648 2380 1813 2405 Philemonis
1844 2381 1975 2412 reliquiae
2005 2382 2046 2407 ed.
2079 2384 2110 2407 A.
2135 2384 2260 2411 Meineke

1350 2421 1375 2444 p.
1393 2414 1453 2438 225.
1472 2414 1504 2437 N.
1523 2414 1678 2439 LXXXJX.
1699 2416 1721 2440 b.

1316 2456 1346 2488 7)
1367 2457 1393 2480 in
1408 2456 1530 2487 Digestis
1545 2457 1579 2480 ad
1591 2458 1679 2488 legem
1694 2458 1861 2488 Pompeiam]
1881 2458 1920 2482 sic
1931 2460 1978 2484 Ed.
1996 2460 2088 2492 1538.;
2106 2462 2172 2487 Edd.
2189 2464 2262 2488 1540.

1354 2493 1381 2515 et
1402 2491 1474 2515 1546.
1500 2497 1550 2521 pro
1568 2491 1610 2515 his
1634 2493 1772 2522 expressis
1791 2494 1883 2517 verbis
1902 2494 2001 2518 liabent
2019 2496 2170 2526 scripturae
2187 2505 2263 2523 com-

1354 2525 1466 2556 pendia:
1486 2526 1512 2549 ff.
1531 2526 1565 2549 ad
1584 2526 1601 2550 1.
1617 2527 1707 2557 Pomp.
1735 2527 1813 2550 Conf.
1832 2528 1917 2551 Andr.
1936 2529 2004 2553 Guii.
2020 2530 2133 2555 Cramer
2152 2533 2263 2558 dissert.

1355 2560 1389 2583 de
1413 2560 1484 2590 sigla
1508 2561 1683 2591 Digestorum
1707 2561 1733 2585 ff.
1759 2560 1874 2585 Chilonii
1903 2563 1975 2587 1796.
1999 2565 2024 2589 4.
2066 2567 2167 2590 Eadem
2191 2568 2263 2599 sigla

1356 2594 1437 2617 etiam
1456 2594 1482 2617 in
1503 2595 1676 2624 sequentibus
1695 2595 1809 2625 Digesta
1829 2596 1855 2619 in
1873 2597 1914 2620 iiis
1932 2598 2013 2622 Editt.
2032 2599 2193 2626 indicantur.

1321 2626 1353 2658 ss)
1374 2629 1477 2659 Digest.
1497 2629 1621 2654 XLVIII.
1639 2630 1664 2653 9.
1689 2628 1783 2660 (corp.
1804 2630 1852 2654 iur.
1878 2632 1928 2657 civ.
1955 2633 1996 2656 ed.
2015 2635 2087 2658 Beck
2106 2636 2133 2660 T.
2149 2637 2167 2660 1.
2187 2636 2214 2660 P.
2231 2636 2262 2662 11.

1357 2670 1382 2692 p.
1404 2663 1469 2685 1005
1489 2665 1554 2693 sq.).

1323 2696 1354 2726 8)
1372 2698 1563 2721 Demosthenis
1577 2703 1646 2728 quae
1659 2700 1804 2729 supersunt
1817 2699 1968 2725 etheiske
1982 2702 2090 2732 p.641.,
2110 2703 2267 2730 1111801131)-

1362 2732 1403 2755 ser
1423 2732 1496 2756 Toni.
1515 2732 1533 2757 1.
1554 2739 1578 2762 p.
1596 2732 1653 2757 408.
