2347 3000
236 138 305 171 107

233 229 335 267 cupat
354 234 449 265 reges
467 220 641 254 Ecclesiae
659 219 841 259 nutricios,
870 219 965 264 quod
983 217 1135 249 debeant
1150 214 1215 248 Ec-

233 275 372 307 clesiam
397 280 512 316 tegere
538 273 705 305 adrersus
730 270 888 303 iniurias.
939 268 985 301 Et
1005 267 1137 300 Paulus
1162 267 1215 298 in-

232 326 324 371 quit:
350 325 509 358 Potestas
526 330 574 357 est
591 321 720 355 lionori
738 327 829 354 recte
846 319 987 353 facienti
998 317 1055 363 ⁷⁶).
1110 317 1215 351 Cum-

232 390 299 423 que
323 382 476 421 potestas
501 375 679 408 confertur
704 374 747 404 ad
773 370 862 404 hanc
880 369 1121 403 defensionem
1140 369 1215 413 pio-

231 441 308 462 rum
323 454 331 467 ‚
360 434 391 460 et
406 425 697 471 propagationem
716 421 912 465 Evangelii,
938 433 1116 454 summum
1133 420 1217 454 facit

232 479 385 512 osticium
401 491 523 517 suum,
547 477 642 521 quod
662 475 754 507 Deus
773 472 959 517 praecipue
978 471 1147 517 requirit,
1182 478 1215 504 et

232 532 267 563 lit
284 531 394 564 cultus
416 529 490 562 Dei.
549 527 593 559 Et
611 527 768 558 videmus
785 524 821 556 111
846 524 952 557 sacris
973 521 1130 557 historiis
1153 521 1216 555 111)-

231 581 355 626 spites‚
382 581 441 626 qui
461 584 620 612 texerunt
643 576 733 620 pios,
762 575 900 619 magnis
918 575 1086 619 praemiis
1103 588 1120 607 a
1143 574 1215 607 Deo

230 639 375 665 ornatos
395 643 486 669 esse,
512 629 600 662 sicut
617 627 665 659 ait
685 627 776 660 Deus
799 627 843 659 ad
861 624 1042 659 Abraham
1071 626 1215 671 (Genes.

233 685 299 723 12,
327 683 395 727 3.);
425 678 721 713 Benedicentibus
743 678 808 711 tibi
831 678 1037 711 benedicam
1056 685 1119 711 etc.
1172 676 1217 709 Et

232 736 395 767 landatur
411 731 544 764 Abdias
558 730 622 776 77),
640 730 701 775 qui
716 727 915 773 Prophetas
935 729 1070 763 abdidit
1090 729 1124 761 in
1141 740 1216 773 spe.-

231 785 360 824 luncis,
388 796 466 817 cum
489 782 610 824 regina
636 794 695 814 eos
715 781 868 815 iussisset
886 781 1044 815 interfici.
1097 780 1216 825 Quare

228 837 288 870 11111
307 841 463 880 potestas
482 834 601 878 aliqua
620 833 657 865 in
683 832 760 866 aliis
785 832 897 866 causis
925 833 1022 866 iustis
1040 831 1216 875 suscipere

229 887 469 921 defensionem
489 885 564 918 iure
582 890 717 929 potest,
751 883 832 917 licet
845 884 937 917 idem
958 884 995 916 in
1013 883 1216 916 defensione

231 940 383 983 piorum,
401 937 459 983 qui
478 936 661 969 doctrinae
677 948 779 968 causa
794 935 1051 980 periclitantur.
1086 934 1217 967 Debuit

229 998 346 1024 autem
365 988 619 1022 Constantinus
641 987 828 1020 defendere
845 987 1003 1020 subditos
1022 987 1057 1019 111
1073 986 1115 1020 iis
1134 998 1216 1030 pro-

229 1041 374 1080 xinciis,
408 1052 495 1086 quas
517 1039 590 1084 ipse
614 1039 766 1071 tenebat.
825 1038 958 1072 Debuit
975 1038 1081 1071 etiam
1101 1038 1216 1071 exules

228 1092 395 1126 honestos
415 1091 518 1125 tueri.
578 1090 716 1123 Deinde
740 1089 840 1123 licuit
862 1090 892 1123 ei
918 1090 1148 1134 implorantes
1173 1089 1215 1121 ab

229 1146 304 1188 ipso
325 1143 495 1177 auxilium
515 1154 554 1175 ac
570 1141 831 1181 defensionem,
866 1141 1069 1186 provincias
1087 1140 1215 1173 Licinii

230 1197 370 1235 iuvare,
404 1207 468 1228 nec
497 1194 629 1226 xiolata
662 1199 713 1226 est
742 1194 894 1226 foederis
926 1193 1094 1232 societas,
1134 1192 1215 1236 quia

230 1249 265 1280 in
288 1246 387 1279 omni
410 1246 552 1279 foedere
576 1251 739 1289 exceptus
764 1251 814 1277 est
839 1256 937 1277 casus
963 1244 1073 1276 iustae
1098 1244 1215 1275 desen-

229 1299 359 1337 sionis‚
388 1297 471 1343 quia
494 1297 637 1329 foedera
662 1307 736 1328 non
753 1301 901 1339 possunt
918 1295 1074 1337 obligare
1092 1299 1215 1325 contra

229 1351 280 1383 ius
313 1356 480 1387 naturae,
523 1353 584 1380 aut
617 1347 660 1379 ad
687 1346 907 1378 inferendam
930 1345 1010 1378 ullis
1035 1343 1215 1383 iniuriam,

229 1401 415 1445 praecipue
434 1398 626 1432 notoriam.
653 1395 736 1430 Ideo
754 1395 918 1430 Thebani
936 1403 1029 1429 recte
1046 1397 1216 1434 fecerunt,

228 1466 305 1485 cum
340 1457 463 1484 contra
491 1448 794 1482 Lacedaemonios
825 1448 938 1481 socios
970 1448 1216 1486 defenderunt,

228 1517 266 1536 ac.
284 1503 514 1536 restituerunt
533 1498 890 1534 exulesAthenienses
907 1498 1058 1532 notoriis
1078 1498 1216 1531 iniuriis

228 1555 371 1588 affectos
396 1566 415 1586 a
437 1552 582 1595 triginta
609 1551 789 1596 tyrannis,
817 1563 906 1596 quos
920 1550 1090 1583 iuvabant
1108 1549 1216 1587 Lace-

228 1605 419 1639 daemonii.
471 1603 522 1636 lta
547 1610 580 1636 et
604 1602 858 1636 Constantinus
883 1608 976 1634 recte
998 1602 1096 1641 fecit,
1137 1614 1214 1634 cum

228 1657 383 1691 defendit
399 1654 759 1699 311161511511111011173)
779 1666 857 1693 eos,
886 1653 947 1698 qui
967 1654 1010 1686 ab
1028 1653 1102 1697 ipso
1121 1652 1217 1686 auxi-

230 1710 314 1742 lium
338 1708 549 1752 petiverant.
610 1705 709 1739 Licet
733 1705 827 1738 enim
853 1704 1022 1738 auxilium
1048 1706 1140 1737 ferre
1165 1704 1216 1736 111-

229 1762 316 1793 iuste
342 1759 538 1804 oppressis,
578 1757 787 1801 praesertim
810 1757 838 1790 si
864 1762 1006 1800 petant,
1046 1762 1216 1801 tanquam

228 1812 350 1850 sociis,
385 1810 474 1843 sicut
510 1809 587 1842 iura
626 1810 754 1842 docent
786 1807 969 1841 societates
983 1807 1028 1853 79)
1062 1807 1217 1851 legitime

228 1862 393 1896 constitui
410 1873 522 1906 posse.
551 1859 689 1893 Omitto
708 1861 776 1893 iam
797 1860 865 1892 alia
885 1865 1105 1903 argumenta,
1122 1859 1218 1904 quod

229 1916 337 1947 altera
368 1925 450 1958 pars
481 1911 623 1956 imperii
655 1912 774 1957 aliquo
809 1911 915 1943 modo
949 1911 1151 1955 pertinebat
1174 1911 1218 1942 ad

230 1965 504 1999 Constantinum
520 1963 578 2008 80).
1185 1959 1187 1963 ’

331 2015 396 2048 Hie
420 2015 644 2048 considerent
668 2014 838 2053 studiosi,
883 2027 992 2060 quam
1024 2013 1126 2046 multi
1149 2013 1218 2045 loci

230 2066 600 2100 communesincidant
616 2065 650 2097 111
660 2063 751 2098 lianc
762 2066 1020 2111 quaestionem,
1040 2065 1217 2098 videlicet:

284 2119 332 2151 De
362 2118 477 2151 officio
506 2117 701 2161 potestatis.

280 2171 332 2203 .l)e
361 2170 436 2203 iure
464 2169 558 2202 belli.

284 2223 331 2254 De
362 2222 436 2254 iure
464 2220 660 2254 foederum.

281 2274 335 2305 An
356 2271 535 2317 religionis
560 2283 664 2304 causa
697 2269 802 2303 liceat
836 2280 933 2301 arma
964 2280 1088 2312 capere
1122 2267 1219 2312 prin—

332 2324 477 2368 cipibus.

281 2375 464 2418 Quatenus
491 2373 627 2418 possint
656 2372 811 2404 iudicare
841 2372 883 2404 de
912 2370 1096 2414 religione.

283 2426 467 2470 Quatenus
493 2424 640 2459 subditis
670 2435 832 2457 concessa
862 2422 905 2456 sit
932 2421 1101 2455 defensio.

267 2543 313 2570 76)
334 2543 411 2567 Cous.
433 2544 510 2567 Rom.
534 2543 580 2568 13,
599 2543 624 2567 3.

266 2586 313 2616 77)
335 2586 455 2610 obadia.
478 2586 499 2608 1.
520 2586 587 2615 Reg.
610 2587 655 2609 15.
676 2587 700 2608 4.
719 2597 752 2602 —
789 2585 895 2615 Regina
914 2584 966 2607 ista
986 2586 1045 2607 erat
1065 2584 1158 2607 lsebeL

267 2629 312 2656 781
334 2628 351 2652 i.
372 2635 395 2652 e.
417 2628 554 2651 Licinium.

265 2671 312 2699 79)
334 2671 496 2698 societates!
517 2671 555 2693 sic
575 2671 641 2694 Eud.
660 2671 733 2693 1539.
753 2672 779 2693 et
797 2671 885 2697 15441:
909 2671 956 2695 Ed.
974 2670 1051 2694 15⁴6.
1071 2670 1220 2694 societatis.

264 2714 311 2741 80)
332 2713 554 2741 Constantinum]
575 2713 612 2736 sic
628 2712 692 2736 Edd.
716 2713 786 2736 1535.
816 2716 841 2735 et
870 2714 962 2743 1540.;
988 2713 1036 2736 Ed.
1055 2713 1127 2737 1546.
1148 2713 1221 2737 Cou-

300 2748 435 2771 stantium.

499 132 699 169 SCRIPTA
724 132 799 168 PH.
826 130 940 167 MEL.
965 130 1030 165 AD
1057 128 1265 165 ETHICEN
1293 127 1356 162 ET
1383 127 1640 164 POLITICEN
1668 128 1978 166 SPECTANTIA.

2183 132 2254 166 108

1366 213 1419 249 De
1435 216 1549 249 officio
1566 217 1749 261 potestatis
1774 223 1807 250 et
1826 217 1901 250 iure
1919 216 2000 249 belli
2018 228 2090 251 non
2109 219 2255 252 dubium

1270 272 1338 306 est,
1365 267 1451 312 quin
1467 274 1622 311 potestas
1635 269 1761 301 debeat
1779 269 1965 302 defendere
1989 268 2196 304 innocentes
2221 270 2256 302 in

1269 318 1381 351 causis
1408 317 1527 359 iustis,
1554 332 1615 353 seu
1641 319 1821 361 civilibus,
1846 332 1907 354 seu
1931 319 2190 364 pertinentibus
2214 322 2257 354 ad

1270 369 1491 413 religionem.

1369 419 1422 452 De
1446 420 1646 455 foederibus
1671 421 1778 454 etiam
1801 434 1875 455 non
1898 428 1948 456 est
1974 423 2143 464 dubium,
2172 423 2259 469 quin

1271 470 1305 503 in
1331 472 1531 505 foederibus
1556 472 1722 506 omnIbus
1749 480 1912 518 exceptus
1940 473 1984 507 sit
2015 488 2113 509 casus
2147 475 2258 508 iustae

1270 522 1496 563 defensionis,
1515 524 1720 567 praesertim
1740 530 1862 557 contra
1882 526 2059 559 notoriam
2079 526 2259 560 iniuriam.

1371 574 1443 608 Nec
1467 575 1552 608 illud
1577 581 1628 608 est
1658 575 1806 608 dubium
1830 573 2049 611 Christianos
2083 577 2258 622 principes

1270 625 1395 658 debere
1413 627 1523 666 bella,
1551 627 1656 659 etiam
1677 639 1756 659 cum
1781 627 1961 669 religionis
1980 641 2083 662 causa
2102 629 2259 662 inserun-

1270 682 1327 709 tur
1344 689 1362 709 a
1385 678 1527 721 pal-Ibus
1547 678 1733 722 depellere,
1761 678 1850 712 sicut
1870 684 1903 711 et
1920 678 2030 724 liquet
2045 693 2085 713 ex
2101 680 2259 725 superio-

1270 728 1379 762 ribus.

1370 779 1507 813 Deinde
1535 780 1587 814 ius
1610 781 1784 814 bellorum
1820 793 2009 815 commune
2034 782 2259 816 consideran-

1270 831 1353 863 dum
1373 838 1435 871 est,
1463 832 1491 866 si
1507 838 1589 865 sunt
1605 830 1735 872 hostes,
1753 833 1781 866 si
1800 839 1898 866 vetus
1918 833 2145 867 latrocinium
2163 845 2259 866 exer-

1270 889 1368 922 cent,
1394 883 1454 916 ubi
1480 884 1596 916 locum
1619 882 1726 917 habet
1749 896 1823 916 non
1846 885 1960 917 solum
1986 885 2164 925 defensio,
2198 885 2258 918 sed

1271 933 1376 966 etiam
1396 935 1638 979 recuperatio,
1666 936 1749 968 item
1768 948 1896 980 poena.
1950 936 2045 969 Sicut
2064 934 2259 970 Christiani

1271 997 1367 1029 reges
1398 983 1529 1019 liabent
1563 987 1670 1020 iustas
1705 1000 1826 1020 causas
1856 987 1938 1019 belli
1966 988 2112 1031 gerendi
2136 993 2258 1020 eontra

1270 1036 1418 1077 Turcas,
1447 1037 1528 1083 quia
1549 1038 1754 1071 inxaserunt
1772 1044 1910 1071 nostras
1929 1038 2143 1082 provincias,
2172 1044 2205 1071 et
2223 1037 2259 1070 in

1270 1086 1633 1134 legeMalun‘netic.·1⁸¹)
1645 1091 1856 1133 profitentur
1873 1102 1908 1122 se
1924 1089 2026 1123 nobis
2043 1102 2114 1124 esse.
2129 1087 2259 1128 hostes,

1270 1145 1301 1171 et
1321 1146 1529 1183 perpetuum
1548 1141 1676 1173 bellum
1694 1141 1796 1174 nobis
1813 1141 2035 1174 denuntiant.
2087 1141 2179 1175 Nam
2204 1141 2259 1173 lex

1271 1189 1507 1222 Maliometica
1538 1191 1708 1235 praecipit
1732 1192 1877 1231 Turcis,
1912 1199 1951 1225 ut
1980 1193 2072 1225 bella
2106 1192 2259 1225 inferant

1270 1241 1347 1273 aliis
1365 1241 1582 1281 nationibus,
1610 1243 1746 1275 etiamsi
1766 1244 1860 1276 nulla
1881 1256 1984 1277 causa
2001 1244 2065 1283 sit,
2093 1244 2161 1277 nisi
2179 1255 2259 1288 pro-

1266 1292 1453 1335 Pflgstlld³¹e
1481 1298 1594 1325 SQCtZlC
1620 1293 1790 1336 iPSOl‘UHl.

1368 1342 1555 1375 Postremo
1574 1343 1711 1377 etiamsi
1729 1342 1793 1376 liae
1813 1356 1937 1377 causae
1957 1358 2029 1377 non
2048 1352 2181 1385 essent,
2210 1352 2260 1378 ta-

1270 1405 1351 1425 men
1374 1393 1425 1438 pii
1449 1406 1548 1438 reges
1574 1395 1703 1427 debent
1729 1393 1916 1438 prohibere
1932 1394 2189 1440 blasphemias,
2216 1408 2260 1428 ne

1270 1452 1512 1489 propagentur
1530 1447 1565 1477 in
1582 1446 1652 1479 suis
1669 1446 1885 1490 regionibus.

1311 1533 1444 1566 Utrum
1468 1533 1719 1576 praescriptio
1745 1535 1899 1565 excuset
1924 1530 2222 1567 consolentiam?

1372 1598 1602 1643 Respondeo:
1638 1598 1810 1639 Excusat,
1843 1599 1925 1644 quia
1959 1612 2036 1632 cum
2069 1600 2125 1632 lex
2148 1600 2260 1644 magis

1271 1650 1315 1683 sit
1341 1650 1487 1683 domina
1512 1663 1631 1683 rerum
1655 1657 1880 1690 nostrarum,
1908 1663 2015 1695 quam
2043 1651 2107 1684 ulli
2128 1651 2260 1695 privati

1270 1701 1420 1741 domini,
1439 1708 1473 1734 et
1490 1702 1534 1735 sit
1551 1702 1730 1734 ordinatio
1749 1702 1882 1741 (lirina,
1911 1702 2071 1747 sequitur
2087 1715 2146 1736 eos
2165 1702 2259 1735 ordi-

1270 1753 1415 1786 natione
1433 1753 1553 1786 diuina
1582 1760 1614 1785 et
1643 1753 1729 1786 iuste
1755 1753 1920 1786 dominos
1946 1754 2034 1793 fieri,
2063 1753 2190 1799 quibus
2206 1754 2260 1787 lex

1272 1805 1432 1838 attribuit
1446 1817 1512 1838 res.
1566 1803 1638 1837 Lex
1655 1811 1770 1837 autem
1789 1805 1971 1837 constituit
1989 1805 2126 1850 acquiri
2145 1805 2259 1837 domi-

1270 1856 1329 1889 nia
1354 1855 1653 1902 praescriptione,
1688 1869 1731 1888 ne
1757 1856 1791 1888 111
1822 1856 1999 1889 infinitum
2031 1856 2101 1889 sint
2124 1856 2258 1889 incerta

1272 1907 1444 1947 dominia,
1472 1914 1505 1940 et
1524 1907 1680 1939 infinitae
1700 1907 1786 1941 lites.
1840 1907 1934 1950 Ergo
1953 1920 2007 1940 res
2023 1907 2258 1952 praescriptae

1271 1960 1364 1992 bona
1385 1959 1598 1992 conscientia
1616 1965 1791 1997 tenentur,
1805 1959 2014 2003 praesertim
2033 1959 2061 1992 si
2078 1959 2122 1992 sit
2138 1959 2260 1992 titulus

1270 2011 1406 2050 bonus,
1435 2017 1468 2043 et
1483 2023 1557 2043 non
1573 2011 1615 2043 sit
1633 2010 1810 2043 contraria
1831 2010 2063 2049 conscientia,
2098 2010 2257 2043 videlicet

1273 2074 1362 2107 quae
1381 2068 1474 2094 certo
1495 2061 1589 2094 norit
1607 2062 1782 2094 dominos.
1836 2062 1908 2095 'Nec
1932 2061 2169 2095 obiiciendum
2197 2066 2259 2101 est,

1273 2114 1367 2158 quod
1392 2113 1525 2146 dubitet
1551 2113 1785 2153 conscicntia,
1818 2114 1921 2145 debet
1952 2113 2045 2145 enim
2074 2113 2118 2145 ad
2141 2113 2257 2155 legum

1273 2164 1498 2197 autoritatem
1524 2164 1710 2208 respicere,
1738 2176 1811 2196 non
1829 2166 1873 2197 ad
1892 2164 2047 2208 privatas
2066 2176 2198 2203 causas,
2226 2171 2259 2197 et

1272 2215 1467 2259 intelligere
1494 2217 1604 2259 legem
1633 2229 1704 2249 esse
1728 2228 1848 2248 rerum
1872 2215 2066 2249 dominam.
2119 2215 2156 2248 Si
2180 2215 2259 2261 quis

1273 2273 1390 2300 autem
1409 2274 1504 2300 certo
1522 2274 1642 2301 noscet
1658 2267 1843 2307 dominos,
1869 2267 1932 2301 etsi
1954 2267 2057 2299 iudex
2079 2279 2153 2300 non
2179 2278 2259 2311 pro-

1271 2319 1413 2352 nuntiat
1430 2325 1553 2351 contra
1566 2319 1893 2363 praescriptionem,
1906 2325 2024 2351 tamen
2035 2325 2085 2351 est
2096 2316 2257 2351 habenda

1272 2369 1364 2402 ratio
1390 2370 1624 2404 conscientiae
1653 2370 1689 2403 in
1715 2383 1756 2403 eo
1790 2383 1891 2409 casu,
1929 2376 1962 2402 et
1990 2370 2258 2413 transigendum

1273 2434 1352 2454 cum
1375 2422 1542 2459 domino,
1571 2420 1660 2454 1111111
1688 2422 1781 2455 enim
1805 2422 1909 2454 debet
1930 2421 2004 2453 fieri
2027 2428 2149 2453 contra
2176 2433 2258 2453 con-

1273 2472 1467 2507 scientiam.
1523 2473 1612 2505 llinc
1639 2473 1784 2507 iudicari
1812 2478 1923 2517 potest
1949 2479 1979 2504 et
2000 2472 2067 2504 alia
2086 2472 2258 2517 quaestio,

1272 2524 1435 2557 videlicet
1452 2526 1547 2570 quod
1565 2525 1698 2558 reditus
1716 2524 1787 2557 dati
1805 2523 1970 2557 Lectos-iis
1991 2525 2034 2555 ad
2060 2530 2173 2557 certos
2200 2524 2258 2555 ab·

1307 2643 1355 2670 81)
1374 2643 1568 2670 mahometica]
1589 2642 1630 2665 sic
1648 2641 1696 2664 Ed.
1716 2641 1803 2663 mm:
1824 2640 1890 2663 Eud.
1913 2640 1986 2663 ¹533.
2008 2643 2034 2663 et
2057 2640 2128 2663 1540.
2149 2640 2259 2663 Macho-

1344 2678 1448 2701 nietica.
1486 2678 1580 2704 Dicta,
1614 2675 1763 2699 cuiusmodi
1788 2675 1828 2697 hic
1857 2678 2119 2699 commemorantur.
2150 2674 2177 2697 in
2205 2674 2259 2698 Cn-

1344 2718 1429 2740 ram).
1460 2713 1521 2741 lege
1553 2710 1792 2735 Muhannncdana,
1828 2709 1948 2738 pluribus
1978 2709 2046 2733 locis
2077 2709 2259 2734 inveniuntur,

1345 2754 1367 2771 e.
1388 2754 1409 2770 c.
1430 2749 1500 2771 Sura
1519 2746 1541 2770 2.
1561 2748 1587 2769 et
1607 2747 1629 2768 4.
