2347 3000
226 120 299 151 ‘io-‘5

494 112 695 148 SCRIPTA
720 112 796 146 Pu.
824 110 936 145 MEL.
959 110 1024 143 AD
1050 107 1261 143 ETHICEN
1287 105 1352 140 ET
1380 104 1634 141 POLITIGEN
1664 103 1976 140 SPECTANTLx.

2182 103 2257 138 484

332 200 388 233 Sic
409 200 445 232 in
471 200 647 233 veteribus
671 198 864 232 canonibus
889 197 959 227 duo
985 195 1113 238 gradus
1137 199 1219 227 sunt
1244 210 1248 238 ἶ
1271 198 1338 225 stes
1357 193 1450 235 apud
1466 191 1752 237 Euripi‹lem⁷⁷),
1787 198 1819 224 et
1835 190 2006 224 Adrastus
2034 190 2127 234 apud
2146 189 2258 223 Hero-

232 265 446 297 poenarum:
477 251 680 295 Separatio,
717 245 985 293 (ἷᾳοριζεσθαι,
1021 253 1056 278 et
1082 258 1220 278 excom-

234 304 427 336 municatio
440 329 448 341 ,
475 299 835 345 ἀναθεμιαιιζέσθαι.

336 353 521 398 Separatio
540 359 589 384 est
606 363 736 394 poena,
764 360 832 393 qua
856 345 966 380 bomo
995 360 1058 391 per
1082 353 1222 381 senten-

234 405 319 438 tiam
342 404 515 437 Ecclesiae
545 402 681 443 cogitur
706 399 962 444 aliquantisper
988 399 1222 432 intermittere

235 456 388 489 osticium
417 454 614 498 publicum,
655 457 689 483 et
716 464 817 483 usum
851 449 1223 494 saeramemorum⁷⁵),

236 513 276 540 ut
300 507 501 550 exploretur
525 503 598 535 eius
625 501 845 540 obedientia,
887 513 932 532 an
957 502 1080 535 volens
1103 500 1223 535 statim

238 570 273 591 se
293 557 542 589 emendaturus
563 554 626 593 sit,
654 559 687 586 et
703 552 842 585 veniam
863 552 1047 596 petiturus,
1076 565 1121 585 an
1139 563 1223 583 vero

238 606 493 640 contumaciter
510 605 716 637 defensurus
734 616 912 641 errorem,
939 610 1000 636 aut
1024 614 1225 647 persevera-

238 665 337 691 turus
355 657 388 689 in
403 657 532 690 scelere
550 661 750 698 contempta
770 667 855 687 voce
870 653 947 686 Dei.

337 708 458 740 Altera
490 719 605 751 poena
636 706 760 738 ultima
785 711 817 737 et
841 716 979 737 summa
1010 702 1046 735 in
1070 702 1226 736 Ecclesia

237 765 288 792 est
304 757 642 795 excommunicatio,
671 769 761 802 quae
783 756 819 788 in
843 755 1038 788 canonibus
1063 755 1228 787 nomina-

238 817 295 842 tur
311 807 578 853 Anathcma'ss).
620 807 752 852 Estque
769 819 902 851 poena,
931 820 1000 852 qua
1018 804 1126 838 homo
1144 806 1228 850 legi-

239 861 326 894 tiino
352 860 482 893 iudicio
510 859 648 891 eiii-itur
675 871 715 891 cx
737 859 912 897 Ecclesia,
955 864 988 890 et
1019 857 1131 890 donec
1154 870 1228 890 non

238 912 330 944 redit
347 913 390 944 ad
413 910 689 955 poenitentiam,
718 917 768 943 est
794 909 994 942 membrum
1019 921 1163 952 prorsus
1184 909 1228 941 ab

238 962 391 997 Ecclesia
411 962 621 1006 praecisum,
646 968 679 993 et
697 961 873 993 exclusum
895 972 912 992 a
929 960 1096 993 socictate
1113 972 1229 993 sacra-

239 1020 444 1047 mentorum
467 1019 499 1044 et
516 1012 830 1045 ecclesiasticorum
850 1011 1061 1044 officiorum.

342 1065 414 1098 Noc
430 1064 575 1097 dubium
598 1070 648 1095 est
672 1063 804 1107 primos
827 1069 944 1107 patres
968 1062 1073 1094 etiam
1102 1061 1229 1095 vitasse

239 1115 441 1148 convictum
475 1127 619 1154 eorum,
661 1127 749 1159 quos
779 1111 846 1146 boc
878 1114 984 1146 modo
1009 1125 1051 1145 ex
1072 1112 1229 1146 Ecclesia

239 1167 429 1199 eiecerunt.
468 1165 516 1198 Ut
526 1165 640 1198 Adam
659 1172 691 1197 et
706 1165 804 1197 Heva
822 1164 1032 1208 expulerunt
1047 1175 1065 1195 a
1082 1175 1116 1196 se
1129 1163 1230 1202 Cain,

240 1218 285 1250 ad
303 1230 407 1263 quem
425 1217 552 1249 dieitur
570 1228 655 1248 voce
672 1215 792 1247 divina
817 1215 961 1260 (Genes.
978 1213 1012 1254 4,
1032 1213 1126 1258 12.):
1159 1213 1230 1246 Va-

239 1281 302 1312 gus
332 1269 398 1301 eris
427 1274 460 1300 et
487 1268 658 1311 profugus
688 1266 722 1298 in
755 1273 862 1299 terra.
930 1265 975 1297 Et
1009 1265 1113 1308 gessit
1141 1264 1230 1298 Cain

237 1320 377 1363 signum
393 1325 522 1357 reatus,
549 1319 638 1352 sicut
658 1317 774 1362 inquit
790 1323 903 1349 textus
919 1316 1064 1362 (Genes.
1083 1315 1118 1354 4,
1136 1314 1228 1360 15.):

237 1370 283 1404 Et
301 1371 419 1415 posuit
433 1369 529 1402 Deus
552 1369 587 1401 in
611 1380 651 1400 eo
677 1368 837 1411 signum,
864 1366 1047 1406 videlicet,
1075 1366 1229 1399 subitam

239 1421 586 1459 consternationem,
613 1431 733 1451 coram
755 1418 832 1451 aliis
857 1416 1082 1456 bominibus,
1111 1424 1228 1450 ortam

240 1485 282 1506 ex
299 1472 436 1516 magnis
454 1471 645 1515 pavoribus
663 1469 920 1509 conscientiae,
950 1468 1011 1513 qui
1033 1474 1115 1501 sunt
1138 1469 1229 1502 iudi-

239 1524 332 1557 cium
356 1529 389 1556 ct
404 1534 518 1567 poena
535 1522 592 1567 Jsic
615 1521 779 1554 ordinata
803 1533 822 1553 a
841 1520 918 1553 Deo
943 1520 979 1552 in
1001 1526 1076 1552 toto
1101 1532 1228 1564 genere

239 1573 412 1608 humano.

342 1625 409 1658 Hic
424 1637 501 1658 mos
519 1623 681 1656 eiiciendi
697 1621 1020 1656 excommunicatos
1039 1633 1057 1654 a
1082 1634 1228 1654 consue-

237 1677 358 1712 tudine
390 1682 424 1709 et
453 1675 637 1714 convictu,
683 1673 825 1707 durax-it
848 1679 968 1717 postea
996 1674 1032 1706 in
1055 1673 1228 1717 gentibus,

237 1741 328 1774 quae
364 1727 474 1770 magis
506 1726 732 1758 retinuerunt
765 1724 987 1768 disciplinam
1025 1724 1226 1768 primorum

235 1786 392 1824 patrum.
456 1777 546 1811 Nam
574 1783 607 1808 et
632 1777 726 1819 apud
745 1776 899 1807 Graecos
930 1775 1037 1816 longo
1067 1781 1227 1819 tempore

237 1830 304 1864 hoe.
336 1834 515 1863 servatum
542 1833 610 1866 est,
644 1833 683 1859 ut
709 1824 909 1859 homicidae
935 1832 968 1858 et
990 1826 1132 1865 incesti,
1167 1826 1228 1870 qui

236 1894 310 1914 non
342 1879 664 1917 interficiebantur,
714 1877 774 1910 sed
802 1876 1025 1920 vagabantur
1055 1883 1227 1921 tanquam

237 1930 552 1969 excommunicati,
587 1934 751 1973 gererent
776 1927 875 1972 signa
901 1934 1042 1968 reatus,
1075 1933 1116 1961 ut
1139 1927 1228 1961 Ore-

270 2047 318 2079 75)
337 2045 495 2076 Separatio,
515 2039 689 2075 (Ξιροῃιᾳιιὸς.
709 2050 732 2067 s.
750 2042 839 2067 minor
855 2042 1113 2070 excommunicatio.
1133 2043 1226 2068 consi-

305 2083 396 2105 stehat
415 2081 439 2103 in
454 2079 610 2103 ext-lusione
626 2079 760 2101 hominum
777 2084 793 2101 a
812 2079 1023 2107 participatione
1045 2079 1227 2102 eucharistiae

306 2118 332 2140 et
351 2121 459 2145 precum
479 2113 612 2137 fidelium:
646 2120 679 2135 ex
700 2113 817 2135 ecclesia.
842 2114 933 2135 autem
954 2119 1002 2135 eos
1021 2119 1074 2134 non
1094 2113 1225 2138 eiiciehat.

305 2150 467 2174 Consistere
491 2147 561 2169 euim
587 2147 672 2169 adhuc
699 2148 827 2175 poterant
852 2146 885 2169 ad
912 2147 1074 2169 audiendam
1105 2148 1226 2175 psalmo—

305 2186 391 2208 diam.
415 2182 612 2211 seripturarum
631 2181 790 2207 lectionem,
815 2181 971 2203 concionem
991 2183 1017 2203 et
1036 2187 1130 2209 preces
1148 2184 1226 2204 catc-

305 2220 496 2241 elunnenoruui
516 2222 547 2238 ai:
568 2215 761 2244 poenitentium
774 2231 780 2238 ,
805 2216 886 2244 atquc
906 2217 960 2237 tuni
980 2221 1037 2238 cum
1060 2215 1115 2237 illis
1134 2216 1225 2238 disee-

304 2254 369 2275 ‹lvsre
396 2251 543 2274 dehebant.
577 2250 663 2278 prima
689 2249 772 2271 (livini
797 2250 886 2271 cultus
912 2251 1005 2277 pai-te.
1039 2249 1122 2272 missa
1148 2252 1225 2273 eate-

304 2288 512 2310 chumenorum.
546 2284 630 2307 finita.
676 2283 737 2306 vid.
759 2283 776 2305 1.
798 2283 936 2309 Βίιηιῐιῑιιιιί
958 2283 1080 2308 origines
1106 2290 1128 2307 s.
1150 2285 1225 2306 anti-

306 2322 384 2350 quitt.
404 2319 553 2342 ecclesiast.
575 2319 601 2340 in
621 2318 667 2341 lat.
687 2323 762 2340 vem.
782 2322 798 2339 a
812 2317 831 2340 l.
847 2318 879 2342 Η.
895 2317 1065 2342 Griseliovio,
1086 2318 1150 2343 Yol,
1165 2319 1223 2342 ΥΠ,

306 2363 329 2384 p.
344 2356 373 2377 bl
392 2361 451 2383 sqq.

269 2399 317 2425 76)
337 2397 486 2420 Anathema
508 2395 523 2418 i.
540 2401 562 2419 e.
581 2394 735 2418 exsecratio
755 2400 775 2416 s.
794 2391 930 2423 παντελῆς
943 2390 1117 2425 ιῗφορισιιιός,
1135 2394 1223 2418 omni-

306 2432 386 2454 moda
412 2438 464 2459 sep
481 2430 550 2452 intio
577 2436 598 2452 s.
625 2430 711 2452 maior
732 2430 973 2452 excommunicatio
1000 2432 1077 2453 erat.
1116 2430 1222 2458 quando

305 2465 425 2488 homines
446 2466 458 2482 Λ
474 2475 476 2478 -
497 2464 613 2486 ecelesia
633 2463 740 2492 penitus
761 2464 967 2491 expellebantur
986 2465 1012 2486 et
1031 2464 1064 2486 al)
1078 2464 1148 2486 omiti
1164 2471 1222 2487 cnm

305 2500 364 2528 ipsa
380 2499 405 2520 iu
421 2498 509 2521 saeris
524 2498 621 2520 offis-iis
634 2497 822 2520 eominunione
837 2499 1043 2526 separabantur.
1080 2498 1222 2526 Frequen-

305 2535 347 2556 ter
367 2533 446 2555 etiam
467 2532 551 2554 variis
569 2532 739 2558 significatur
758 2532 916 2560 phrasibus,
946 2539 969 2555 e.
985 2539 1010 2559 g.
1038 2527 1222 2562 ἀπείργεσθαι

304 2566 349 2596 τῆς
367 2565 523 2594 ἐκκλησίας,
554 2562 749 2588 ἀποκλείεσθαι
777 2568 803 2588 ct
828 2564 977 2597 §inno-nra
1001 2565 1046 2594 τῆς
1069 2564 1220 2594 ἐκκλησίας,

303 2598 380 2624 {zuis
405 2595 491 2628 εἶναι,
528 2597 737 2629 durgonum-'mi
769 2599 814 2628 τῆς
847 2598 984 2626 συνόδου,
1019 2597 1144 2630 τῖπεῖρξκι
1176 2600 1220 2629 τῆς

301 2632 476 2666 ‹bromio-nug,
494 2634 601 2655 ceteris,
638 2635 698 2657 x'id.
719 2635 845 2660 namnam
867 2635 883 2657 l.
900 2635 916 2658 l.
937 2642 951 2663 p
973 2636 1007 2657 84
1020 2641 1076 2664 sqq.
1113 2635 1139 2659 J.
1155 2634 1219 2658 Chr.

301 2671 351 2694 xv,
372 2668 485 2695 Augusti
505 2668 785 2698 Denkwiirdigkcitcn
813 2674 863 2692 aus
883 2669 930 2692 der
949 2669 1052 2694 christl.
1074 2669 1218 2693 Archaeol.

302 2705 332 2728 T.
347 2703 394 2727 lx.
412 2709 436 2732 p.
454 2701 501 2726 137
515 2708 555 2732 sq.

1273 242 1472 288 ‹l‹›t1nn⁷⁸),
1498 244 1629 276 scilicet
1647 244 1844 276 velamenta
1863 248 1955 274 certa
1980 241 2015 273 in
2038 240 2162 284 capite.
2213 240 2260 274 Et

1274 295 1367 337 apud
1383 292 1590 337 Euripidem
1609 295 1751 328 Orestes
1774 293 1928 326 eomedit
1953 292 2066 331 solus,
2094 303 2157 323 nec
2180 291 2262 324 licet.

1275 345 1304 377 ei
1325 345 1443 377 adesse
1460 346 1641 378 communi
1663 358 1816 379 mensae.
1868 344 1914 377 Et
1936 344 2028 387 apud
2049 339 2262 386 Sophoclem

1275 395 1434 439 Oedipus
1466 395 1618 429 incestus
1650 408 1687 429 re
1721 396 1882 440 cognita,
1931 407 1973 427 ex
2003 392 2138 427 Thebis
2169 391 2265 426 eiici-

1277 447 1400 492 turm).

1380 496 1426 528 Hi
1443 496 1573 528 vetusti
1589 508 1706 530 mores
1731 497 1875 530 arcendi
1898 495 2221 530 excommunicatos
2245 505 2266 528 a

1277 547 1460 586 convictu,
1488 547 1593 579 ctiam
1612 547 1740 580 retenti
1762 554 1845 581 sunt
1860 549 1954 592 apud
1971 547 2130 580 ludaeos.
2180 545 2264 579 ldeo

1277 599 1409 632 Paulus
1439 595 1506 630 hoc
1536 599 1644 631 modo
1678 598 1775 631 iubet
1800 599 1906 631 vitari
1930 597 2266 636 excommunicatos,

1278 662 1322 682 ne
1339 650 1383 683 sit
1401 661 1479 682 cum
1500 649 1548 682 eis
1567 649 1765 683 communis
1782 661 1901 682 mensa
1921 648 1972 694 (1.
1991 648 2072 682 Cor.
2089 647 2125 688 5,
2144 647 2232 693 11.).

1379 700 1432 734 Ex
1461 698 1514 733 his
1544 701 1690 734 vetustis
1712 700 1840 734 ritibus
1866 699 2267 738 excommunicatorum,

1280 752 1450 785 translata
1470 758 1552 785 sunt
1569 759 1602 785 et
1618 753 1653 785 in
1669 752 1860 785 Ecclesiam
1876 750 2075 795 spectacula
2103 749 2265 794 publicae

1280 802 1596 849 poenitentiacffl),
1630 810 1670 837 ut
1694 803 1993 841 nominabantur,
2029 812 2118 847 quae
2143 806 2267 844 postea

1281 854 1409 888 Graeci
1425 862 1679 899 nuncuparunt
1701 852 1883 899 ἐπιτίμια,
1910 854 1945 885 id
1970 858 2039 891 est,
2067 851 2268 895 castigatio-

1280 918 1342 939 nes
1359 918 1419 938 seu
1436 906 1596 939 mulctas.
1644 905 1765 939 Latini
1781 905 1954 938 vocabulo
1970 916 2036 937 usu
2051 908 2134 937 sunt
2150 902 2269 937 miuus

1281 958 1482 990 verecundo
1504 957 1795 990 satisfactionum.

1383 1008 1590 1040 Homicidae
1615 1015 1650 1041 et
1671 1009 1731 1041 alii
1755 1005 1882 1052 polluti
1911 1005 2106 1040 manifestis
2129 1003 2270 1039 sceleri-

1280 1058 1365 1098 bus,
1393 1064 1433 1091 ut
1458 1059 1661 1098 adulteriis,
1693 1060 1834 1092 stabant
1855 1064 1951 1090 certo
1976 1058 2055 1090 loco
2075 1057 2111 1090 in
2134 1056 2267 1101 templo

1282 1121 1346 1153 per
1373 1109 1511 1154 aliquot
1533 1110 1625 1150 dies,
1660 1109 1775 1143 induti
1796 1108 1950 1143 sordidis
1975 1108 2130 1142 vestibus
2159 1114 2193 1141 et
2212 1118 2270 1150 ge-

1281 1166 1414 1193 stantes
1447 1160 1567 1203 signa,
1609 1167 1649 1194 ut
1683 1159 1883 1194 homicidae
1918 1159 2053 1203 gladios
2088 1159 2271 1203 gerebant,

1283 1211 1433 1243 adulteri
1450 1212 1557 1245 fasces
1573 1212 1767 1256 virgarum.
1820 1211 1884 1244 His
1905 1211 2013 1253 signis
2036 1210 2271 1243 ostendebant

1281 1274 1316 1294 se
1334 1262 1436 1294 fateri
1459 1263 1619 1305 culpam,
1648 1269 1682 1295 et
1705 1275 1740 1296 se
1768 1262 1893 1305 dignos
1921 1273 1992 1294 esse
2017 1261 2153 1305 poenis.
2212 1260 2271 1294 Sic

1282 1311 1473 1355 explorati,
1500 1319 1581 1357 post
1596 1313 1734 1358 aliquot
1749 1313 1823 1346 dies
1847 1312 2142 1353 absolvebantur,
2168 1318 2203 1346 et
2216 1311 2271 1354 ‚ad

1282 1363 1571 1396 communionem
1588 1377 1710 1398 rursus
1726 1364 2018 1397 admittebantur.

1383 1413 1421 1447 ld
1439 1416 1675 1459 spectaculum
1694 1429 1712 1448 a
1730 1415 1915 1460 disciplina
1932 1414 2042 1447 veteri
2059 1419 2177 1448 ortum
2186 1413 2272 1456 suit,

1282 1476 1321 1497 ac
1335 1478 1482 1510 prorsus
1504 1464 1595 1499 nihil
1608 1467 1759 1500 faciebat
1777 1468 1821 1500 ad
1839 1466 2084 1500 remissionem
2110 1472 2272 1511 peccato-

1281 1529 1361 1549 rum
1378 1530 1498 1550 coram
1517 1518 1593 1551 Deo
1605 1545 1614 1558 ,
1640 1520 1700 1552 sed
1718 1519 1785 1551 fuit
1802 1518 1998 1562 exploratio
2016 1517 2270 1563 qualiscunque

1282 1580 1404 1601 eorum
1418 1595 1427 1608 ,
1456 1569 1517 1614 qui
1535 1570 1579 1602 ad
1588 1569 1782 1603 Ecclesiam
1801 1570 1977 1609 redibant,
2003 1582 2049 1602 an
2064 1569 2156 1602 serio
2173 1575 2270 1613 pete-

1280 1625 1360 1651 rent
1378 1619 1530 1653 veniam.
1583 1620 1672 1654 Aliis
1693 1621 1799 1653 etiam
1819 1621 1979 1664 exemplo
1996 1620 2083 1659 suit,
2109 1626 2149 1653 ut
2168 1620 2269 1663 igno—

1280 1670 1429 1702 miniam
1450 1670 1614 1704 vitarent.
1666 1670 1774 1710 Item,
1804 1678 1843 1705 ut
1866 1677 2051 1704 cernerent
2077 1671 2121 1703 ob
2148 1671 2268 1705 oculos

1281 1722 1395 1764 posita
1416 1721 1638 1762 testimonia,
1666 1735 1756 1768 quae
1776 1723 2011 1756 ostendebant
2027 1723 2144 1766 lapsos
2159 1721 2270 1767 recipi

1282 1784 1394 1815 POSSQ.

1381 1822 1427 1855 lit
1458 1821 1553 1857 liunc
1583 1837 1721 1857 morem
1752 1824 1875 1858 citav1t
1901 1825 2029 1859 Petrus
2059 1823 2269 1857 Alexandri-

1280 1885 1346 1906 nus
1356 1872 1402 1920 8Ι)
1424 1881 1546 1908 contra
1566 1874 1752 1910 Catharos.

1312 1991 1361 2019 77)
1381 1991 1461 2017 Conf.
1479 1991 1573 2022 Enrip.
1592 1992 1646 2022 lph.
1667 1993 1748 2017 Tanr.
1763 1992 1797 2017 76
1809 1997 1867 2022 sqq.

1312 2042 1360 2073 78)
1382 2043 1512 2067 Hei-odat.
1526 2043 1547 2067 Ι,
1568 2043 1691 2067 35-45.
1726 2044 1862 2067 Adrastus
1876 2042 1986 2073 Pin-yx.
2006 2042 2101 2067 Gor-da·
2116 2042 2196 2070 filins.
2215 2049 2267 2067 ne-

1348 2083 1397 2106 pos
1415 2078 1522 2103 Midae.
1555 2078 1651 2100 fratris
1671 2079 1848 2107 interemptor
1867 2078 1994 2107 expiatur
2017 2083 2034 2100 a
2053 2078 2172 2106 Croeso,
2204 2079 2265 2108 Ly-

1349 2112 1410 2134 diae
1429 2118 1509 2141 rege.
1531 2112 1574 2141 qui
1594 2112 1618 2134 ei
1637 2113 1786 2136 custodiam
1805 2112 1853 2135 filii
1874 2112 1915 2134 sui
1937 2112 2020 2141 Atyis
2041 2112 2074 2135 ad
2092 2112 2262 2136 venationem

1348 2147 1474 2169 exeuntis
1490 2147 1607 2170 mandat.
1645 2147 1721 2170 Hune
1735 2147 1818 2170 filium
1832 2147 1968 2169 Adi-astus
1986 2152 2079 2175 aprum
2099 2146 2263 2172 transfigere

1346 2181 1444 2203 voleus
1479 2181 1642 2211 transfodit,
1681 2183 1854 2211 quamohrem
1877 2187 1940 2204 sese
1965 2181 2023 2210 ipse
2047 2186 2129 2210 super
2156 2181 2263 2204 bustum

1348 2216 1431 2244 At-vis
1450 2215 1608 2238 transfodit.

1310 2265 1358 2294 79)
1379 2265 1457 2289 conr.
1478 2266 1560 2296 soph.
1579 2266 1644 2290 Oed.
1665 2267 1730 2296 Tyr.
1749 2267 1823 2290 1⁴:36.
1845 2267 1910 2291 14⁴0
1923 2273 1964 2297 sq.

1310 2318 1358 2345 80)
1378 2319 1417 2341 ne
1436 2318 1514 2341 varia
1533 2318 1610 2340 huius
1636 2318 1760 2347 publicae
1784 2317 1967 2348 poenitentiae
1994 2316 2101 2340 ratione
2125 2316 2179 2340 vid.
2199 2316 2263 2342 Chr.

1345 2354 1435 2382 lteyer
1461 2353 1493 2375 de
1519 2358 1616 2378 magno
1639 2353 1744 2375 veteris
1771 2353 1904 2375 ecclesiae
1927 2352 1999 2374 cirea
2027 2351 2198 2380 poenitentes
2222 2352 2262 2375 ri-

1350 2393 1424 2415 gore.
1452 2387 1527 2413 liips.
1548 2387 1621 2409 1759.
1640 2388 1682 2411 4..
1714 2387 1843 2412 Binaham
1863 2386 1950 2413 origg.
1971 2385 2123 2410 ecclesiast.
2141 2386 2170 2409 T.
2190 2386 2260 2411 vm.

1345 2428 1369 2450 p,
1389 2421 1543 2444 108—128.
1572 2423 1599 2443 et
1623 2421 1741 2446 Augusti
1764 2420 1981 2447 Denkwiirdigk.
2007 2426 2056 2443 aus
2082 2420 2131 2443 der
2155 2420 2260 2444 ctu-isti.

1344 2456 1488 2478 Archaeol.
1508 2456 1536 2478 T.
1552 2455 1600 2478 lx.
1625 2463 1648 2485 p.
1664 2455 1802 2478 43—147.

1307 2498 1354 2523 81)
1376 2498 1490 2522 Petrus.
1516 2498 1658 2527 episi-opus
1676 2496 1894 2520 Alexandrinus.
1920 2497 1952 2519 oh
1971 2497 2144 2521 sanctitatem
2164 2498 2191 2521 et
2209 2497 2260 2521 do—

1343 2533 1458 2555 cti-inam
1477 2533 1510 2555 ah
1531 2533 1644 2555 Eusebio
1666 2532 1807 2554 laudatus.
1836 2532 1958 2560 tempore
1982 2532 2179 2560 persecutionis
2198 2531 2258 2561 qui-

1343 2567 1401 2589 tlem
1423 2567 1610 2589 Diocletianae
1634 2567 1699 2590 suaa
1724 2567 1850 2588 servatus
1875 2566 2002 2595 deinceps
2023 2565 2184 2589 Maximiano
2207 2566 2258 2589 im-

1340 2603 1454 2630 perante
1473 2607 1496 2624 a.
1511 2601 1570 2625 31¹.
1592 2600 1723 2629 martyris
1742 2602 1855 2622 mortem
1882 2606 1979 2629 passus
2004 2602 2055 2624 est.
2102 2602 2133 2624 A.
2148 2600 2205 2623 306.
2225 2600 2258 2623 de

1339 2636 1507 2664 poenitentia
1525 2635 1619 2657 librum
1639 2634 1764 2663 scripsit,
1799 2634 1874 2656 euius
1897 2634 2046 2663 quindecim
2071 2640 2190 2658 canones
2208 2640 2257 2656 su-

1341 2671 1470 2698 persunt,
1491 2670 1534 2698 qui
1553 2674 1653 2696 graece
1673 2670 1699 2690 et
1719 2668 1818 2693 latine.
1838 2675 1895 2691 cum
1917 2669 2026 2691 scholiis
2041 2669 2174 2691 Theodori
2189 2668 2254 2691 Bal-

1337 2704 1457 2727 samonis
1487 2704 1514 2727 et
1536 2703 1575 2727 lo.
1599 2703 1727 2726 zonarae
1756 2703 1932 2732 reperiuntur
1956 2702 1984 2726 iu
2010 2702 2080 2728 Guil.
2105 2701 2250 2732 Bet-eregii
