2347 3000
93 127 163 161 901
322 122 410 157 VIII.

89 209 281 256 petitioffl).
335 208 501 254 Sequitur
524 206 726 251 occupatio:
763 205 866 239 Tune
892 205 999 247 igitur
1024 204 1072 235 t'a-

87 262 170 295 teris
187 268 218 295 te
235 261 366 294 xecsari
384 260 420 292 in
440 258 589 292 litteris?
642 259 694 290 Ad
714 256 779 290 hoe
802 258 991 301 respondet
1011 266 1073 298 per

86 313 347 346 concessionem
360 338 368 351 ‚
397 317 430 343 et
444 310 582 343 subiicit
601 315 668 342 tres
686 321 806 343 causas
826 309 958 342 finales.
996 305 1073 338 Pri-

87 378 143 397 ma
171 371 236 397 est:
279 362 328 395 lta
354 373 475 395 versor
500 361 536 393 in
559 361 684 394 litteris
712 367 881 406 tanquam
913 359 950 392 in
971 356 1073 394 ludis,

87 422 127 449 ut
141 422 258 448 tamen
276 426 347 446 non
366 413 520 445 abducar
536 423 554 444 a
572 412 733 455 negotiis,
799 412 977 445 Secunda:
1020 407 1073 440 Ex

88 466 211 499 litteris
229 464 347 498 crescit
367 462 453 496 mihi
472 464 618 497 facultas
636 463 787 497 dicendi.
830 462 970 496 Tertia:
999 459 1071 491 Lit-

89 524 183 549 terae
209 516 313 548 etiam
338 515 537 559 gubernant
563 527 660 548 meos
685 527 821 555 mores,
867 520 899 547 et
926 511 1070 547 consilia

86 567 261 611 regendae
277 566 502 610 reipublicae.
553 565 599 599 iit
621 566 719 599 addit
742 566 935 598 rationem:
979 561 1070 610 Quin

86 619 222 651 litterae
253 618 437 651 continent
469 617 668 649 doctrinam
698 618 788 650 bene
814 617 968 650 vivendi.
1027 615 1071 648 Et

86 668 176 702 hanc
204 669 414 703 seutentiam
442 668 619 701 illuminat
640 680 702 712 per
726 668 1071 713 interpretationem,

85 718 250 753 nonnihil
271 721 415 753 mutatis
434 719 560 753 verbis.

186 772 352 817 Sequitur
386 770 554 803 obiectio:
597 769 691 803 Num
727 769 834 813 igitur
867 769 955 802 nulli
991 775 1071 802 sunt

86 823 204 865 magni
229 823 295 855 viri
321 822 396 855 sine
421 820 606 854 doctrina?
659 820 819 852 Primum
845 820 1070 853 concessione

87 874 217 913 utitur,
244 874 339 919 quod
357 872 457 905 multi
481 871 548 903 viri
572 870 692 914 magni
714 871 790 904 sine
816 871 977 904 doctrina
998 873 1069 904 sue-

86 925 168 958 rint.
234 924 279 957 Et
304 923 401 955 addit
425 922 617 955 rationem:
653 921 745 966 Quia
772 934 898 966 magna
922 930 1071 956 naturae

86 975 136 1008 vis
161 981 221 1008 est.
279 974 415 1007 Deinde
440 973 579 1006 subiicit
602 973 875 1006 correctionem:
917 974 1069 1007 Multum

86 1033 203 1058 tamen
225 1025 390 1058 conducit
413 1025 594 1063 doctrina,
628 1031 662 1057 et
685 1026 878 1068 perfectum
901 1026 1070 1070 quiddam

86 1076 219 1113 existit,
254 1089 332 1109 cum
359 1078 400 1108 ad
428 1082 592 1109 naturam
615 1076 745 1108 honam
774 1077 967 1110 accesserit.
1034 1076 1071 1109 ld

84 1128 210 1172 probat
238 1128 416 1172 exemplis.
469 1128 655 1160 Postremo
681 1127 812 1160 claudit
838 1125 928 1161 hanc
953 1128 1071 1171 ‹lispu-

84 1179 255 1211 tationem
275 1179 484 1222 repetitione
506 1190 630 1212 causae
648 1178 761 1211 finalis
776 1178 940 1216 lex-ioris,
978 1193 990 1210 x
1003 1180 1072 1211 ide-

84 1230 184 1269 licet,
213 1231 307 1273 quod
326 1229 568 1263 delectationis
587 1241 688 1263 causa
707 1229 843 1262 litterae
859 1242 931 1262 non
949 1230 1072 1276 siut32)

85 1283 339 1325 asperusunlae.
391 1280 437 1313 Et
460 1280 649 1324 amplificat
673 1278 766 1313 hunc
789 1282 892 1313 linem
919 1293 982 1325 per
1004 1283 1073 1314 col-

85 1332 272 1364 lationem:
316 1332 441 1366 Nullae
472 1332 560 1364 aliae
592 1332 792 1376 voluptates
819 1333 966 1375 perinde
992 1339 1074 1365 sunt

84 1390 287 1427 perpetuae.
356 1383 469 1415 Porro
497 1383 699 1416 distributio
728 1384 765 1415 tit
781 1382 826 1428 33)
851 1390 1072 1428 temporum:

87 1436 203 1478 Agunt
229 1441 464 1474 senectutem,
492 1441 555 1468 etc.

188 1486 365 1518 Hactenus
383 1487 426 1518 de
443 1498 504 1519 sua
522 1496 672 1530 persona
688 1491 825 1518 tantum
842 1486 1073 1519 dixitCicero.

90 1536 153 1568 Hic
172 1537 416 1571 transitionem
440 1537 542 1577 facit,
579 1543 613 1569 et
638 1537 766 1580 prohat
791 1538 918 1569 debere
943 1537 1073 1570 iudices

89 1588 193 1620 etiam
224 1588 393 1621 admirari
423 1595 551 1621 artem:
594 1594 627 1620 et
651 1588 754 1633 estssss)
782 1596 1030 1632 argumentum
1055 1601 1072 1620 a

87 1651 214 1681 genere
231 1640 315 1672 artis
333 1646 495 1673 tractum.
548 1639 615 1672 Ars
633 1645 683 1671 est
700 1639 804 1683 digna
825 1640 1074 1678 admiratione,

86 1702 169 1733 ergo
192 1691 296 1723 etiam
308 1689 454 1724 Archias
475 1691 593 1733 magni
609 1690 790 1724 faciendus
806 1698 866 1724 est.
916 1691 961 1724 Et
978 1691 1075 1723 simi-

87 1741 234 1774 litudine
264 1742 381 1775 reddit
411 1743 634 1786 perspicuum
665 1749 931 1783 argumentum:
979 1742 1073 1775 Sicut

86 1793 214 1826 celeres
229 1800 346 1826 motus
367 1800 469 1826 erant
492 1794 650 1837 corporis
670 1793 809 1832 Roscii,
845 1794 904 1838 qui
929 1806 1074 1837 magno-

86 1856 169 1888 pere
195 1845 434 1883 delectabant,
469 1851 549 1878 etc.:
588 1845 633 1877 ita
658 1852 739 1877 sunt
764 1845 894 1888 ingenii
911 1843 1075 1878 Archiae.

89 1895 233 1929 Accedit
251 1896 433 1940 probatio:
463 1895 556 1940 Quia
575 1896 704 1929 multos
723 1908 842 1930 versus
860 1909 900 1929 ex
915 1903 1075 1941 tempore

88 1947 214 1980 fundit.
267 1947 434 1992 Sequitur
453 1954 701 1990 argumentum
730 1959 749 1979 a
774 1947 973 1980 differentia
992 1959 1076 1991 poe-

88 1999 182 2032 tices.
236 1998 431 2042 Distinguit
450 1998 545 2031 enim
561 1995 727 2031 antithesi
744 1998 920 2042 poeticam
939 1999 982 2031 ab
1000 1998 1076 2031 aliis

87 2050 239 2091 artibus,
289 2056 323 2083 et
355 2047 441 2083 haec
471 2056 521 2086 est
555 2048 828 2094 enthymematis
858 2062 996 2083 summa
1013 2049 1074 2095 3⁵):

90 2102 231 2134 Poetica
245 2101 291 2147 36)
308 2107 359 2134 est
377 2101 518 2142 divina,
546 2113 629 2145 ergo
646 2107 771 2145 poetae
796 2108 877 2135 sunt
902 2101 1077 2134 tractandi

91 2151 295 2186 humaniter
311 2158 344 2185 et
362 2153 513 2186 colendi.
556 2152 601 2185 Et
619 2152 743 2185 adiecit
763 2153 1075 2197 amplificationem

90 2217 130 2237 ex
146 2205 248 2237 laude
268 2204 416 2238 musices
439 2205 579 2237 ductam
604 2217 644 2237 ex
655 2204 700 2249 ²⁵⁷)
724 2204 875 2237 maiore:
909 2204 999 2237 Saxa
1022 2216 1076 2237 re-

91 2256 265 2299 spondent
287 2256 451 2295 vocibus,
479 2256 610 2289 bestiae
633 2256 821 2288 flectuntur
843 2261 966 2295 cantu,
993 2268 1075 2300 ergo

94 2313 127 2339 et
143 2318 206 2339 nos
225 2319 383 2340 amemus
401 2319 556 2341 carmen.

127 2424 177 2452 31)
193 2422 333 2453 repetitio]
352 2423 402 2447 Ed.
418 2422 494 2446 1533.
512 2424 624 2453 typogr.
646 2428 757 2447 errore:
784 2422 897 2453 repetit).

127 2476 176 2503 32)
193 2474 261 2504 sint]
280 2474 328 2498 Ed.
343 2474 417 2498 1592.
437 2475 508 2498 sunt.

129 2526 177 2557 33)
198 2527 240 2556 fit]
259 2526 307 2549 Ed.
324 2526 398 2550 1554.
416 2526 461 2550 sit.

128 2581 175 2607 34)
196 2580 252 2607 est]
273 2578 298 2601 iu
318 2578 366 2601 Ed.
383 2579 454 2602 1554.
473 2578 539 2601 liaeo
559 2584 612 2602 vox
631 2579 715 2601 deest.

126 2633 172 2657 35)
192 2630 310 2657 summa]
332 2629 379 2651 Ed.
399 2628 472 2653 1568.
490 2629 585 2652 forma·

130 2683 176 2709 36)
197 2681 318 2708 poetica]
338 2680 384 2703 Ed.
402 2679 474 2703 1592.
497 2685 544 2702 ars
563 2679 682 2703 Poetiea.

127 2733 175 2760 37)
194 2732 240 2759 ex]
261 2730 306 2754 Ed.
327 2728 399 2753 1592.
420 2734 443 2752 a.

472 119 754 156 EMRRATIO
789 116 1049 154 ORATioNis
1090 113 1336 150 CICERONIS
1372 114 1469 147 PRO
1504 114 1679 148 ARCHIA
1717 117 1888 156 POETA.

2044 124 2117 160 ,002

1229 201 1407 233 Hactenus
1424 200 1585 234 recitavit
1600 209 1807 245 argumenta
1832 213 1969 249 sumpta
1995 221 2012 240 a
2039 223 2116 253 pei·-

1127 265 1212 285 sona
1233 251 1384 285 Archiae
1402 259 1498 285 extra
1517 265 1678 294 causam,
1715 257 1808 299 quod
1839 256 1871 288 in
1900 258 2039 291 cixitate
2064 273 2114 293 re-

1724 305 1826 338 Num·
1841 307 1979 341 subiicit
2000 323 2113 343 exem-

1127 356 1181 398 pla
1209 356 1331 387 eodem
1357 355 1590 398 pertinentia:
1633 356 1729 389 Sicut
1752 356 1841 390 aliae
1865 359 2022 394 civitates
2052 359 2114 393 ho-

1128 418 1213 437 nore
1238 406 1440 438 adfecerunt
1467 412 1608 449 poetas,
1645 407 1690 439 ita
1716 413 1749 440 et
1770 420 1834 442 nos
1858 408 2024 443 Archiam
2050 409 2111 444 ho-

1127 468 1212 488 nore
1249 458 1397 488 adlicere
1432 457 1610 491 dehemus.
1682 458 1877 493 Homerum
1911 462 2014 495 multi
2047 463 2113 496 sibi

1126 507 1305 539 vindicant
1325 506 1391 549 38),
1435 519 1517 551 ergo
1545 514 1578 540 et
1606 520 1670 542 nos
1694 510 1908 545 retineamus
1932 511 2114 549 Archiam.

1125 558 1275 591 Additus
1294 564 1343 590 est
1363 558 1524 591 allectus:
1555 559 1667 592 Nemo
1687 573 1760 593 non
1786 563 1879 595 favet
1907 566 1977 598 suis
2001 565 2113 598 laudi-

1124 610 1200 642 bus.
1253 606 1400 642 Archias
1417 615 1532 641 autem
1552 611 1734 654 descripsit
1751 612 1870 647 laudes
1898 616 2019 660 populi
2040 616 2112 650 Ito-

1127 660 1234 694 mani.
1274 660 1412 692 Recitat
1431 660 1535 703 igitur
1552 670 1759 702 argumenta
1779 665 1950 708 quaedam
1971 680 2112 711 poema-

1125 718 1198 743 tum
1228 709 1391 744 Archiae.
1457 710 1594 743 Deinde
1623 713 1761 746 sulJiieit
1793 716 1967 760 Scipionis
1998 731 2112 752 exem-

1127 763 1240 805 plum:
1271 761 1444 806 Seipi039)
1460 761 1617 795 Ennium
1635 761 1773 797 honore
1797 768 1943 809 adfecit,
1973 782 2055 812 ergo
2079 778 2113 804 et

1125 826 1186 846 vos
1204 811 1296 845 hune
1316 811 1450 845 honore
1467 814 1614 847 adticite.
1674 815 1818 849 Accedit
1841 812 2066 863 amplificatio
2093 834 2112 855 a

1125 864 1260 897 Graeca
1289 864 1423 907 lingua:
1467 864 1591 897 Plures
1616 865 1736 908 legunt
1760 867 1894 902 Graeca
1922 884 2027 915 quam
2047 871 2113 905 La-

1128 915 1219 951 tina;
1255 922 1289 948 at
1306 913 1454 948 Archias
1473 915 1608 949 Graece
1620 915 1665 961 40)
1684 917 1822 951 scribit:
1860 921 1984 956 melius
2010 922 2116 964 igitur

1124 966 1242 999 scribit
1262 979 1368 1011 quam
1383 966 1531 1000 Ennius.
1589 967 1718 1001 Addita
1746 976 1796 1003 est
1820 972 2046 1016 amplificatio
2072 976 2115 1007 ab

1125 1017 1276 1050 utilitate
1291 1018 1521 1061 scriptorum:
1552 1018 1643 1063 Quia
1664 1020 1775 1063 gloria
1801 1023 1845 1055 ad
1871 1024 2037 1058 virtutem
2065 1025 2115 1058 iu-

1126 1068 1226 1105 citat;
1263 1068 1392 1112 scripta
1417 1075 1534 1102 autem
1559 1070 1708 1113 gloriam
1731 1072 1893 1115 pariunt,
1928 1077 2009 1120 quia
2035 1077 2115 1108 reti-

1125 1125 1210 1151 nent
1238 1119 1447 1153 memoriam
1482 1132 1601 1154 rerum
1631 1129 1826 1165 gestarum:
1870 1138 1953 1170 ergo
1984 1127 2113 1171 scripta

1127 1170 1184 1202 illa
1202 1172 1245 1202 ad
1264 1171 1430 1204 virtutem
1455 1171 1614 1206 incitant.

1127 303 1291 336 tiuendus
1310 304 1372 342 sit,
1401 303 1481 348 quia
1501 304 1544 337 sit
1561 310 1676 348 poeta.

1675 1173 1843 1220 Sequitur
1868 1176 1995 1220 igitur,
2031 1179 2113 1211 scri-

1128 1227 1245 1264 ptores
1264 1234 1335 1254 esse
1353 1222 1477 1266 dignos
1490 1249 1498 1261 ‚
1528 1223 1587 1267 qui
1609 1225 1706 1257 omni
1724 1226 1829 1258 officii
1846 1239 1972 1270 genere
1997 1230 2114 1263 colan-

1127 1279 1194 1305 tur.
1254 1272 1440 1306 Adiectum
1465 1280 1515 1306 est
1540 1275 1738 1319 exemplum
1765 1278 1807 1309 de
1830 1277 1966 1312 Achille
1991 1287 2023 1314 et
2042 1280 2114 1313 Ho-

1129 1334 1245 1355 mero:
1300 1322 1447 1358 Achillis
1486 1326 1697 1359 memoriam
1738 1328 1886 1362 retinuit
1927 1331 2116 1366 Homerus.

1126 1373 1230 1406 ltem:
1275 1375 1467 1419 Pompeius
1496 1375 1666 1409 iudicavit
1696 1376 1783 1412 haec
1807 1381 1938 1425 scripta
1962 1382 2115 1426 gloriam

1127 1426 1284 1465 adferre,
1313 1432 1376 1460 etc.
1426 1427 1607 1460 Accedunt
1630 1434 1663 1461 et
1685 1429 1752 1462 alia
1771 1433 1928 1476 exempla
1944 1433 2059 1477 Syllae
2084 1441 2117 1467 et

1129 1476 1281 1517 Metelli,
1309 1477 1370 1522 qui
1387 1478 1499 1521 poetis
1517 1478 1678 1511 delectati
1698 1487 1791 1514 sunt.
1844 1482 1889 1515 Et
1910 1481 2049 1517 schema
2077 1497 2117 1518 ex

1130 1528 1267 1560 minore
1286 1528 1534 1572 interpositum
1554 1536 1622 1568 est,
1659 1533 1755 1575 quod
1780 1533 1863 1566 facit
1888 1535 2115 1569 verisimilem

1127 1577 1278 1611 Archiae
1303 1593 1461 1614 eausam:
1503 1580 1539 1613 Si
1565 1582 1652 1615 alios
1677 1590 1800 1626 poetas
1821 1586 1975 1620 studiose
1998 1587 2118 1620 audIe-

1130 1637 1212 1662 runt
1228 1632 1341 1664 nostri
1366 1631 1619 1676 imperatores,
1657 1645 1739 1677 ergo
1765 1635 1955 1670 verisimile
1983 1645 2033 1672 est
2059 1651 2118 1672 eos

1129 1688 1162 1714 et
1188 1679 1281 1714 hunc
1309 1683 1484 1717 audivisse
1510 1690 1542 1716 et
1568 1684 1668 1717 facile
1693 1687 1902 1721 concessisse
1926 1689 2117 1724 civitatem.

1128 1733 1255 1766 l'ostea
1275 1735 1418 1767 additur
1433 1734 1636 1783 αἰτιολογία
1649 1735 1691 1780 Ή)
1708 1749 1747 1769 ex
1767 1740 1948 1772 communi
1975 1747 2117 1774 senten-

1131 1784 1194 1816 tia:
1236 1783 1432 1819 Trahimur
1457 1798 1578 1819 omnes
1604 1787 1796 1830 cupiditate
1821 1789 1954 1824 *laudisu
2023 1791 2119 1824 Haec

1129 1836 1299 1868 sententia
1320 1836 1421 1869 Bruti
1439 1844 1471 1869 et
1487 1837 1603 1870 Fulvii
1622 1839 1789 1882 exemplis
1807 1842 2035 1885 comprabata
2057 1849 2118 1877 est.

1129 1887 1297 1932 Sequitur
1314 1888 1431 1921 brevis
1449 1888 1627 1922 conclusio
1640 1916 1648 1929 ,
1677 1897 1865 1936 postquam
1884 1905 1985 1926 suum
2004 1906 2118 1927 exem-

1130 1938 1226 1981 plum
1261 1947 1534 1973 commemorat:
1576 1939 1623 1973 Et
1649 1953 1713 1985 ego
1737 1942 1841 1975 laude
1870 1944 2043 1984 delector,
2086 1951 2119 1977 et

1130 2002 1208 2021 cum
1234 2002 1289 2023 res
1310 2003 1405 2023 meas
1429 1998 1540 2035 gestas
1564 1990 1711 2026 Archias
1743 1993 1984 2038 descripserit,
2027 1996 2118 2028 bene

1130 2041 1211 2073 volo
1229 2041 1289 2074 illi.
1335 2041 1502 2087 Sequitur
1519 2043 1681 2086 repetitio
1699 2044 1767 2076 loci
1785 2046 1994 2086 communis,
2023 2048 2119 2092 quod

1130 2092 1261 2135 gloriae
1280 2099 1312 2125 et
1330 2093 1608 2127 immortalitatis
1627 2095 1798 2139 cupiditas
1816 2094 1959 2129 haereat
1985 2097 2019 2129 in
2044 2098 2119 2129 ani-

1130 2144 1216 2183 mis,
1257 2157 1347 2190 quae
1382 2147 1425 2177 ad
1457 2158 1511 2179 res
1544 2159 1690 2190 magnas
1723 2148 1893 2191 gerendas
1929 2149 2114 2181 exuscitatt

1130 2202 1250 2240 estque
1288 2204 1537 2239 argumentum
1558 2197 1603 2242 4²)
1636 2210 1654 2230 a
1686 2210 1788 2231 causa
1825 2199 1920 2231 finali
1951 2200 2114 2232 ductum:

1130 2246 1264 2280 Omnes
1287 2248 1438 2291 gloriam
1465 2249 1664 2293 appetimus
1690 2255 1859 2295 tanquam
1888 2251 1992 2282 finem
2020 2250 2118 2283 labo-

1130 2311 1229 2338 rum,
1265 2311 1374 2343 quare
1399 2297 1454 2339 hi,
1493 2301 1553 2345 qui
1579 2306 1808 2333 monumenta
1837 2301 2013 2340 condunt,
2056 2299 2118 2333 ho-

1130 2362 1216 2382 nore
1234 2350 1409 2383 afficiendi
1424 2358 1517 2385 sunt.
1570 2351 1615 2384 Et
1632 2349 1717 2384 haec
1739 2351 1911 2385 sententia
1938 2350 2114 2385 rhetorica

1130 2401 1343 2445 expolitione
1361 2409 1411 2435 est
1426 2403 1581 2442 variata,
1610 2402 1725 2436 verbis
1749 2408 1874 2447 quater
1891 2402 2035 2436 mutatis
2060 2415 2116 2436 res

1163 2520 1210 2548 38)
1232 2519 1384 2548 vindicant]
1404 2519 1469 2542 illae
1487 2518 1570 2542 Editt.
1590 2524 1684 2541 omnes
1703 2518 1814 2540 habent:
1842 2518 1993 2541 vendicant.

1163 2571 1210 2598 39)
1231 2570 1259 2593 P.
1280 2570 1422 2594 Cornelius
1443 2570 1534 2600 scipio
1556 2569 1702 2593 Africanus
1720 2567 1815 2592 maior.

1164 2623 1210 2649 40]
1231 2622 1351 2650 Graece]
1371 2621 1420 2644 Ed.
1438 2621 1512 2646 1568.
1532 2621 1617 2644 male:
1643 2621 1774 2644 Graecae.

1164 2675 1212 2701 41)
1232 2672 1399 2704 αἰτιολογία]
1420 2673 1469 2696 Ed.
1487 2672 1558 2696 1536.
1577 2673 1603 2695 B.
1624 2673 1734 2702 typogc.
1755 2675 1864 2693 errore:
1889 2663 2045 2697 ἄιτιοὶογία

1166 2725 1213 2756 42)
1234 2725 1437 2769 arguincntumJ
1458 2723 1506 2748 Ed.
1523 2723 1598 2747 15:36.
1612 2724 1640 2747 B.
1661 2722 1745 2746 male:
1772 2721 1932 2750 argumenti.

1415 2760 1463 2793 ³7
1484 2759 1502 2774 *
