2347 3000
47 129 120 164 397
411 124 466 159 ΙΙΙ.

48 214 110 248 vit.
170 212 235 245 Hic
253 212 452 256 disputatur
469 211 511 242 (le
528 209 620 241 dicto
638 209 674 241 in
690 209 764 252 lege
783 208 888 252 Quod
904 207 1036 248 Nerva,

51 264 248 307 inDigestis
264 263 300 295 in
319 263 420 295 titulo
436 258 660 304 Depositi*):
689 260 794 304 Quod
810 260 926 293 Nerva
943 260 1038 292 dixe-

51 313 175 361 raim)
213 314 373 346 latiorem
409 313 549 356 culpam
583 312 703 344 dolum
740 323 831 352 esse,
882 311 1036 344 Proculo

51 366 274 410 displicebat,
302 361 391 395 mihi
416 363 639 396 verissimum
664 362 815 396 videtur.
867 362 958 396 Nam
975 360 1038 394 etsi

53 418 130 463 quis
148 428 219 449 non
237 415 279 447 ad
298 427 376 447 eum
392 415 557 454 modum,
586 426 689 459 quem
707 412 893 446 hominum
910 419 1036 450 natura

52 469 244 506 desiderat,
272 466 420 509 diligens
443 472 512 505 est,
540 465 607 498 nisi
629 472 747 498 tamen
768 466 812 497 ad
836 477 938 497 suum
963 475 1037 496 ino-

51 521 135 553 dum
152 517 317 550 curamin
336 517 495 560 deposito
515 523 682 560 praestat,
700 517 823 549 fraude
843 528 914 548 non
933 520 1038 547 caret.

51 570 123 604 Nec
142 568 234 601 enim
253 568 349 601 salva
369 569 435 601 fide
457 569 634 600 minorem
658 565 791 612 iiswffsss)
805 593 813 607 ‚
842 578 948 611 quani
968 564 1038 598 suis

51 620 155 654 rebus
173 619 391 662 diligentiam
410 619 613 663 praestabit.

152 670 216 703 llic
234 670 432 714 disputant,
461 682 506 702 an
525 671 593 702 lata
612 669 712 712 culpa
740 668 784 701 sit
808 666 934 700 dolus?
969 665 1038 699 exi-

50 721 154 756 stimo
181 722 316 755 erudite
339 721 426 760 (lici,
453 727 528 753 toto
553 732 679 764 genere
707 719 836 752 distare
859 719 979 751 dolum
1006 723 1040 749 et

52 774 211 817 culpam,
239 772 275 805 id
293 778 359 811 est,
388 778 527 815 peccata
548 770 788 814 ignorantiae,
816 776 878 802 aut
893 769 1039 802 vitiosos

52 824 222 868 impetus,
250 823 375 868 quibus
394 829 513 855 tamen
532 823 695 855 voluntas
716 826 910 865 repugnat,
938 826 971 852 et
988 819 1038 851 in-

52 875 256 918 telligantur
286 873 495 906 excusabilia
526 879 667 917 peecata
697 871 921 916 ignorantiae
944 870 1038 909 facti,

52 932 113 959 aut
138 925 222 958 iuris
247 922 414 964 humani,
439 936 514 957 non
531 924 618 957 iuris
638 923 769 964 divini,
796 929 830 956 et
854 921 1039 960 naturalis,

51 988 134 1009 nam
150 976 203 1009 ius
219 976 378 1007 naturale
389 1002 397 1015 ,
425 988 502 1008 cum
522 975 681 1007 oninium
700 974 878 1007 mentibus
894 974 1038 1007 insitum

51 1027 114 1067 sit,
143 1027 298 1070 aspicere
315 1038 436 1059 omnes
453 1033 617 1070 possunt,
645 1032 678 1058 et
696 1026 815 1069 regula
835 1031 902 1065 est,
932 1037 1039 1070 quam

51 1078 146 1111 Deus
163 1078 326 1110 omnibus
345 1084 467 1109 notam
496 1090 567 1110 esse
592 1077 724 1117 voluit,
758 1083 792 1109 et
815 1077 919 1110 toties
942 1082 1040 1120 pate-

52 1129 134 1162 fecit
148 1128 242 1162 Deus
262 1128 455 1161 illustribus
472 1128 694 1161 testimoniis.

154 1178 205 1212 Ita
236 1180 459 1212 sentiendum
496 1186 547 1212 est
581 1186 615 1211 et
648 1180 690 1211 de
725 1190 810 1210 voce
843 1176 1040 1219 Evangelfi,

54 1243 144 1276 quae
169 1231 274 1263 etiam
301 1231 403 1263 certis
419 1230 630 1263 testimoniis
648 1230 729 1262 inde
748 1240 858 1273 nsque
875 1229 918 1260 ab
938 1227 1040 1259 initio

53 1282 177 1315 mundi
196 1282 348 1314 revelata
367 1288 436 1321 est,
464 1288 497 1313 et
513 1293 615 1324 saepe
636 1280 844 1313 instaurata.
898 1278 1041 1322 Reliqui

53 1339 135 1366 sunt
151 1334 279 1376 gradus
296 1332 381 1365 levis
399 1333 519 1376 culpa,
549 1338 583 1365 et
604 1331 799 1370 levissima,
828 1342 918 1375 quae
942 1329 1041 1372 igno-

53 1383 207 1416 fantiam
232 1383 596 1422 circumstantiarum,
637 1389 698 1415 aut
719 1380 970 1425 negligentiam
993 1380 1041 1412 le—

57 1435 191 1467 viorem
210 1435 404 1468 continent.

55 1527 320 1573 Sequuntur
355 1518 646 1572 quaestiones
675 1530 872 1568 quatuor
900 1522 1041 1556 exiles

385 1583 424 1610 et
451 1574 712 1620 argutaeffi).

153 1645 289 1678 Prima:
324 1644 381 1677 An
404 1657 528 1677 verum
552 1643 597 1677 sit
623 1644 719 1688 quod
744 1642 891 1682 (licitur,
919 1641 1042 1675 scienti

55 1703 88 1730 et
112 1696 245 1729 volenti
267 1708 341 1728 non
366 1695 442 1728 fieri
468 1694 649 1728 iniuriam.
719 1694 898 1726 Secunda:
942 1692 1042 1737 Quae

88 1813 119 1845 ss)
139 1813 243 1843 Digest.
259 1811 334 1835 XVI.
354 1811 394 1835 tit.
409 1811 434 1834 3.
454 1811 498 1833 lex
512 1810 554 1834 32.
575 1808 671 1841 (Corp.
692 1809 743 1833 iur.
762 1808 814 1831 civ.
835 1808 874 1831 ed.
892 1807 964 1831 Beck
984 1807 1043 1831 T.1.

121 1848 152 1871 P.
167 1847 186 1872 1.
205 1854 229 1876 Ρ.
248 1847 295 1869 661
313 1846 376 1875 sq).

88 1889 140 1919 *ἢ
159 1890 280 1917 dixerat]
301 1889 340 1911 sie
359 1888 440 1911 Editt.
467 1887 545 1910 liuius
569 1885 770 1915 commentarii;
802 1885 827 1908 in
847 1885 954 1915 Digest.
971 1884 1044 1907 seri-

126 1926 199 1954 ptum
219 1925 274 1946 est:
302 1923 411 1945 diceret.

88 1967 159 1995 ssssss)
178 1967 226 1995 iis]
247 1966 285 1989 sic
303 1966 385 1990 Editt.
404 1965 481 1987 liuius
500 1970 611 1994 comm.;
638 1963 665 1986 in
686 1963 746 1991 Dlss-
764 1962 880 1992 legitur:
902 1961 952 1984 luis.

92 2021 138 2047 13)
159 2020 214 2042 Has
241 2017 416 2047 quaestiones
436 2016 601 2039 Aristoteles
625 2015 651 2038 in
678 2014 765 2043 eapite
789 2014 836 2036 lx.
857 2013 990 2042 proponit.
1009 2025 1044 2029 —-

126 2056 180 2077 Sex
205 2053 310 2081 priores
335 2051 412 2073 huius
436 2050 622 2073 commentarii
649 2049 731 2072 Editt.
756 2048 946 2070 1532—1544.
982 2047 1005 2071 11.
1024 2047 1042 2071 l.

125 2086 282 2111 Aristotelis
301 2086 385 2107 verba
404 2085 429 2107 in
451 2085 560 2107 latinum
580 2089 733 2106 sermonem
753 2082 889 2105 translata
904 2081 1043 2104 continent

126 2121 224 2152 partim
237 2120 396 2147 argumento
411 2119 573 2147 praemisso,
594 2117 692 2147 partim
711 2116 786 2139 brevi
802 2115 981 2145 explicatione.
993 2116 1042 2138 ad-

127 2157 205 2179 iecta.
243 2154 343 2182 Nempe
362 2153 453 2175 verbis
473 2153 497 2181 S.
515 2153 535 2176 1.
550 2152 574 2176 2.
594 2153 660 2175 haec
679 2151 830 2180 praemissa
849 2151 928 2173 sunt:
953 2149 1043 2173 Prima

127 2188 250 2220 quaestio
270 2190 359 2210 utrum
378 2187 475 2209 scienti
493 2187 519 2209 et
538 2186 641 2209 volenti
662 2186 709 2208 fiat
731 2185 845 2213 iniuria,
871 2190 957 2213 neque
976 2190 1041 2207 vero

127 2223 219 2247 statim
239 2222 403 2251 respondet,
435 2221 483 2243 sed
502 2226 551 2243 suo
571 2226 647 2243 more
665 2220 765 2242 multas
784 2218 957 2248 quaestiones
977 2224 1042 2241 eoa-

128 2258 237 2284 nervat,
257 2258 283 2279 et
302 2256 409 2278 tandem
428 2255 461 2278 ad
480 2254 652 2284 praecipuam
673 2253 831 2282 respondet.
848 2264 883 2268 —
914 2251 930 2280 S
952 2252 976 2276 3.
999 2253 1042 2275 in-

128 2291 231 2320 scripta
250 2291 307 2313 est:
333 2289 478 2316 „secunda
497 2288 620 2318 quaestio
639 2289 728 2310 utrum
749 2287 846 2309 iniuria
866 2286 902 2309 sit
921 2286 1041 2315 dicenda,

128 2324 233 2356 quotie's
251 2324 352 2353 aliquid
371 2323 434 2346 mali
454 2323 569 2346 insertur
588 2323 684 2345 contra
702 2319 772 2346 ius.’'
795 2321 851 2344 {Cui
871 2320 1041 2349 inscriptioni

127 2360 192 2383 haec
216 2359 366 2381 adduntur:
398 2358 433 2380 Et
458 2357 499 2380 liic
524 2357 610 2380 obiter
632 2356 758 2378 admonet
777 2355 838 2384 quid
856 2355 889 2378 ad
911 2355 1042 2384 quasdam

129 2393 301 2423 quaestiones
319 2391 478 2421 responderi
492 2391 595 2420 possit,
627 2390 753 2412 videlicet
778 2389 907 2418 quasdam
932 2389 1041 2418 proprie

129 2427 180 2450 dici
198 2426 329 2456 iniurias,
349 2426 478 2455 quasdam
498 2425 548 2448 dici
566 2424 680 2447 iniurias
700 2429 748 2452 per
767 2423 901 2447 accidens.
921 2436 950 2439 —-
970 2424 1042 2446 Ante

130 2462 156 2490 S.
171 2460 257 2484 4-7.
277 2460 405 2483 insertum
425 2461 468 2482 est
486 2460 689 2489 argumentum:
723 2457 814 2480 'rei-tia
838 2456 961 2486 quaestio
987 2458 1040 2486 est,

129 2497 218 2518 utrum
237 2494 333 2523 aliquis
360 2494 411 2517 sihi
436 2494 486 2523 ipsi
512 2493 600 2522 possit
624 2491 748 2514 iniuriam
775 2491 883 2514 inferre.
905 2503 936 2508 —-
974 2491 1000 2518 S.
1016 2491 1040 2514 8.

130 2528 262 2557 inscripta
280 2529 336 2551 est:
362 2528 440 2551 Aliae
459 2527 643 2557 quaestiones.
663 2540 696 2545 -—-
739 2526 832 2548 Verba
849 2526 875 2554 S.
889 2525 914 2548 9.
938 2525 1042 2548 omissa

128 2564 208 2593 sunt,
227 2562 330 2591 pronis
348 2564 437 2585 autem
455 2562 521 2585 haec
540 2561 643 2591 scripta
661 2561 738 2583 sunt:

464 2612 676 2642 Responsio.

197 2653 265 2683 Quid
285 2653 308 2676 si
327 2653 402 2683 prius
421 2653 487 2677 illud
512 2654 623 2682 accidit,
659 2653 786 2676 videlicet
810 2652 835 2675 si
860 2652 976 2675 iniustus
1000 2652 1042 2674 est

128 2691 330 2720 Agamemnon,
358 2688 419 2716 plus
438 2689 560 2712 tribuens
580 2688 726 2717 Patroclo,
759 2693 836 2717 quani
856 2686 969 2713 Achilli,
994 2692 1042 2708 se-

128 2724 217 2754 quitur
235 2724 264 2745 ut
282 2721 398 2745 iniustus
426 2722 462 2746 sit
480 2723 682 2754 Agamemnon,
715 2722 777 2752 plus
802 2721 924 2745 tribuens
942 2720 1041 2744 Patro-

518 121 800 158 ENARRATIO
835 120 962 156 LIBRI
986 121 1028 157 V.
1059 120 1349 156 ETHICORUM
1381 119 1707 154 ARISTOTELIS.

2003 119 2076 153 398

1089 208 1159 241 sint
1183 207 1333 240 imuriae
1359 220 1422 252 per
1447 207 1618 241 accidens.
1673 205 1811 239 Tertia:
1840 203 1896 237 An
1921 204 1984 237 sihi
2013 205 2076 248 ipsi

1091 259 1265 304 quispiam
1284 259 1450 292 iniuriam
1468 260 1581 292 facere
1601 258 1720 302 possit.
1772 257 1925 301 Quarta:
1955 255 2009 286 An
2028 255 2077 287 iu-

1090 317 1162 343 stus
1179 310 1222 343 sit
1239 311 1452 344 distribuens
1473 310 1611 350 iniuste,
1630 322 1675 342 an
1692 321 1774 341 vero
1788 307 1961 351 accipiens
1978 318 2077 349 prac-

1090 361 1161 393 mia
1177 373 1282 404 supra
1301 362 1492 395 morinum?

1192 412 1335 445 Priores
1359 413 1602 457 quaestiones,
1630 418 1669 445 ut
1685 423 1787 454 saepe
1809 409 1918 447 solet,
1947 420 2078 451 propo-

1091 461 1161 501 nit,
1188 475 1262 494 non
1281 464 1449 507 explicat,
1479 466 1568 497 etde
1588 463 1799 508 quibusdam
1817 466 1939 503 argute
1961 459 2079 502 dispu—

1091 513 1159 546 tari
1176 520 1303 557 posset.
1357 514 1409 546 De
1427 515 1541 558 prima
1569 513 1653 547 llaec
1677 515 1720 546 sit
1745 511 1948 556 responsio,
1976 516 2010 542 ut
2044 510 2079 540 in

1092 571 1298 608 tempestate
1328 566 1505 598 maluinns
1539 566 1662 598 eiicere
1681 565 1724 609 ¹²¹)
1754 563 1929 601 sarcinas,
1971 573 2077 606 quain

1092 616 1239 659 perdere
1257 615 1387 656 vitam,
1414 616 1461 649 sic
1477 617 1586 661 aliqui
1611 616 1760 648 leviores
1785 614 1932 647 iniurias
1958 612 2078 644 durio-

1092 666 1188 700 ribus
1205 673 1438 711 anteponunt.
1491 667 1555 699 Hic
1574 668 1609 699 fii
1635 667 1761 699 iniuria
1782 664 1935 704 xolenti,
1960 664 2020 696 sed
2042 662 2079 694 in

1092 717 1154 750 tali
1188 718 1376 750 collatione
1408 731 1481 750 non
1515 718 1721 761 simpliciter
1747 717 1910 749 xoluinus
1931 715 2079 747 malum.

1090 768 1162 802 Nec
1186 767 1345 802 Christus
1371 769 1481 801 voluit
1510 769 1741 812 supplicium,
1782 773 1843 799 aut
1866 766 2079 798 ludaeorum

1092 820 1247 861 furores,
1274 821 1334 853 sed
1350 820 1463 853 voluit
1483 821 1631 853 salutem
1650 819 1786 862 generis
1803 816 1962 850 lnnuani.
2022 815 2079 848 In·

1092 871 1270 915 telligatur
1294 884 1377 913 ergo
1401 871 1542 915 regula,
1569 883 1641 903 non
1666 870 1742 903 fieri
1766 869 1933 901 iniuriam
1957 866 2080 900 scienti

1093 928 1126 954 ct
1150 922 1303 962 volenti,
1340 923 1468 955 scilicet
1495 922 1720 966 simpliciter,
1761 927 1793 953 et
1819 920 1855 951 in
1881 931 1936 958 re,
1972 930 2078 962 qnam

1093 971 1221 1006 habeat
1241 974 1362 1006 volens
1382 974 1419 1005 in
1442 979 1632 1017 potestate,
1659 979 1697 1006 ut
1721 973 1758 1005 fit
1783 970 1912 1003 iniuria
1938 968 2079 1001 mulieri

1093 1037 1165 1058 sese
1184 1024 1488 1070 prostituenti¹⁵),
1516 1037 1599 1057 nam
1624 1025 1788 1056 voluntas
1812 1022 1884 1054 eius
1911 1019 2082 1063 impedita

1093 1082 1144 1108 est
1160 1076 1343 1109 voluntate
1354 1076 1440 1115 Dei,
1469 1089 1507 1108 ac
1526 1077 1619 1119 lege,
1648 1082 1678 1107 et
1697 1075 1859 1107 avellitur
1876 1071 2002 1104 mulier
2019 1082 2082 1103 suo

1094 1133 1127 1159 et
1157 1128 1272 1160 alieno
1306 1128 1432 1160 scelere
1466 1139 1484 1159 a
1510 1127 1598 1160 Deo.
1664 1126 1795 1171 Estque
1819 1124 1939 1167 regula
1964 1123 2082 1154 obser-

1094 1179 1208 1210 vanda
1220 1178 1282 1223 ¹⁶):
1326 1178 1473 1212 Faciens
1503 1185 1536 1211 et
1567 1178 1788 1211 consentiens
1815 1176 1938 1208 eadem
1965 1184 2081 1217 poena

1095 1229 1191 1272 (ligni
1211 1236 1304 1263 sunt.

1163 1369 1222 1397 clo,
1241 1374 1319 1397 quam
1340 1367 1408 1393 sihi,
1428 1366 1454 1389 id
1468 1366 1536 1396 quod
1556 1365 1678 1388 homines
1699 1364 1813 1388 modesti
1834 1364 1925 1387 facere
1943 1363 2080 1392 videntur,

1163 1409 1225 1426 nam
1244 1402 1359 1425 modesti
1379 1402 1525 1423 extenuant
1545 1406 1595 1422 sua
1615 1401 1720 1423 merita.
1758 1401 1798 1421 An
1819 1404 1884 1421 vero
1904 1399 1952 1421 hoc
1971 1404 2023 1420 non
2043 1399 2081 1420 ita

1164 1443 1195 1459 se
1213 1437 1292 1459 habet
1312 1435 1487 1464 simpliciter.
1507 1436 1569 1456 tunc
1586 1435 1656 1457 enim
1676 1434 1792 1456 iniustus
1813 1434 1904 1459 esset,
1924 1432 1946 1454 si
1961 1433 2080 1455 alienum

1163 1472 1261 1494 bonum
1281 1471 1442 1498 occuparet,
1469 1470 1498 1490 ut
1517 1469 1634 1497 gloriam
1653 1468 1784 1493 alterius,
1816 1468 1862 1489 aut
1881 1467 1954 1489 alind
1977 1468 2081 1489 bonum.

1163 1505 1313 1528 Praeterea
1331 1503 1402 1526 solvi
1420 1504 1470 1526 hoc
1490 1504 1580 1531 potest
1599 1509 1631 1525 ex
1651 1502 1747 1532 regula
1766 1506 1849 1529 supra
1868 1500 1978 1523 tradita.
2015 1501 2082 1522 Nam

1164 1540 1349 1569 Agamemnon
1370 1537 1451 1560 alteri
1471 1537 1530 1565 plus
1552 1537 1690 1561 tribuens,
1711 1536 1775 1558 nihil
1795 1535 1896 1563 patitur
1917 1536 2012 1557 contra
2031 1541 2082 1556 vo—

1163 1573 1295 1596 luntatem
1321 1578 1406 1595 suam.
1463 1572 1553 1599 Quare
1584 1572 1731 1600 propterea
1760 1575 1814 1592 non
1839 1569 1956 1592 afficitur
1983 1568 2083 1591 iniuria

1163 1609 1368 1637 Agamemnon,
1389 1605 1506 1628 laeditur
1527 1607 1626 1628 tamen.

1229 1650 1330 1672 Verbis
1350 1650 1375 1677 5.
1395 1649 1460 1671 10-
1476 1648 1515 1671 13.
1535 1647 1672 1677 praecedit
1690 1648 1893 1676 argumentum:
1921 1645 2084 1675 Principalis

1163 1683 1323 1713 responsio,
1349 1683 1477 1706 videlieet
1504 1683 1573 1712 qnod
1598 1682 1763 1704 distribuens
1789 1683 1897 1710 praeter
1922 1681 2081 1707 dignitatem

1164 1719 1282 1742 iniustus
1309 1718 1360 1743 sit.
1398 1724 1451 1740 non
1478 1717 1500 1739 is
1526 1717 1568 1746 qui
1595 1716 1691 1745 accipit
1717 1717 1826 1744 praeter
1853 1716 2020 1744 dignitatem
2049 1726 2081 1731 —

1167 1754 1191 1782 S.
1211 1753 1241 1775 14
1256 1766 1277 1768 —
1294 1753 1332 1775 16.
1353 1752 1500 1780 inscriptae
1522 1752 1600 1773 sunt:
1635 1767 1652 1776 „
1665 1751 1814 1772 Disrriinen
1834 1751 1940 1771 actuum
1961 1750 1986 1771 et
2006 1748 2083 1771 liabi-

1165 1789 1238 1810 tuum
1258 1787 1378 1809 iustitiae
1397 1787 1478 1815 atque
1497 1782 1672 1807 iniustitiaeJ'
1709 1784 1750 1806 Ad
1770 1784 1852 1806 verba
1867 1783 2026 1805 Aristotelis
2046 1782 2081 1805 il-

1162 1821 1307 1845 lustranda
1326 1821 1352 1843 tn
1372 1820 1424 1843 tine
1443 1821 1508 1842 haec
1526 1819 1676 1842 adduntur:

1233 1863 1347 1887 Haecin
1362 1862 1480 1891 speciem
1493 1862 1613 1884 absurda
1626 1861 1752 1883 videntur
1765 1860 1806 1883 his
1817 1877 1823 1884 .
1847 1860 1890 1889 qni
1906 1865 1958 1882 non
1976 1859 2082 1882 discer-

1164 1899 1232 1922 nunt
1251 1898 1323 1920 inter
1342 1898 1474 1924 agentes,
1495 1896 1536 1925 qui
1550 1897 1635 1925 agunt
1655 1897 1780 1924 tanquam
1800 1895 1917 1919 habiles,
1937 1895 1963 1917 et
1982 1900 2080 1917 assue-

1164 1933 1245 1961 facti,
1280 1932 1305 1954 et
1333 1932 1403 1954 alios
1431 1930 1474 1959 qui
1498 1932 1583 1956 agunt
1609 1935 1660 1951 non
1682 1929 1754 1951 velut
1775 1928 1939 1952 assuefacti.
1971 1929 2019 1951 sed
2037 1928 2081 1951 vel

1165 1972 1262 1994 causa,
1281 1966 1325 1988 vel
1345 1967 1419 1988 certe.
1438 1971 1491 1987 non
1510 1970 1616 1992 semper
1636 1963 1715 1985 simili
1735 1964 1834 1986 studio.
1877 1963 1946 1985 Puer
1966 1969 2018 1985 non
2040 1963 2081 1984 di-

1163 2002 1233 2025 citur
1254 2001 1341 2022 iustus
1352 2017 1358 2026 ,
1379 1999 1430 2021 etsi
1444 1999 1541 2021 alieubi
1555 1998 1641 2020 reddit
1656 1997 1805 2025 depositum
1817 2014 1823 2021 ,
1843 2003 1874 2019 ac
1889 1998 1987 2019 iustum
2002 1997 2082 2025 qnid-

1165 2036 1224 2058 dam
1245 2034 1310 2061 agit.
1348 2033 1469 2056 Nondum
1490 2033 1559 2055 enim
1579 2032 1676 2054 habilis
1696 2033 1776 2060 atque
1795 2032 1968 2054 assuefactus
1987 2034 2028 2053 est
2047 2031 2082 2053 ad

1163 2069 1304 2092 iustitiam.
1356 2068 1427 2090 Nero
1454 2073 1506 2090 non
1529 2068 1572 2088 est
1599 2067 1734 2090 cleon-ns,
1768 2066 1819 2088 etsi
1840 2066 1953 2094 plurima
1972 2066 2081 2087 videtur

1163 2101 1357 2127 humanissime
1378 2102 1486 2128 facere,
1517 2106 1570 2123 non
1595 2102 1637 2123 est
1661 2100 1730 2122 enim
1750 2100 1909 2122 confirmata
1928 2099 2079 2123 clementia,

1164 2138 1213 2161 sed
1232 2143 1297 2160 casu
1318 2138 1364 2159 aut
1384 2135 1558 2158 sinnilatione
1577 2135 1706 2164 quadam,
1738 2135 1784 2156 ant
1810 2134 1953 2156 ambitione
1975 2134 2080 2155 dminu-

1163 2172 1197 2195 ad
1215 2171 1391 2194 humanitatis
1412 2170 1542 2199 exempla.
1592 2169 1661 2191 Aiax
1682 2175 1734 2190 non
1754 2169 1795 2190 est
1815 2168 1940 2190 timidus.
1973 2167 2080 2190 etiamsi

1163 2205 1308 2235 aliqnando
1335 2205 1510 2234 perturbatus
1533 2203 1609 2231 sugit.
1662 2203 1727 2225 Nam
1751 2202 1856 2225 animus
1885 2202 1961 2224 hahet
1986 2202 2079 2227 robur,

1164 2246 1214 2270 quo
1235 2246 1265 2262 se
1285 2241 1374 2262 tamen
1400 2239 1506 2268 erigere
1533 2238 1620 2265 solet,
1653 2239 1679 2259 et
1705 2237 1814 2258 vincere
1840 2236 2080 2264 perturbationem.

1162 2275 1245 2304 quue
1264 2275 1345 2296 robur
1364 2272 1402 2295 ita
1420 2273 1605 2295 confirmatum
1626 2274 1683 2301 est,
1708 2273 1735 2293 ut
1756 2277 1806 2292 non
1827 2270 1906 2292 facile
1925 2270 2080 2292 debilitetur

1163 2315 1195 2332 ac
1214 2309 1366 2337 frangatur.
1416 2307 1445 2329 ln
1470 2307 1510 2328 liis
1531 2306 1660 2334 exemplis
1681 2306 1750 2327 lui-et
1772 2304 1915 2326 discrimen
1935 2304 2080 2328 actionum.

1163 2348 1232 2372 quae
1250 2343 1284 2364 ab
1303 2342 1391 2364 habitu
1412 2341 1553 2365 oriuntur,
1574 2342 1600 2362 et
1619 2345 1687 2368 quae
1707 2340 1766 2361 sine
1784 2338 1871 2360 habitu
1888 2338 1962 2360 fiunt.
2000 2338 2081 2367 quue

1164 2377 1307 2399 discrimen
1327 2375 1353 2397 in
1372 2374 1549 2397 diiudicandis
1575 2374 1709 2396 hominum
1734 2373 1853 2395 moribus
1877 2374 1904 2394 et
1928 2372 2007 2395 factis
2032 2374 2079 2395 ol)-

1162 2410 1271 2434 servari
1292 2410 1377 2433 debet.

1229 2452 1330 2475 Verbis
1350 2451 1375 2478 §-
1393 2451 1432 2474 17.
1453 2450 1635 2479 praemittitur
1653 2450 1856 2475 argumentum:
1892 2448 1971 2472 Circa
1991 2449 2079 2478 qualia

1163 2488 1233 2511 bona
1251 2487 1396 2509 versentur
1416 2485 1492 2510 iusti,
1512 2486 1537 2507 et
1557 2485 1650 2513 quales
1671 2484 1724 2505 sint
1744 2482 1787 2512 qui
1807 2483 1870 2505 iusti
1891 2483 2017 2506 evadunt.
2037 2483 2079 2505 vi-

1165 2522 1278 2550 delicet,
1299 2519 1341 2549 qui
1362 2520 1494 2548 proficere
1513 2520 1629 2548 possunt
1648 2517 1674 2540 in
1694 2518 1774 2540 rebus
1793 2519 1867 2540 recte
1887 2518 2054 2546 expetendis

1129 2564 1175 2592 14)
1194 2564 1250 2586 scil.
1271 2569 1284 2586 e
1303 2561 1375 2585 navi.

1128 2606 1174 2631 15)
1194 2604 1383 2635 prostituenti]
1398 2602 1436 2625 sic
1447 2602 1625 2633 Edftt.1546.,
1647 2602 1731 2633 1550.‚
1753 2603 1837 2633 1554„
1860 2602 1932 2626 1557.
1947 2604 1972 2626 et
1989 2603 2078 2626 15⁶0:

1161 2641 1232 2664 Edit.
1248 2639 1321 2662 1545.
1340 2637 1530 2667 prostituendi.

1129 2683 1177 2711 16]
1196 2681 1380 2708 observanda]
1397 2680 1435 2702 sic
1448 2679 1626 2711 Editt.1546.,
1648 2680 1732 2710 1550.‚
1753 2680 1836 2710 155⁴„
1858 2678 1930 2702 1557.
1946 2680 1972 2703 et
1988 2679 2077 2709 1560.;

1161 2718 1232 2741 Edit.
1251 2716 1325 2739 1545.
1345 2714 1490 2738 servanda.
