2347 3000
241 166 311 201 211

528 164 730 200 SCRIPTA
753 164 827 201 PH.
853 165 964 200 MEL.
990 164 1054 198 AD
1075 161 1284 197 ETHICEN
1309 162 1374 197 ET
1395 162 1650 199 POLITICEN
1676 163 1985 199 SPECTANTIA.

2200 165 2275 201 212

344 251 550 285 Postremus
567 252 696 295 gradus
714 257 782 291 est,
813 251 871 296 qui
899 256 949 283 est
974 249 1141 293 proprius
1165 248 1234 281 vir-
1261 250 1265 269 l
1288 250 1336 283 ris
1352 250 1550 294 dispositis,
1578 256 1739 284 servatur
1761 249 2046 283 differentiarum
2072 250 2278 294 aequalitas,

1261 320 1263 343 g
1288 308 1327 334 nt
1346 302 1379 335 3.
1399 300 1433 335 5.
1451 301 1484 335 7.
1503 301 1536 335 9.
1590 301 1636 334 Hi
1655 302 1795 335 numeri
1818 301 1948 345 singuli
1970 301 2102 334 distant
2124 301 2277 336 binario.

1260 363 1263 409 Ι
1288 353 1333 385 At
1351 353 1562 396 geometrica
1582 351 1763 400 ἀναλογία
1780 359 1850 394 est,
1879 353 1938 386 ubi
1962 365 2036 385 non
2062 352 2279 386 differentia-

243 302 346 341 tutis,
374 302 434 335 ubi
457 315 529 334 non
557 309 651 335 errat
675 302 845 334 indicium
873 308 907 334 et
931 302 1095 334 voluntas
1112 300 1234 339 libere,

244 360 277 387 et
292 353 329 386 in
350 354 427 387 loco
446 353 542 396 eligit
558 352 802 395 congruentIa.

562 437 623 469 ])e
657 435 914 468 medietate.

345 507 479 541 Natura
496 512 618 537 notum
637 509 699 542 est,
717 502 965 535 rectitudinem
982 502 1017 535 in
1037 502 1233 536 actionibus

1259 436 1262 477 i

243 556 428 596 humanis,
458 554 724 597 congruentiam
741 554 933 587 voluntatis
959 567 1030 587 esse
1054 568 1132 587 enm
1157 555 1232 597 lege
1260 586 1261 593 ,

243 616 391 642 naturae
404 635 412 647 ,
441 619 530 652 quae
548 613 596 638 est
614 606 672 638 lux
689 605 822 646 divina,
850 606 1027 639 mentibus
1044 604 1231 638 hominum

244 660 365 699 insita,
414 658 602 691 ostendens
647 657 808 689 ordinem
850 658 1120 689 conxenientem
1152 670 1231 689 eum

244 717 387 743 aeterna
412 721 538 741 norma
563 708 690 741 mentis
715 708 867 741 dixinae.

244 761 383 794 virtutis
409 760 513 804 plana
542 766 575 792 et
599 760 784 804 perspicua
810 757 895 791 baec
921 766 989 792 est:
1036 759 1157 792 Virtus
1183 766 1232 792 est

244 812 444 845 obedientia
465 811 669 851 voluntatis,
688 822 886 853 congruens
905 823 983 843 cum
1000 811 1074 853 lege
1093 811 1232 849 morali,

244 876 349 909 quani
368 870 401 896 et
424 862 553 895 indidit
568 863 662 895 Deus
686 860 889 895 hominibus
909 862 945 893 iu
973 862 1170 902 creatione,
1200 868 1233 894 et

242 921 364 959 postea
388 914 582 947 manifestis
615 913 826 946 testimoniis
858 912 893 944 in
917 912 1072 946 Ecclesia
1106 913 1233 956 repeti-

242 967 294 998 x‘it
307 966 363 1011 ¹¹).
434 965 568 998 Eadem
596 977 741 1008 prorsus
765 970 815 997 est
838 964 1010 997 sententia
1039 964 1230 997 xerbormn

241 1016 452 1050 Aristotelis.
504 1017 572 1049 Sed
590 1017 735 1048 modum
754 1015 976 1048 obedientiae
1001 1015 1094 1048 illins
1120 1015 1233 1059 expri-

242 1069 308 1101 mit
331 1067 556 1107 Aristoteles,
591 1067 754 1112 inquiens
784 1079 860 1099 eam
896 1079 968 1099 esse
994 1067 1232 1106 medietatem,

926 707 1048 754 ltaque
1073 708 1232 740 definitio

242 1120 278 1153 id
296 1126 364 1159 cst,
391 1119 558 1152 reducere
577 1119 719 1152 aflectus
746 1124 779 1150 et
803 1123 920 1151 motus
946 1130 1068 1150 omues
1092 1118 1135 1149 ad
1161 1130 1233 1149 me-
1259 1149 1262 1158 4

242 1170 479 1204 diocritatein.

344 1221 439 1254 Haec
464 1220 630 1264 cogitatio
654 1220 847 1253 admodum
874 1219 1014 1262 elegans
1039 1225 1107 1259 est,
1136 1225 1170 1251 et
1193 1231 1234 1251 ex

241 1271 400 1310 Physicis
417 1278 575 1315 sumpta,
602 1271 663 1304 ubi
679 1271 852 1311 cernitur,
879 1276 1045 1303 naturam
1064 1270 1100 1302 in
1119 1270 1233 1302 omni-

241 1313 307 1358 bus
330 1322 607 1368 appetitionibus
631 1328 664 1354 et
690 1322 846 1355 motibus
870 1333 990 1354 amare
1009 1321 1233 1354 mediocrita-

242 1382 332 1414 tem,
359 1381 398 1407 ut
414 1373 566 1406 laeditur
582 1378 709 1406 natura
726 1373 839 1405 nimio
859 1372 1042 1412 alimento,
1071 1379 1104 1405 et
1120 1372 1231 1405 nimio

241 1433 360 1466 motu,
393 1424 565 1457 mediocri
590 1431 752 1457 servatur
766 1423 822 1469 12).
884 1423 939 1456 Sic
970 1423 1007 1455 in
1037 1423 1232 1463 affectibus,

241 1478 303 1524 qui
319 1483 400 1510 sunt
417 1475 596 1509 actionum
613 1476 727 1508 fontes
738 1502 747 1515 ,
774 1474 906 1507 nimius
922 1474 1042 1514 timor,
1070 1481 1104 1507 et
1120 1475 1231 1507 nimia

242 1528 411 1567 audacia,
438 1527 547 1559 nimia
569 1527 640 1566 ira,
670 1533 703 1559 et
725 1526 834 1559 nimia
858 1526 992 1558 laetitia
1016 1532 1080 1559 etc.
1102 1533 1233 1559 nocent

240 1579 391 1614 homini.
451 1578 508 1611 Sic
531 1584 622 1610 artes
646 1583 822 1623 quaerunt
844 1576 1145 1617 mediocritatem,
1181 1584 1232 1617 ut,

241 1633 374 1665 musica
386 1630 473 1662 vitat
490 1629 596 1662 nimis
615 1628 701 1661 altas
720 1635 753 1661 et
770 1628 876 1662 nimis
899 1628 1088 1662 submissas
1116 1641 1230 1662 x‘oces.

240 1683 362 1728 Itaque
386 1680 563 1725 sapienter
587 1680 779 1722 cogitatum
804 1685 873 1719 est,
900 1679 1048 1712 virtutes
1070 1692 1141 1712 esse
1160 1692 1231 1712 me-

241 1735 399 1767 dietates.
452 1731 494 1763 lit
516 1729 584 1764 linc
611 1731 788 1775 quadrant
813 1730 989 1774 plurimae
1017 1730 1230 1763 sententiae:

239 1786 293 1821 Ne
310 1784 395 1830 quid
413 1782 529 1815 ninus.
582 1781 758 1815 Omnibus
773 1781 809 1813 in
824 1781 927 1815 rebus
944 1782 1071 1816 modus
1088 1788 1138 1815 est
1155 1782 1232 1826 pul-

243 1835 416 1871 cherrima
436 1834 558 1866 virtus.

343 1885 613 1920 Meminerimus
632 1883 739 1927 igitur
764 1884 800 1917 in
824 1884 985 1918 doctrina
1005 1884 1229 1918 ,Kristotelica

243 1936 507 1972 commonefieri
529 1948 594 1969 nos
624 1934 660 1967 in
687 1936 785 1969 omni
818 1937 909 1976 vita,
941 1937 983 1969 de
1014 1937 1167 1969 amanda
1199 1942 1233 1969 et

243 1991 373 2024 tuenda
390 1987 653 2026 mediocritate,
679 1987 760 2032 quia
786 1987 933 2021 virtutes
958 1987 1139 2021 constituit
1159 2000 1230 2020 esse

242 2042 459 2075 medietates.
514 2039 579 2071 Sed
605 2044 726 2081 postea
753 2039 912 2083 quaestio
939 2045 1009 2079 est,
1045 2039 1158 2084 qualis
1187 2039 1232 2072 sit

242 2094 424 2126 medietas.
478 2089 569 2124 Nam
589 2088 655 2121 alia
672 2096 721 2122 est
738 2090 908 2123 medietas
925 2090 1166 2130 immutabilis,
1191 2096 1232 2123 ut

243 2144 355 2177 centri
378 2144 414 2176 in
441 2141 585 2174 circulo.
638 2140 717 2172 Alia
744 2147 795 2174 est
815 2141 1014 2181 mutabilis,
1048 2148 1105 2182 ut,
1141 2141 1231 2175 alius

243 2197 370 2229 modus
384 2193 451 2228 cibi
470 2191 636 2225 convenit
652 2192 811 2231 robusto,
833 2192 922 2226 alius
938 2192 1056 2226 debili.
1110 2192 1230 2237 Quare

244 2254 277 2280 et
294 2246 349 2280 hic
367 2253 401 2279 et
417 2243 501 2276 alibi
518 2242 686 2276 discernIt
700 2242 907 2277 Aristoteles
924 2244 1141 2277 medietates.

344 2295 534 2331 Notissima
553 2301 602 2328 est
618 2300 734 2327 autem
753 2292 983 2329 arithmeticis
999 2302 1032 2328 et
1043 2294 1231 2339 geometris

243 2350 402 2381 doctrina
421 2349 462 2380 de
478 2345 790 2391 proportionibus,
817 2347 878 2379 ubi
901 2347 1047 2380 dicitur:
1077 2347 1155 2379 Alia
1181 2353 1232 2380 cst

245 2398 463 2432 arithmetica
485 2394 678 2445 ἀναλογία,
694 2397 761 2429 alia
780 2398 1005 2441 geometrica.
1052 2396 1231 2431 Aritlmie-

246 2451 310 2484 tica
331 2447 509 2496 ἀναλογία
532 2455 600 2488 est,
629 2461 706 2481 cnm
723 2448 835 2482 tribus
853 2457 913 2483 aut
931 2450 1091 2494 pluribus
1109 2462 1231 2483 nume-

280 2555 325 2586 11)
346 2562 497 2587 congruens
517 2565 576 2581 eum
596 2558 657 2588 tege
677 2557 983 2587 morali—repetivit]
1003 2558 1043 2581 sic
1062 2559 1128 2582 Edd.
1146 2559 1231 2591 1554„

316 2591 389 2614 1557.
409 2593 435 2614 et
456 2592 547 2618 ¹560.·,
568 2593 614 2616 Ed.
638 2592 709 2615 1550.
731 2598 886 2621 congruens
909 2599 966 2616 cuin
987 2595 1061 2616 recto
1083 2594 1188 2617 iudicio.

281 2632 326 2664 12)
345 2633 463 2656 laeditur
480 2635 579 2657 natura
598 2634 679 2657 nimio
699 2635 844 2660 alimento.
871 2637 897 2658 et
917 2635 997 2658 nimio
1020 2637 1109 2666 motu,
1129 2636 1233 2660 medio-

314 2668 353 2691 cri
368 2670 519 2696 servatur]
539 2669 578 2691 sic
596 2669 663 2691 Eud.
681 2669 753 2692 1557.
773 2672 799 2692 et
817 2670 908 2695 ¹560.:
929 2670 995 2694 Eud.
1017 2671 1090 2693 1550.
1110 2673 1136 2694 et
1157 2672 1230 2694 1554.

313 2701 430 2725 laeditur
450 2704 547 2724 natura
568 2702 647 2725 nimio
666 2702 794 2726 alimento
815 2704 841 2726 et
861 2704 940 2727 nimis
961 2704 1083 2729 modico.
1103 2705 1230 2729 mediocri

312 2738 457 2766 servatur,
482 2735 599 2759 laeditur
623 2739 650 2760 et
674 2737 756 2761 nimio
781 2740 855 2762 motu
880 2740 907 2761 et
925 2738 1006 2762 nimis
1025 2739 1146 2772 modico,
1170 2746 1229 2767 me-

315 2770 401 2794 diocri
417 2772 554 2794 servatur.

1260 627 1261 630 =
1287 620 1383 640 niam
1411 621 1482 641 esse
1510 614 1661 652 oportet.

1288 416 1387 444 rum,
1415 404 1474 437 sed
1496 404 1773 448 proportionum
1799 404 1994 449 aequalitas
2021 410 2202 444 servatur,
2239 410 2279 437 ut

1260 482 1261 490 ,
1288 455 1377 488 sicut
1399 467 1434 488 se
1460 452 1592 487 babent
1624 454 1646 487 9
1670 455 1714 487 ad
1740 455 1782 495 3,
1813 455 1862 488 sic
1886 468 1922 489 se
1946 453 2077 489 liabent
2103 457 2150 490 12
2175 455 2218 488 ad
2240 453 2277 495 4,

1289 506 1370 551 qnia
1387 507 1578 551 utrobique
1593 505 1697 549 tripla
1715 506 1902 549 proportio
1920 512 1981 539 est.

1390 557 1489 589 llanc
1514 557 1686 601 puerilem
1710 555 1910 590 doctrinam
1941 555 2106 589 omnibus
2138 556 2280 590 notissi-

1731 607 1778 640 Et
1802 619 1905 652 saepe
1932 605 2095 641 homines
2116 607 2211 640 docti
2236 608 2281 640 ad

1287 657 1374 691 haec
1405 659 1609 693 discrimina
1644 659 1827 697 alludunt,
1863 665 1921 699 ut,
1955 659 1982 692 si
2008 658 2173 703 Inlius¹³)
2203 658 2279 692 sine

1287 717 1448 754 respectu
1472 722 1707 755 personarum
1733 709 1908 743 divideret
1938 710 2120 744 facultates
2148 709 2278 743 cixium

1287 762 1500 807 aequaliter,
1537 768 1570 794 et
1602 761 1742 806 aequali
1775 773 1925 794 numero
1966 762 2067 794 daret
2099 761 2221 793 insumo
2246 767 2281 794 et

1260 829 1261 837 ¹
1287 825 1445 846 summo:
1466 811 1551 845 liaec
1569 818 1656 845 esset
1674 812 1870 857 aequalitas
1889 810 2109 845 arithmetica
2128 824 2279 856 propor-

1287 864 1395 897 tione.
1447 864 1494 896 Αἰ
1509 863 1552 910 Η)
1575 864 1603 897 si
1618 864 1695 907 plns
1713 864 1813 896 daret
1830 864 2008 904 senatori,
2027 875 2134 909 quam
2153 862 2276 896 insuno'

1288 915 1366 955 civi,
1385 913 1471 947 haec
1489 922 1578 948 esset
1594 914 1788 960 aequalitas
1806 915 2017 958 geometrica
2030 912 2279 961 dl¹a207‘lqa¹⁵).

1287 967 1382 999 llaec
1409 967 1538 1007 recito,
1575 966 1658 1011 quia
1684 966 1787 998 Plato
1813 971 1846 998 et
1868 964 2038 999 Isocrates
2063 966 2206 1005 dicunt,
2242 965 2279 998 in

1287 1018 1467 1062 republica
1507 1017 1756 1063 aequalitatem
1790 1017 2042 1060 geometricam
2081 1016 2282 1050 custodien-

1287 1070 1369 1102 dam
1396 1080 1480 1101 esse.

1390 1118 1440 1151 lta
1457 1125 1489 1151 et
1508 1118 1544 1150 in
1553 1117 1666 1151 Paulo
1685 1119 1719 1153 2.
1733 1114 1895 1151 Corinth.
1907 1117 1941 1158 8,
1961 1117 2039 1163 (13.
2058 1116 2134 1163 14.)
2151 1129 2280 1164 aequa-

1290 1169 1371 1203 litas
1398 1169 1611 1213 geometrica
1630 1167 1813 1216 ἀναλογίᾳ
1839 1169 2029 1203 constituta
2057 1168 2280 1213 intelligitur,

1288 1233 1366 1254 enm
1392 1220 1521 1265 inquit:
1550 1220 1603 1253 Sit
1626 1221 1838 1265 aequalitas,
1867 1220 1998 1253 scilicet
2013 1232 2087 1253 non
2111 1218 2280 1254 arithme-

1286 1272 1375 1312 tica,
1402 1272 1462 1305 sed
1479 1271 1690 1315 geometrica
1709 1271 1963 1315 proportione,
1990 1278 2025 1306 et
2048 1271 2192 1316 quidem
2216 1284 2279 1305 vo-

1286 1323 1440 1356 luntaria
1458 1322 1780 1356 communicatione
1793 1349 1802 1362 ‚
1828 1334 1901 1354 non
1917 1324 2019 1357 novis
2036 1322 2171 1367 legibus
2187 1323 2278 1367 poli·

1286 1375 1363 1408 ticis
1375 1402 1383 1415 ,
1407 1374 1443 1407 id
1461 1379 1531 1414 est,
1558 1374 1637 1418 plus
1654 1379 1773 1407 teneat
1787 1373 1965 1419 princeps,
1993 1386 2102 1420 quam
2118 1374 2277 1420 plebeius

1286 1425 1414 1472 aliquis
1436 1432 1500 1459 etc.

1385 1476 1431 1509 Et
1447 1476 1528 1522 quia
1555 1475 1592 1508 in
1616 1475 1793 1521 plerisque
1815 1474 2007 1510 virtutibus
2032 1488 2106 1509 non
2129 1476 2187 1509 illa
2212 1476 2278 1509 im-

1260 1551 1261 1554 =
1284 1534 1381 1561 mota
1400 1528 1570 1561 medietas
1587 1527 1782 1572 quaeritur,
1807 1527 1868 1560 sed
1885 1528 1952 1560 alia
1968 1527 2086 1567 latior,
2114 1527 2278 1561 videlicet

1255 2398 1261 2449 t

1288 1579 1521 1623 geometrica,
1550 1590 1640 1623 quae
1658 1584 1805 1622 propter
1821 1578 1977 1612 diversas
1995 1579 2277 1613 circumstantias

1289 1631 1385 1663 varia
1408 1637 1477 1670 est,
1514 1630 1610 1663 alind
1634 1629 1729 1662 enim
1753 1629 1831 1662 aliis
1854 1630 2036 1673 congruit,
2069 1630 2277 1664 Aristoteles

1287 1682 1323 1714 iu
1342 1688 1437 1714 textu
1456 1681 1590 1726 inquit:
1618 1680 1718 1713 Sumi
1734 1680 1958 1713 medictatem
1979 1694 2050 1726 qno
2070 1682 2115 1714 ad
2132 1694 2215 1723 nos,
2242 1682 2277 1714 id

1287 1739 1356 1771 cst,
1386 1744 1493 1778 quam
1513 1731 1701 1765 convenire
1718 1732 1821 1765 nohis
1840 1744 1881 1764 ex
1899 1732 2170 1767 circumstantiis
2187 1733 2277 1766 indi-

1287 1796 1417 1817 camus.
1469 1782 1552 1817 Non
1569 1783 1691 1816 eadem
1710 1783 1880 1816 medietas
1903 1790 1954 1817 est
1979 1785 2213 1829 temperantia
2238 1784 2275 1818 in

1285 1833 1430 1868 homine
1446 1835 1594 1868 robusto
1613 1840 1646 1867 et
1662 1834 1839 1867 imbecilli.

1388 1886 1501 1920 Huius
1517 1885 1814 1920 dissimilitudinis
1831 1884 2067 1920 consideratio
2093 1885 2129 1918 in
2154 1887 2274 1921 multis

1285 1938 1436 1982 negotiis
1461 1937 1553 1970 vitae
1575 1935 1753 1971 humanae
1776 1937 1971 1970 necessaria
1998 1945 2067 1980 est,
2095 1950 2138 1970 ne
2155 1938 2274 1971 Stoico

1285 2002 1384 2022 more
1410 1995 1603 2035 quaeratur
1625 2001 1717 2022 unus
1736 1988 1863 2034 aliquis
1880 1989 2021 2031 gradus.
2075 1988 2171 2022 Casti
2193 1996 2274 2023 sunt

1284 2038 1423 2085 Ioseph,
1447 2040 1621 2084 Baptista,
1644 2039 1783 2079 Petrus,
1811 2041 1871 2072 sed
1887 2046 2006 2072 tamen
2025 2040 2154 2083 gradus
2172 2041 2273 2074 casti-

1284 2093 1366 2126 tatis
1384 2097 1466 2126 sunt
1482 2091 1543 2124 alii
1556 2091 1594 2124 in
1613 2091 1709 2131 aliis,
1733 2091 1795 2137 qui
1820 2103 1942 2123 omnes
1968 2089 2083 2124 adbuc
2107 2093 2151 2125 ad
2174 2092 2272 2136 prin-

1286 2144 1434 2188 cipalem
1459 2155 1623 2176 normam
1653 2148 1872 2187 congruunt,
1903 2142 2084 2183 videlicet,
2111 2155 2154 2175 ne
2180 2143 2273 2176 freni

1284 2196 1447 2229 laxentur
1462 2194 1603 2227 libidini
1620 2201 1742 2227 contra
1763 2193 2026 2234 conscientiam,
2050 2194 2162 2227 donec
2177 2194 2272 2228 intra

1286 2245 1377 2280 hanc
1392 2258 1557 2279 normam
1572 2252 1737 2285 manent,
1764 2251 1846 2278 sunt
1863 2245 1960 2285 casti,
1989 2245 2126 2278 etiamsi
2144 2247 2273 2289 gradus

1285 2299 1466 2331 differunt.
1518 2296 1570 2330 Ita
1595 2296 1835 2331 iurisconsulti
1857 2296 1993 2336 dicunt,
2020 2308 2056 2330 se
2079 2298 2273 2343 aequalita-

1286 2357 1357 2383 tem
1382 2361 1554 2395 quaerere
1578 2348 1618 2383 ἐν
1643 2344 1782 2384 πλάτει.

1387 2401 1462 2434 Hae
1481 2399 1743 2433 admonitiones
1766 2398 1917 2444 pueriles
1937 2398 2154 2432 necessariae
2177 2406 2272 2441 sunt,

1286 2465 1329 2485 ne
1354 2453 1594 2497 depraventur
1618 2451 1745 2484 iudicia
1773 2450 1828 2483 vel
1851 2449 2119 2493 superstitione,
2146 2451 2200 2483 vel
2217 2451 2271 2484 ni·

1286 2504 1355 2536 mia
1374 2503 1562 2537 laxatione.
1615 2501 1698 2535 Ideo
1716 2500 1945 2534 meminerint
1961 2500 2119 2536 iuniores
2137 2502 2270 2536 dictum

1284 2553 1389 2590 huius
1413 2554 1482 2588 loci
1505 2555 1548 2587 de
1571 2554 1758 2587 medietate
1785 2564 1856 2598 quo
1880 2552 1925 2584 ad
1947 2564 2030 2594 nos,
2065 2559 2100 2587 et
2125 2553 2269 2599 quidem

1319 2686 1364 2719 13)
1383 2687 1466 2711 Iulius
1487 2687 1600 2712 caesar.

1319 2730 1366 2761 14)
1385 2732 1435 2759 At]
1455 2730 1494 2754 sic
1512 2731 1579 2754 Edd.
1599 2730 1692 2761 1550„
1713 2730 1787 2754 1554.
1806 2730 1834 2754 et
1853 2729 1945 2759 1557.;
1964 2729 2013 2753 Ed.
2034 2729 2108 2754 156⁰.
2130 2730 2178 2755 Ac.

1323 2772 1368 2806 15)
1388 2769 1537 2806 ἀναλογίᾳ]
1556 2773 1639 2798 Editt.
1656 2773 1683 2798 h.
1701 2773 1719 2798 l.
1739 2775 1765 2798 et
1784 2773 1812 2798 in
1833 2773 1961 2804 subseqq.
1981 2768 2126 2805 ἀναλογία.
