2347 3000
216 118 290 154 503

222 204 440 238 riuustantiis
457 202 551 237 lmnc
568 209 799 237 contractum.
854 201 919 232 Sed
944 207 982 233 ut
1010 200 1044 232 in
1068 200 1207 232 ratione

224 258 354 294 virtus,
382 269 485 288 nemo
504 269 575 288 non
600 255 791 298 aliquando
820 257 955 295 percat,
994 251 1038 283 ita
1066 251 1101 283 in
1126 263 1207 282 con-

224 308 392 341 tractibus
424 307 678 339 exactissimam
702 315 867 336 normam
893 302 1114 347 aequalitatis
1139 314 1209 334 ser-

225 371 308 391 vare
335 359 369 390 in
395 364 488 390 tanta
517 356 719 388 emd'usione.
746 354 857 391 vitae,
899 359 932 385 et
964 353 1210 397 imperiorum,

225 410 363 442 dil'licile
382 415 441 441 est.
496 408 570 439 Hoc
588 406 694 447 igitur
712 411 928 448 praestetur,
956 416 1000 436 ne.
1015 404 1139 448 procul
1157 416 1210 436 re-

226 462 369 493 cedatur
386 460 428 490 ab
447 457 670 502 aequalitate,
699 462 790 488 etue
808 455 852 488 sit
871 467 1016 488 enorme
1032 455 1211 488 delictum.

226 511 328 545 Nune.
346 510 451 553 igitur
468 508 665 552 respondeo
685 507 726 539 ad
746 512 1005 550 argumentum.
1041 506 1210 547 Neganda

228 569 279 595 est
300 561 435 598 minor,
465 571 503 591 ac
527 559 818 597 asseverandum,
847 558 943 603 quod
970 569 1051 590 vera
1078 556 1211 599 emptio

228 612 338 658 possit
359 611 395 642 in
419 616 493 642 toto
518 621 666 653 corpore
691 610 869 641 bonorum
899 607 1083 647 constitui,
1124 607 1214 640 sicut

228 662 376 697 servitus
400 661 517 706 aliqua
543 660 709 693 constitui
742 660 777 692 in
806 660 916 692 fundo
940 665 1074 703 potest,
1118 664 1214 690 actus

228 720 287 746 aut
305 713 380 745 iter.
424 711 474 744 Ac
493 718 607 755 potest
622 711 786 744 dominus
803 711 937 743 donare
955 710 1059 742 alicui
1076 715 1214 754 partem

229 764 406 797 redituum
425 775 568 795 suorum
584 789 591 801 ,
621 769 654 794 et
681 760 746 794 hoe
770 775 858 795 onus
883 762 1049 794 universo
1073 759 1217 804 corpori

229 817 405 847 bonorum
434 814 639 857 imponere,
683 825 792 857 quare
817 813 921 845 talem
946 818 1081 855 partem
1109 811 1215 844 etiam

231 867 383 898 vendere
415 871 541 908 potest.
604 864 670 896 Sed
698 871 815 895 tamen
844 864 1041 896 cavendum
1069 868 1139 902 est,
1173 873 1217 894 ne

232 930 358 961 corpus
376 916 564 948 immodice
583 921 760 947 oneretur.

334 968 492 1005 Deinde,
538 967 633 1011 quod
668 966 702 997 in
737 963 802 997 lioe
833 963 937 996 tertio
963 977 1045 997 casn
1066 964 1112 997 sit
1135 975 1217 996 vera

234 1019 384 1062 emptio,
430 1018 509 1049 inde
534 1018 637 1049 etiam
668 1016 815 1059 intelligi
840 1021 973 1059 potest,
1010 1017 1107 1060 quod
1133 1016 1220 1047 dans

232 1070 439 1114 pecuniam,
468 1068 597 1100 amittit
616 1068 667 1100 ius
684 1067 894 1111 repetendae
911 1067 1093 1110 pecuniae.
1152 1065 1221 1099 Ne-

233 1134 323 1153 cesse
342 1127 391 1152 est
408 1120 514 1163 igitur
533 1119 682 1151 xicissim
703 1118 848 1163 aliquod
868 1117 919 1149 ius
944 1117 980 1148 in
1003 1130 1083 1150 enm
1107 1123 1221 1148 trans-

234 1172 344 1204 latum
369 1184 459 1209 esse,
498 1182 560 1201 nec
586 1168 837 1213 oppignoratio
865 1167 1017 1200 aliorum
1041 1168 1219 1200 bonorum

234 1223 429 1265 corrumpit
451 1221 680 1264 emptionem.

498 1304 632 1337 Aliud
661 1302 960 1337 contrarium.

336 1373 537 1407 Periculum
568 1372 618 1405 rei
650 1371 811 1403 venditae.
842 1370 993 1414 pertinet
1020 1370 1062 1402 ad
1088 1375 1224 1413 empto—

235 1438 330 1465 rem,
359 1425 394 1457 in
413 1423 478 1457 hoc
497 1429 679 1456 contractu
700 1428 836 1454 tantum
855 1427 1024 1465 gravatur
1048 1421 1224 1460 venditor,

237 1477 318 1522 quia
336 1482 475 1519 emptor
493 1474 597 1517 exigit
620 1473 845 1517 pensionem,
888 1472 1023 1505 etiamsi
1050 1472 1107 1503 illa
1129 1472 1223 1504 bona

239 1529 370 1560 damno
388 1527 509 1559 affecta
527 1525 667 1569 sunt‘fl).
696 1524 776 1557 Non
793 1530 844 1556 est
858 1523 964 1566 igitur
980 1535 1062 1555 vera
1080 1522 1224 1566 emptio.

239 1579 452 1622 Respondeo
470 1577 513 1609 ad
533 1576 720 1608 minorem.
766 1574 917 1618 Emptor
936 1574 1038 1606 debet
1054 1573 1225 1606 sustinere

238 1629 456 1674 periculum,
492 1634 525 1660 et
549 1627 577 1660 si
599 1628 691 1659 bona
712 1627 912 1669 perierunt,
945 1625 998 1658 ius
1021 1624 1125 1658 simul
1148 1636 1226 1668 per—

241 1681 322 1719 ibit,
351 1686 389 1713 ut
405 1686 519 1718 actus,
547 1691 608 1711 seu
633 1677 697 1710 iter
725 1676 917 1715 amittitur,
945 1688 1022 1708 cum
1041 1687 1122 1718 ager
1141 1675 1227 1707 allu-

241 1731 345 1763 vione
367 1731 470 1774 perit.
536 1729 624 1761 Cum
656 1728 762 1771 igitur
794 1727 921 1769 insigni
945 1728 1076 1759 damno
1103 1726 1225 1758 assecta

241 1788 324 1816 sunt
339 1782 452 1819 bona,
480 1780 637 1812 remittat
660 1778 794 1823 aliquid
818 1783 957 1821 emptor
980 1778 1022 1809 de
1045 1777 1227 1821 pensione,

243 1840 277 1866 et
294 1830 375 1865 hinc
395 1831 602 1875 depravatio
619 1829 723 1863 huius
749 1835 949 1861 contractus
975 1828 1110 1868 oritur,
1145 1827 1226 1873 quia

244 1882 329 1916 haec
358 1881 620 1916 circumstantia
647 1892 750 1924 saepe
773 1892 848 1912 non
875 1880 1094 1912 observatur.
1160 1879 1229 1912 Sed

245 1947 369 1968 amans
394 1933 660 1979 aequalitatem,
686 1931 787 1964 facile
812 1930 944 1975 poterit
965 1930 1142 1970 iudicare,
1168 1929 1230 1962 nbi

245 1985 332 2020 haec
370 1984 632 2018 circumstantia
666 1982 950 2016 moderationem
979 1981 1136 2027 aliquam
1166 1993 1230 2025 po-

244 2037 359 2071 stulet.

507 2119 641 2153 Aliud
669 2117 968 2151 contrarium.

338 2188 486 2222 Lex‘itici
497 2186 558 2227 25,
570 2185 645 2233 (15.
659 2186 733 2231 16.)
744 2186 946 2226 mandatur,
962 2191 1001 2218 ut
1010 2185 1141 2219 fructus
1154 2185 1232 2218 sun-

249 2242 376 2274 dorum
395 2245 644 2284 computentur
661 2239 697 2270 in
718 2243 869 2277 sortem,
905 2248 986 2280 ergo
1003 2243 1036 2269 et
1050 2249 1115 2270 nos
1130 2237 1232 2269 debe-

249 2306 326 2325 mus
350 2293 482 2324 sructus
506 2295 711 2334 computare
738 2287 774 2320 in
797 2294 947 2327 sortem,
982 2300 1061 2320 cum
1084 2288 1232 2321 emimus

250 2344 398 2376 fundum
409 2354 487 2374 cum
505 2347 606 2385 pacto
624 2341 665 2373 de
686 2339 924 2378 revendendo,
941 2344 974 2371 ct
990 2339 1136 2371 reddere
1154 2340 1232 2372 sun-

251 2395 314 2426 dos
331 2393 403 2426 sine
421 2392 547 2436 pretio.
587 2391 812 2434 Respondeo.
854 2389 1023 2433 Neganda
1047 2396 1097 2423 est
1113 2402 1232 2423 conse-

253 2444 415 2488 quentia,
457 2443 539 2488 quia
570 2442 694 2487 politia
719 2440 875 2474 Mosaica
900 2452 974 2473 non
1000 2441 1133 2485 obligat
1154 2454 1231 2476 nos.

254 2495 354 2528 Onus
372 2500 487 2526 autem
504 2494 546 2526 de
561 2492 750 2527 reddendis
765 2492 882 2525 fundis
900 2491 937 2524 in
952 2491 1123 2532 iubilaeo,
1157 2499 1232 2526 erat

253 2544 439 2590 peculiaris
457 2545 634 2577 ordinatio
652 2544 744 2577 illius
760 2543 884 2586 gentis,
901 2542 989 2576 sicut
1001 2543 1231 2584 circumcisio,

253 2608 315 2629 nec
327 2607 464 2628 necesse
476 2601 525 2628 est
535 2595 732 2640 exemplum
744 2595 787 2627 ad
795 2606 860 2628 nos
874 2594 1078 2636 transferre,
1092 2595 1231 2629 tametsi

287 2711 333 2745 ²7)
353 2713 430 2742 sunt]
449 2710 487 2734 sic
509 2709 579 2735 Edit.
600 2709 691 2742 ιδίας
713 2708 785 2736 Edit.
802 2708 876 2734 1545.
895 2708 959 2734 sint.

502 115 703 153 SCRIPTA
724 115 800 151 PH.
823 114 935 150 MEL.
961 113 1027 148 AD
1052 111 1261 149 ETHICEN
1287 113 1352 149 ET
1377 112 1632 150 POLITICEN
1660 112 1968 150 SPECTANTIA.

2167 113 2244 151 504

1261 201 1307 232 ihi
1331 201 1550 244 prol-‚alnilem
1578 203 1751 234 initiunt-m
1778 199 1922 241 habuit,
1965 199 2046 246 quia
2075 199 2165 235 Deus
2196 201 2242 233 ihi

1261 252 1394 284 serx'ari
1409 253 1666 298 discriminn²⁸)
1689 253 1904 286 familiarum
1929 251 2061 291 voluit,
2089 258 2127 284 ut
2149 259 2243 285 certo

1261 303 1409 335 sciretur
1425 303 1529 346 stirps
1547 304 1694 337 Messiae
1706 331 1715 344 ,
1742 304 1855 337 voluit
1876 310 1909 336 et
1927 309 2080 335 caeteras
2096 302 2246 336 familias

1263 353 1395 386 servari
1413 353 1589 387 florentes.
1643 353 1725 387 Ideo
1742 355 1917 388 restitutio
1942 355 2133 386 fundorum
2154 352 2248 385 ordi-

1263 410 1346 437 nata
1363 410 1432 443 est,
1460 416 1550 449 quae
1567 405 1603 436 in
1621 405 1742 448 exigua
1763 412 1864 449 gente
1883 405 2058 450 possibilis
2073 411 2141 443 est,
2169 403 2250 437 sub-

1266 456 1351 488 iecta
1370 455 1430 487 uni
1447 454 1574 494 iudici,
1603 461 1636 487 et
1659 468 1732 488 non
1757 457 1962 489 conveniret
1987 455 2063 488 aliis
2089 454 2250 498 gentibus

1266 507 1301 538 in
1325 504 1392 538 hac
1414 505 1643 549 dissipatione
1667 507 1919 550 imperiorum,
1959 508 2018 540 sed
2044 507 2079 539 in
2101 506 2160 538 illo
2187 517 2251 549 po-

1268 557 1350 601 pulo
1381 557 1436 589 lex
1466 563 1541 589 erat
1575 557 1789 600 pauperibus
1819 558 2002 597 salutaris,
2052 569 2095 590 ne
2127 568 2251 589 corum

1265 607 1366 641 fundi
1397 620 1414 639 a
1447 607 1615 640 divitibus
1645 608 1753 652 empti
1786 607 2024 641 retinerentur
2057 614 2091 640 et
2122 607 2188 652 ipsi
2211 618 2253 640 ex

1269 658 1414 692 aedibus
1429 659 1656 702 pellerentur.
1709 659 1935 702 Significabat
1951 665 1984 691 et
2005 656 2083 691 hoc.
2136 658 2251 691 Deum

1268 708 1372 743 liuius
1388 709 1532 754 politiae
1553 710 1732 742 custodem
1751 722 1842 749 esse,
1873 709 1954 755 quia
1973 708 2000 742 si
2019 709 2183 741 distracta
2203 720 2255 741 es-

1269 767 1320 794 set
1337 761 1494 805 imperiis
1512 761 1682 801 externis,
1711 773 1825 806 neque
1843 759 1927 793 baec
1944 760 2008 799 lex,
2035 772 2150 804 neque
2166 759 2256 791 aliae

1269 812 1401 845 multae
1435 812 1569 844 servari
1601 812 1808 855 potuissent.
1877 811 2041 844 Testatus
2067 816 2118 843 est
2139 816 2256 843 autem

1272 863 1386 903 Deus,
1413 863 1524 895 deleta
1552 863 1674 906 politia
1692 862 1850 902 Iudaica,
1886 875 1979 896 nunc
2003 874 2076 894 nou
2099 872 2258 894 necessa-

1272 914 1361 947 riam
1396 926 1467 947 essc
1500 914 1784 947 observationem
1808 913 2112 953 ceremoniarum,
2153 918 2187 945 et
2211 908 2260 944 le-

1273 978 1354 1008 gum
1380 965 1572 998 sorensium
1600 965 1725 1004 Moisi,
1768 978 1857 1009 quae
1882 977 1954 997 non
1979 971 2060 997 sunt
2086 963 2170 996 iuris
2195 975 2257 995 na-

1274 1023 1384 1049 turae.
1438 1015 1487 1048 Ac
1506 1016 1548 1048 dc
1564 1016 1765 1049 discrimine
1788 1014 1915 1049 harum
1939 1016 2055 1060 legum
2078 1027 2181 1059 saepe
2206 1013 2259 1045 di-

1274 1073 1366 1099 ctum
1391 1072 1453 1100 est.

1274 1152 1332 1185 An
1364 1154 1513 1186 ratione
1547 1155 1629 1187 eius
1661 1151 1757 1198 quod
1788 1155 1966 1195 interest,
2004 1152 2087 1195 peti
2120 1148 2262 1195 aliquid

1435 1206 1557 1247 possit
1584 1207 1624 1238 in
1649 1209 1775 1238 mutuo
1802 1215 1919 1248 supra
1946 1207 2095 1236 sortem.

1379 1268 1612 1312 Rcspondeo:
1648 1268 1818 1302 Interesse
1843 1275 2009 1309 vocatur,
2038 1268 2134 1313 quod
2157 1266 2260 1299 debe-

1277 1325 1334 1352 tur
1357 1319 1481 1359 alicui,
1519 1320 1594 1359 vel,
1635 1320 1717 1365 quia
1744 1321 1875 1352 damno
1898 1319 2061 1359 affectus,
2098 1318 2154 1351 vel
2177 1317 2260 1363 quia

1276 1370 1412 1403 lucrum
1431 1371 1575 1416 aliquod
1593 1371 1802 1415 impeditum
1822 1377 1883 1404 est.
1933 1369 2016 1403 Ideo
2036 1369 2263 1413 distinguitur

1278 1421 1456 1461 interesse,
1480 1428 1540 1454 aut
1559 1422 1651 1455 enim
1672 1422 1786 1455 oritur
1800 1428 1948 1466 propter
1963 1423 2133 1454 danmum
2152 1431 2264 1453 emer-

1277 1484 1378 1516 gens,
1413 1479 1474 1505 aut
1496 1479 1642 1517 propter
1666 1474 1803 1506 lucrum
1829 1485 1975 1506 cessans.
2035 1471 2262 1515 Exemplum:

1278 1524 1313 1556 Si
1339 1524 1416 1568 quis
1442 1524 1562 1556 debuit
1581 1522 1668 1557 mihi
1690 1525 1825 1558 solvere
1843 1524 2006 1558 Calendis
2027 1523 2113 1556 Maii
2128 1524 2178 1558 20
2202 1535 2263 1557 au-

1278 1587 1357 1607 reos
1369 1601 1377 1613 ,
1405 1580 1438 1606 et
1454 1587 1526 1607 non
1543 1576 1668 1616 solvit,
1696 1588 1760 1619 ego
1777 1588 1861 1609 vero
1880 1576 1917 1608 in
1933 1576 2085 1620 petendo
2098 1602 2107 1615 ,
2135 1580 2168 1607 et
2183 1575 2264 1607 mit-

1280 1625 1392 1658 tendis
1412 1626 1543 1658 nuntiis
1568 1627 1633 1658 feci
1654 1633 1833 1670 sumptus,
1868 1633 1901 1659 et
1925 1627 2042 1669 accepi
2065 1626 2180 1671 aliqua
2205 1627 2264 1659 de-

1281 1676 1464 1715 trimenta,
1510 1690 1662 1721 quorum
1693 1678 1835 1722 proprie
1868 1690 1969 1711 causa
2003 1677 2068 1709 suit
2093 1677 2262 1710 debitoris

1281 1739 1400 1766 mora,
1431 1727 1463 1759 id
1483 1728 1610 1761 dicitur
1626 1730 1795 1761 damnum
1812 1741 2004 1771 emergens.

1380 1777 1444 1810 list
1475 1785 1508 1811 et
1541 1776 1607 1812 lioe
1636 1780 1824 1812 discrimen
1851 1780 2131 1819 observandum,
2170 1778 2266 1812 aliud

1281 1829 1450 1861 damnum
1472 1829 1596 1862 accidit
1615 1837 1694 1863 ante.
1710 1843 1868 1871 moram,
1895 1828 1963 1864 hoc
1980 1836 2048 1870 est,
2075 1837 2155 1863 ante
2171 1829 2264 1863 diem

1281 1880 1449 1913 solutioni
1469 1881 1718 1921 constitutum,
1744 1882 1839 1915 aliud
1857 1882 2026 1915 damnum
2046 1881 2170 1915 accidit
2186 1887 2266 1927 post

1281 1943 1419 1964 moram
1431 1958 1440 1971 ,
1469 1931 1504 1964 id
1521 1939 1588 1972 est,
1615 1939 1803 1978 postquam
1821 1933 1960 1966 debitor
1974 1945 2047 1965 non
2062 1933 2167 1966 solvit
2183 1944 2265 1966 con-

1282 1982 1404 2016 stituto
1429 1983 1496 2016 die.
1549 1984 1651 2018 Nunc
1676 1984 1782 2028 igitur
1804 1987 2014 2029 respondeo.
2074 1984 2207 2018 Verum
2231 1991 2267 2018 et

1283 2046 1356 2066 non
1379 2035 1583 2068 simulatum
1608 2036 1774 2069 interesse
1807 2038 1903 2082 quod
1931 2035 2055 2070 accidit
2077 2035 2266 2076 mutuanti,

1285 2091 1352 2124 est,
1379 2098 1458 2119 cum
1478 2088 1646 2120 damnum
1665 2099 1847 2132 emergens
1864 2095 1945 2132 post
1966 2100 2104 2121 moram
2127 2086 2263 2127 accidit,

1284 2143 1340 2176 ut,
1368 2137 1397 2170 si
1422 2138 1500 2182 quis
1525 2138 1700 2184 debuitffi')
1726 2138 1814 2172 mihi
1831 2141 1966 2174 solvere
1983 2139 2144 2174 Calendis
2163 2137 2262 2178 Maii,

1285 2194 1318 2220 et
1333 2200 1406 2221 non
1426 2189 1549 2230 solvit,
1584 2190 1612 2223 si
1638 2202 1706 2235 qua
1731 2192 1876 2224 adficior
1900 2193 2031 2225 iactura
2055 2197 2201 2236 propter
2224 2190 2264 2224 il-

1283 2239 1349 2273 lius
1366 2252 1524 2280 moram,
1552 2240 1589 2273 in
1612 2254 1652 2274 eo
1679 2254 1760 2276 casu
1783 2243 1871 2276 iuste
1894 2243 2042 2276 solvitur
2063 2255 2166 2287 supra
2187 2255 2262 2277 sor-

1285 2297 1374 2331 tem,
1415 2292 1554 2325 ratione
1578 2291 1723 2338 eiusm),
1770 2295 1865 2339 quod
1886 2295 2047 2335 interest,
2089 2295 2261 2337 videlicet,

1284 2348 1323 2375 ut
1346 2354 1424 2375 mea
1448 2343 1578 2376 iactura
1604 2351 1860 2388 compensetur.
1915 2345 1991 2378 Hoc
2013 2345 2198 2387 interesse,
2226 2346 2261 2380 id

1284 2399 1352 2434 est,
1393 2392 1478 2427 haec
1503 2395 1744 2440 compensatio
1767 2395 1906 2435 damni,
1950 2396 2037 2430 iuste
2071 2397 2203 2441 petitur
2228 2403 2262 2431 et

1285 2444 1473 2488 accipitur,
1501 2446 1638 2480 etiamsi
1654 2447 1749 2480 nulla
1776 2447 1919 2480 accessit
1939 2447 2120 2493 stipulatio
2144 2448 2187 2482 de
2208 2460 2260 2490 eo,

1318 2570 1365 2602 28)
1386 2572 1448 2611 quia
1470 2573 1545 2596 Deus
1569 2571 1605 2611 ibi
1628 2571 1735 2597 servari
1758 2572 1932 2605 discrimina]
1956 2574 1999 2600 sic
2015 2575 2087 2603 Edit.
2107 2576 2198 2610 1546.3
2231 2576 2259 2602 ln

1350 2607 1422 2630 Edit.
1439 2607 1513 2630 1545.
1532 2613 1641 2630 omissa.

1315 2656 1362 2690 29)
1381 2658 1488 2686 debuit]
1505 2657 1545 2681 sic
1561 2658 1633 2682 Edit.
1650 2657 1741 2689 ¹545.;
1767 2658 1794 2683 in
1812 2660 1884 2686 Edit.
1901 2661 1974 2686 ¹546.
1995 2660 2087 2687 omtss.

1316 2708 1364 2742 30)
1384 2709 1455 2739 eius]
1470 2708 1509 2734 sic
1525 2708 1598 2735 Edit.
1617 2709 1706 2742 1546.;
1724 2710 1798 2736 Edit.
1813 2712 1888 2737 1545.
1907 2713 2019 2744 typogr.
2037 2719 2146 2739 errore:
2169 2713 2230 2739 ein».
