2347 3000
235 164 283 198 87
504 158 703 194 SCRIPTA
731 157 804 191 Pu.
833 155 945 190 MEL.
970 154 1034 188 AD
1060 150 1269 186 ETHICEN
1297 148 1361 182 ET
1390 146 1645 182 POLITICEN
1673 145 1986 182 SPECTAKTIA.
2213 148 2260 181 88

238 259 377 281 causam
403 246 497 280 Deus
525 244 704 279 ordinavit
725 243 885 288 politias,
923 247 961 275 ut
985 237 1218 279 Evangelium

238 299 428 344 propagari
443 297 562 342 possit.
590 297 652 330 llis
671 295 844 328 mandatis
861 304 997 325 necesse
1014 297 1063 324 est
1079 288 1223 321 obedire

239 363 360 384 omnes
379 355 587 394 potestates,
615 346 751 381 etiamsi
768 344 968 389 superiores
984 340 1134 380 domini,
1163 346 1224 373 aut

241 402 421 447 pontifices
437 401 678 433 adversentur.

341 452 462 485 Tertia
489 451 579 484 ratio
604 455 743 492 sumpta
767 447 810 478 ab
844 443 958 477 officio
986 443 1223 486 magistratus.

242 503 467 545 Magistratus
484 509 534 535 est
551 507 665 534 custos
685 498 817 542 primae
842 502 876 529 et
890 496 1064 528 secundae
1084 494 1223 528 tabulae

240 555 324 597 legis
336 581 344 595 ,
373 555 468 599 quod
486 554 529 585 ad
546 558 725 585 externam
741 547 963 592 disciplinam
981 546 1119 585 attinet,
1157 543 1223 578 hoc

241 613 309 645 est,
338 603 525 649 probibere
551 608 693 635 externa
717 601 868 640 scelera,
897 605 931 631 et
955 598 1081 643 punire
1107 603 1225 630 sontes

240 658 361 695 debet,
388 662 420 687 et
440 665 638 698 proponere
654 653 747 685 bona
766 651 937 695 exempla.
996 649 1223 682 Manifestum

240 714 291 741 est
308 713 424 739 autem
446 706 481 737 111
502 705 616 749 primo
640 710 673 737 et
694 704 848 737 secundo
871 707 1077 746 praecepto,
1105 697 1225 745 prohi-

240 758 315 791 beri
344 756 583 789 idololatriam
617 762 651 788 et
682 752 936 798 blasphemias:
970 764 1053 795 ergo
1087 763 1225 784 necesse

239 816 310 848 est,
338 808 582 851 magistratum
606 813 787 839 externam
813 803 1051 837 idololatriam
1077 810 1112 835 et
1136 803 1226 835 blas-

240 858 400 905 phemias
418 859 539 891 tollere
565 864 598 890 et
615 869 758 896 curare,
786 863 824 889 ut
849 856 907 900 pia
933 855 1093 887 doctrina
1119 861 1152 887 et
1178 853 1227 898 pii

241 912 354 945 cultus
373 915 633 955 proponantur.
686 908 759 941 Etsi
787 907 881 940 eui-,n
909 906 1133 949 magistratus
1154 917 1228 938 non

241 968 357 996 mutat
371 962 497 1000 corda,
526 973 589 993 nec
609 958 715 993 habet
734 958 967 992 ministerium
987 957 1148 1001 spiritus,
1177 962 1228 989 ta-

242 1026 325 1047 men
340 1011 443 1046 habet
461 1024 563 1045 suum
581 1011 733 1044 osticium
750 1017 914 1044 externae
927 1008 1131 1052 disciplinae
1147 1020 1228 1040 con-

241 1065 436 1099 servandae
454 1063 559 1097 etiam
576 1063 613 1095 in
630 1062 689 1102 iis,
717 1075 807 1107 quae
832 1063 875 1094 ad
901 1061 1053 1105 primam
1071 1060 1228 1093 tabulam

244 1116 433 1161 pertinent.
513 1114 709 1147 Confirmat
740 1113 846 1154 igitur
883 1112 1054 1145 maiorem
1086 1111 1229 1150 Paulus,

244 1180 323 1201 cum
348 1165 463 1212 inquit
483 1167 534 1210 (l.
553 1165 646 1198 Tim.
670 1166 709 1203 1,
737 1163 805 1209 9.);
836 1163 907 1196 Lex
933 1170 983 1196 est
1006 1162 1144 1195 iniustis
1169 1174 1230 1205 po-

243 1219 322 1259 sita,
348 1217 466 1262 impiis
484 1223 517 1249 et
535 1216 704 1260 profanis,
722 1215 852 1249 scilicet
869 1212 1106 1247 cohercendis.
1159 1213 1231 1246 Nec

244 1281 452 1303 revocamus
469 1267 629 1312 politiam
648 1267 739 1299 Mosi
752 1292 761 1306 ,
788 1267 848 1299 sed
865 1266 919 1297 lex
946 1265 1090 1297 moralis
1108 1274 1231 1307 perpe-

244 1328 304 1355 tua
322 1327 391 1359 est,
420 1326 454 1352 et
470 1319 628 1351 omnium
647 1323 814 1350 aetatum.
869 1315 1005 1348 Morale
1023 1321 1055 1346 et
1070 1314 1231 1346 naturale

244 1373 452 1405 mandatum
476 1375 525 1402 est
547 1367 756 1413 prohibere,
793 1373 825 1399 et
845 1366 971 1410 punire
992 1365 1231 1398 idololatriam

245 1436 285 1456 ac
308 1419 565 1466 blasphemias,
603 1419 686 1465 quia
715 1416 952 1462 prohibentur
982 1417 1018 1449 in
1048 1416 1165 1460 primo
1200 1421 1233 1448 et

244 1474 399 1509 secundo
416 1477 615 1517 praecepto,
632 1482 721 1516 quae
738 1475 820 1503 sunt
832 1468 993 1509 moralia,
1010 1468 1098 1501 sicut
1111 1479 1234 1500 omnes

245 1531 365 1570 gentes
388 1523 604 1568 puniverunt
625 1521 780 1565 periuria
813 1526 846 1553 et
871 1518 966 1553 haud
993 1519 1098 1552 dubie
1126 1518 1234 1562 magi-

248 1582 379 1611 stratus
397 1575 540 1608 deberet
557 1573 684 1617 punire
704 1572 890 1616 profanos,
917 1583 977 1604 seu
995 1569 1144 1611 ἀθέους,
1173 1569 1235 1614 qui

247 1628 467 1661 delectantur
490 1624 673 1669 Epicureis
699 1623 939 1662 sermonibus,
964 1622 1006 1655 de
1031 1622 1107 1654 Deo
1133 1627 1167 1653 et
1192 1621 1234 1653 de

249 1677 486 1723 providentia.
538 1675 676 1709 Daniel.
694 1675 728 1708 3.
747 1681 841 1707 extat
867 1674 1002 1706 illustre
1035 1673 1233 1717 exemplum

251 1730 342 1774 regis
362 1727 493 1762 ethnici
510 1724 862 1765 Nabuchodonosor,
891 1724 952 1770 qui
976 1724 1128 1757 edictum
1154 1736 1235 1767 pro-

252 1781 373 1826 ponit,
401 1792 445 1813 ne
471 1778 549 1824 quis
574 1778 668 1812 dicat
690 1775 947 1821 blasphemiam
973 1782 1095 1808 contra
1119 1775 1233 1808 Deum

252 1832 375 1871 lsrael,
403 1830 556 1876 pertinet
579 1829 685 1873 igitur
710 1829 754 1860 ad
779 1828 971 1862 secundum
994 1833 1236 1871 praeceptum,

252 1885 307 1917 lex
324 1884 366 1916 de
386 1879 599 1926 blasphemis
624 1879 893 1919 interficiendis,
921 1878 1034 1912 Levit.
1051 1877 1112 1917 24,
1130 1877 1236 1923 (15.).

355 1934 427 1967 Has
444 1934 599 1966 rationes
616 1930 711 1965 haud
727 1931 830 1964 dubie
848 1929 955 1964 secuti
970 1937 1051 1964 sunt
1066 1930 1238 1963 Constan-

254 1986 368 2026 tinus,
396 1983 667 2017 Valentinianus
691 1989 725 2025 et
749 1980 991 2021 Theodosius,
1020 1982 1080 2027 qui
1106 1981 1237 2014 cultum

255 2038 434 2071 idolorum
452 2035 584 2078 legibus
600 2032 878 2078 prohibuerunt,
904 2039 937 2066 et
955 2033 1139 2077 capitalem
1156 2044 1240 2076 poe-

256 2101 339 2122 nam
362 2087 621 2121 constituerunt
642 2085 678 2118 in
694 2098 752 2118 eos
765 2112 774 2123 ,
808 2085 836 2118 si
856 2084 916 2130 qui
932 2085 1049 2128 palam
1068 2083 1240 2117 sacritica-

256 2147 346 2173 reut.
380 2139 455 2172 Hae
473 2139 565 2181 leges
580 2143 699 2170 extant
714 2134 819 2169 hodie
836 2136 871 2168 111
889 2136 1016 2169 Codice
1029 2134 1086 2180 3¹).
1123 2132 1240 2167 Theo-

257 2192 376 2224 dosius
393 2191 500 2223 etiam
517 2188 610 2222 dirui
627 2188 700 2232 ipsa
718 2187 895 2220 idolorum
913 2187 1043 2231 templa
1060 2185 1170 2225 iussit,
1196 2197 1240 2218 ne

259 2243 438 2281 videlicet,
467 2242 562 2286 quod
579 2246 681 2272 antea
700 2239 886 2278 acciderat,
913 2237 1138 2271 manentibus
1154 2243 1241 2270 tem-

258 2294 325 2338 plis
357 2300 436 2337 post
466 2292 580 2337 ipsum
616 2290 887 2324 restituerentur
918 2289 1086 2323 sacrificia
1119 2288 1241 2332 impia.

261 2345 511 2389 Querebantur
534 2342 762 2381 Donatistae,
789 2354 824 2375 50
852 2353 870 2374 a
892 2340 1155 2385 magistratibus
1179 2352 1241 2383 pu-

260 2396 350 2435 niri,
379 2408 456 2429 cum
481 2407 583 2429 causa
609 2400 697 2428 esset
722 2392 971 2432 ecclesiastica,
999 2393 1059 2426 sed
1078 2390 1242 2435 Augusti-

261 2460 327 2480 nus
343 2447 551 2490 respondet,
578 2446 613 2479 id
637 2452 729 2479 recte
753 2444 847 2485 fieri,
875 2450 908 2477 et
933 2441 1019 2477 haec
1045 2444 1184 2477 decreta
1202 2454 1241 2474 ac

263 2498 421 2541 exempla
452 2497 593 2541 piorum
626 2497 882 2541 imperatorum
906 2496 1043 2539 allegat.
1123 2493 1242 2538 Quare

263 2549 487 2582 manifestum
503 2555 553 2581 est
570 2550 612 2581 ad
638 2549 862 2592 magistratus
883 2547 1035 2580 osticium
1054 2546 1243 2590 pertinere,

263 2607 302 2633 ut
317 2600 454 2632 aboleat
473 2599 598 2643 impios
619 2600 748 2639 cultus,
776 2606 807 2632 et
824 2599 948 2643 puniat
964 2596 1190 2642 blasphemos
1211 2603 1243 2629 et

264 2651 375 2684 malos
393 2652 565 2685 doctores.
618 2650 712 2683 Haec
733 2650 925 2691 sententia,
953 2662 1033 2684 cum
1059 2649 1104 2684 sit
1127 2647 1244 2682 certis-

298 2769 348 2795 ³¹)
367 2767 479 2796 codiee]
498 2765 581 2791 Editt.
599 2764 697 2788 habent
715 2763 812 2794 siglam
831 2764 860 2787 C*

1274 234 1361 269 sima
1373 233 1629 273 etflrmsssima,
1646 245 1724 267 011111
1736 233 1779 267 sit
1795 233 1991 273 manifesta,
2009 232 2171 265 voluntas
2180 230 2259 272 Dei,

1276 287 1376 319 valde
1395 283 1677 330 reprehendendi
1695 291 1771 318 sunt
1797 285 1992 329 principes,
2021 283 2082 329 qui
2107 283 2262 316 tolerant

1276 337 1404 381 impios
1439 336 1570 375 cultus,
1611 342 1644 369 et
1679 338 1877 369 concedunt
1909 335 2026 380 impiis
2057 334 2262 368 doctoribus

1276 387 1455 421 licentiam
1489 387 1705 420 vociferandi
1731 389 1773 420 ad
1798 387 1982 431 populum.
2036 386 2149 419 Porro
2175 385 2260 418 boni

1276 439 1453 484 principes
1471 444 1674 482 proponant
1692 438 1756 471 sibi
1776 440 1941 471 mandata
1953 437 2030 478 Dei,
2049 449 2139 483 quae
2155 447 2261 481 supra

1278 491 1475 529 citavimus,
1497 488 1624 521 deinde
1649 490 1829 533 exempla,
1856 502 1946 535 quae
1973 487 2264 527 commemoravi,

1278 541 1382 575 tertio
1401 541 1623 573 considerent
1645 540 1751 573 etiam
1769 541 1926 585 exempla
1943 553 2065 585 regum
2081 567 2089 580 ,
2117 539 2203 572 luda
2230 545 2265 572 et

1278 592 1402 633 lsrael,
1430 604 1520 637 quae
1539 591 1651 625 sciant
1667 603 1739 624 non
1765 604 1837 625 esse
1863 592 2007 636 propria
2024 590 2168 636 politiae
2187 589 2264 623 Mo-

1277 644 1408 683 saicae,
1436 655 1514 676 cum
1534 642 1604 676 sint
1625 642 1775 675 moralia
1794 643 1853 676 sed
1872 643 2049 687 pertinere
2067 643 2108 675 ad
2131 653 2265 681 omnes,

1279 694 1456 739 principes
1475 694 1636 727 omnium
1656 700 1822 729 aetatum.
1858 693 1897 726 ln
1913 692 1967 727 his
1983 693 2268 726 animadvertent

1279 745 1509 779 horribilibus
1540 745 1664 789 poenis
1696 746 1840 779 affectos
1877 757 1948 778 esse
1982 750 2124 778 autores
2154 744 2266 777 idolo-

1281 797 1414 831 latriae.
1468 796 1567 830 Alios
1583 808 1664 830 vere
1677 823 1685 837 ,
1702 797 1762 842 qui
1780 797 1997 831 sustulerunt
2013 796 2121 835 idola,
2149 795 2265 829 claris-

1280 849 1377 883 simis
1393 848 1568 888 victoriis,
1594 847 1774 882 miraculis
1799 855 1833 881 et
1855 848 2063 881 coelestibus
2087 846 2190 880 donis
2210 858 2265 880 or-

1281 906 1383 933 natos
1407 911 1491 933 esse.
1544 898 1697 943 Propter
1724 899 1925 933 Salomonis
1950 899 2188 932 idololatriam
2214 910 2267 931 re-

1281 963 1389 995 gnum
1407 949 1515 984 Israel
1531 950 1736 984 distractum
1755 957 1816 985 est.
1850 951 1962 984 Huius
1980 962 2114 994 poenae
2130 949 2266 992 magni-

1282 1003 1367 1036 tudo
1383 1002 1511 1035 merito
1528 1002 1705 1035 deterrere
1731 1015 1854 1036 omnes
1881 1003 1924 1034 ab
1943 1001 2144 1034 idololatria
2164 1001 2267 1033 debe-

1282 1055 1353 1087 bat.
1407 1053 1551 1097 Peperit
1567 1053 1660 1085 enim
1680 1066 1751 1085 non
1770 1054 1882 1087 solum
1905 1059 2072 1097 perpetua
2090 1052 2200 1091 bella,
2235 1058 2269 1084 et

1283 1103 1454 1137 excidium
1479 1104 1599 1136 decem
1625 1105 1800 1145 tribuum,
1833 1106 1892 1138 sed
1921 1104 2027 1137 etiam
2060 1101 2268 1136 horribilem

1283 1155 1550 1199 dissipationem
1567 1154 1760 1198 religionis.

1387 1205 1524 1238 Deinde
1546 1206 1649 1237 multi
1673 1218 1772 1249 reges
1798 1205 1831 1238 in
1850 1205 2010 1239 Samaria
2036 1211 2182 1250 propter
2205 1204 2269 1237 1111-

1285 1256 1362 1300 pios
1377 1256 1490 1288 cultus
1507 1255 1680 1288 interfecti
1699 1263 1792 1296 sunt,
1807 1258 1919 1290 donec
1935 1258 2078 1290 tandem
2098 1257 2270 1289 abductae

1285 1309 1405 1339 decem
1424 1306 1534 1339 tribus
1553 1305 1590 1338 in
1611 1306 1772 1347 exilium,
1800 1313 1833 1339 et
1848 1320 1958 1351 paene
1974 1320 2119 1352 prorsus
2136 1308 2271 1340 deletae

1285 1363 1378 1391 sunt.
1428 1357 1560 1401 Quales
1585 1363 1700 1390 autem
1727 1370 1863 1402 poenae
1887 1370 1981 1391 nunc
1994 1358 2041 1404 ³²)
2064 1358 2272 1402 impendent

1286 1420 1350 1453 pro
1369 1407 1486 1452 impiis
1503 1407 1673 1449 cultibus,
1708 1421 1787 1442 cum
1806 1409 1856 1441 illi
1874 1409 1969 1453 genti
1984 1422 2058 1442 non
2077 1408 2273 1454 pepercerit

1286 1460 1401 1497 Deus,
1426 1458 1480 1492 cui
1499 1459 1733 1503 amplissimas
1752 1460 2004 1504 promissiones
2025 1462 2067 1493 de
2087 1472 2195 1504 regno
2214 1461 2273 1493 de-

1287 1512 1398 1544 derat.
1457 1509 1612 1542 Econtra
1636 1511 1828 1544 laudantur
1853 1518 1886 1544 et
1912 1518 2088 1544 ornantur
2115 1510 2272 1544 x'ictoriis

1288 1569 1321 1595 et.
1339 1561 1415 1594 aliis
1432 1561 1608 1594 beneficiis
1627 1574 1737 1606 reges,
1755 1562 1814 1607 qui
1831 1563 2047 1596 sustulerunt
2064 1562 2172 1601 idola,
2190 1561 2272 1601 Asa,

1287 1610 1470 1656 losaphat,
1507 1610 1676 1646 Ezechias
1700 1620 1733 1646 et
1755 1612 1874 1648 Iosias.
1951 1612 2037 1647 Item
2064 1611 2169 1653 Ielm,
2211 1612 2273 1658 qui

1287 1664 1426 1698 sustulit
1451 1669 1588 1697 tantum
1616 1665 1747 1697 cultum
1764 1664 1870 1705 Baal,
1899 1678 2003 1710 quem
2030 1663 2151 1698 Achab
2175 1663 2273 1697 addi-

1288 1717 1389 1748 derat
1403 1726 1509 1759 supra
1528 1715 1683 1759 priorem
1702 1716 1961 1756 idololatriam,
1991 1728 2080 1762 quae
2097 1721 2201 1749 antea
2220 1715 2273 1748 in-

1288 1767 1407 1801 stituta
1430 1766 1545 1799 suerat
1567 1779 1586 1799 a
1611 1765 1791 1799 Ierobeam
1819 1767 1852 1799 in
1877 1768 2050 1801 Samaria.
2102 1766 2273 1811 Exempla

1289 1819 1453 1862 leguntur
1470 1817 1506 1849 in
1523 1817 1620 1851 libris
1638 1818 1775 1861 Regum
1793 1818 2129 1863 otparalipomenis.
2157 1818 2273 1851 Porro

1290 1870 1327 1902 in
1349 1867 1424 1908 his,
1459 1881 1548 1914 quae
1569 1870 1613 1902 ad
1636 1869 1850 1913 Decalogum
1874 1870 2070 1914 pertinent,
2107 1869 2199 1902 idem
2223 1875 2275 1902 est

1291 1920 1445 1954 officium
1469 1926 1674 1954 nostrorum
1700 1933 1843 1965 regum,
1878 1921 2078 1965 principum
2108 1926 2142 1954 et
2163 1919 2274 1964 magi-

1290 1978 1484 2011 stratuum,
1521 1973 1617 2017 quod
1641 1978 1717 2005 erat
1741 1972 1895 2005 officium
1919 1984 2041 2015 regum
2068 1971 2210 2016 piorum
2237 1970 2274 2003 in

1292 2024 1353 2056 illo
1380 2023 1532 2067 popuIO,
1568 2023 1605 2056 in
1627 2036 1697 2068 qno
1721 2029 1804 2056 tunc
1828 2030 1901 2056 erat
1926 2023 2094 2057 Ecclesia.
2154 2022 2274 2067 Quare

1292 2075 1402 2109 sciant
1417 2073 1641 2117 magistratus
1659 2088 1694 2108 se
1713 2072 1806 2107 haud
1832 2075 1936 2107 dubie
1964 2073 2187 2119 poenasDeo
2213 2074 2276 2106 da-

1294 2133 1392 2159 turos
1411 2137 1496 2165 esse,
1511 2126 1626 2158 sinon
1643 2126 1804 2158 aboleant
1825 2126 1953 2170 impios
1969 2126 2092 2159 cultus.
2143 2124 2276 2158 Extant

1293 2176 1587 2210 comminationes
1611 2177 1852 2211 severissimae
1877 2178 1911 2210 in
1936 2177 2051 2222 primo
2070 2182 2103 2210 et
2119 2176 2274 2210 secundo

1294 2234 1500 2273 praecepto,
1528 2235 1561 2261 et
1587 2229 1617 2262 1.
1635 2229 1729 2262 Sam.
1746 2231 1770 2264 2
1787 2228 1962 2275 ³3),(3O.)
1986 2228 2127 2261 dicitur:
2157 2227 2276 2262 Glori-

1294 2281 1435 2313 ficantes
1450 2291 1506 2312 me
1523 2280 1745 2323 glorificabo,
1773 2287 1807 2313 et
1831 2285 2094 2314 contemnentes
2116 2292 2173 2312 me
2196 2279 2275 2311 red-

1294 2332 1374 2364 dam
1388 2337 1619 2375 contemptos.
1648 2331 1722 2364 Hae
1741 2331 2033 2365 comminationes
2049 2342 2276 2376 nequaquam

1294 2389 1376 2417 sunt
1394 2395 1516 2416 manes
1531 2390 1590 2416 aut
1607 2383 1739 2417 irritae.

1397 2434 1532 2478 Quarta
1556 2434 1648 2467 ratio
1671 2440 1808 2479 sumpta
1833 2434 1875 2466 ab
1898 2433 2057 2477 exemplo
2075 2438 2275 2477 parentum.

1296 2485 1522 2530 Magistratus
1540 2485 1576 2518 in
1599 2492 1741 2519 externa
1766 2485 1949 2529 disciplina
1967 2485 2070 2517 debet
2087 2483 2206 2517 onmia
2226 2483 2277 2517 of-

1295 2537 1371 2570 ficia
1389 2536 1555 2577 subditis,
1581 2549 1671 2582 qnae
1692 2537 1794 2570 debet
1816 2536 2078 2581 paterfamilias.
2133 2535 2278 2569 Certum

1297 2595 1347 2623 est
1364 2594 1481 2621 autem
1497 2588 1788 2632 patremfamilias
1803 2588 1929 2621 debere
1945 2585 2012 2620 hoc
2025 2586 2177 2620 officium
2192 2586 2277 2619 libe-

1331 2689 1378 2716 32)
1402 2694 1506 2718 poenae
1527 2688 1611 2716 nunc]
1639 2692 1679 2710 stc
1703 2686 1787 2712 Editt.
1812 2687 1896 2717 pecul.
1924 2686 1998 2711 1539.
2023 2688 2050 2710 et
2076 2685 2168 2716 1540.;
2194 2685 2276 2709 Editt.

1367 2723 1444 2745 11111115
1463 2723 1532 2752 Epit.
1555 2722 1629 2745 1540.
1649 2724 1675 2744 ct
1696 2721 1783 2747 154&
1804 2728 1874 2745 nune
1892 2727 2003 2751 poenae.

1332 2757 1379 2786 3³)
1401 2757 1422 2781 1.
1443 2760 1513 2783 sam.
1532 2757 1571 2787 2.]
1588 2756 1671 2781 Editt.
1690 2756 1850 2786 (secuudtuu
1868 2756 1954 2781 Lxx.
1973 2756 2001 2780 et
2020 2754 2117 2786 vulg.)
2137 2754 2159 2778 1.
2172 2753 2238 2785 Reg.
2253 2753 2277 2778 2.
