2347 3000
225 147 297 182 207

225 245 308 265 num
322 258 330 269 ,
363 238 400 264 ut
418 236 581 276 parentes
598 241 825 275 nequaquam
844 234 960 261 tantos
978 227 1116 259 labores
1135 238 1213 270 per-

225 286 357 317 ferrent
375 282 410 315 in
430 281 638 316 educatione
650 308 659 321 ,
686 280 753 313 nisi
779 279 912 321 ingenti
929 278 963 309 xi
979 278 1112 311 arnoris
1129 277 1213 310 inci-

226 341 386 368 tarentur
405 335 449 366 ad
469 345 589 366 curam
609 333 760 365 tuendae
780 330 922 363 sobolis.

327 386 395 419 Sed
420 391 542 429 postea
574 382 781 427 depravatio
816 380 977 419 accessit,
1013 379 1112 414 cuius
1135 392 1214 413 cau-

227 450 300 472 sam
327 436 532 470 Aristotcles
556 434 723 477 ignorans
747 431 875 464 retinet
903 444 1032 473 genus,
1073 432 1215 471 docens,

227 495 392 533 oportere
426 487 569 520 assertus
602 485 638 516 in
676 489 801 516 natura
834 481 988 516 bominis
1020 495 1113 523 esse,
1155 483 1214 528 qui

228 540 365 573 etiamsi
382 540 564 575 aberrent,
593 541 712 567 tamen
735 533 873 567 ratione
898 536 941 568 ad
967 540 1078 568 certas
1105 541 1215 567 metas

229 590 417 625 rexoeandi
436 589 523 626 sint,
552 586 634 631 quia
652 585 743 619 ratio
764 587 928 625 ostendit,
958 586 992 619 in
1011 586 1138 630 quibus
1155 586 1216 618 ob-

230 643 324 675 iectis
341 639 575 685 appetitiones
595 644 628 670 et
646 632 790 670 allectus
808 638 970 671 resistere
987 638 1151 677 debeant,
1179 643 1217 670 ut

228 697 269 726 de
294 695 384 726 same
411 689 584 728 ostendit,
627 702 716 734 quae
746 701 800 722 res
827 689 897 723 sint
918 695 1065 722 naturae
1090 702 1217 721 conve—

229 746 374 783 nientes,
391 748 424 775 et
442 741 722 775 mediocritatem
742 741 935 774 constituit.
967 739 1070 773 ltade
1083 752 1217 779 amore,

229 799 270 829 de
288 796 360 833 ira,
387 795 430 827 de
450 792 692 827 misericordia
711 792 853 835 cogitat.
905 791 981 824 Etsi
995 804 1099 835 saepe
1118 792 1217 824 aber-

229 854 327 885 rant,
356 853 474 879 tamen
500 844 592 877 ratio
615 850 726 876 metas
757 843 980 886 praeseribit,
1008 849 1041 875 et
1065 849 1147 875 tunc
1170 844 1218 875 as—

229 902 337 932 t'eclus
357 897 441 930 boni
459 902 560 935 sunt,
587 908 665 927 cum
686 895 777 926 intra
800 901 909 927 metas
929 895 1005 927 illas
1029 892 1217 926 coln-reen-

230 958 306 988 tur,
335 961 421 994 quas
439 947 581 993 quidem
600 947 672 991 ipse
692 945 826 978 erudite
848 945 1011 978 nominat
1035 946 1218 977 mediocri-

230 1009 329 1037 tates,
348 1007 379 1033 et
397 1000 444 1033 sic
461 999 560 1031 dicit:
588 997 642 1031 lra
662 1009 736 1029 non
751 1003 789 1029 ut
806 999 904 1035 duce,
922 998 979 1030 sed
999 1003 1037 1029 ut
1054 997 1218 1041 militeffl')

233 1054 403 1086 utendum
429 1063 500 1084 esse
520 1048 592 1095 ¹⁰⁰).
662 1048 755 1093 Quia
786 1049 891 1081 sentit
917 1048 953 1080 in
979 1047 1219 1080 animantibus

228 1103 427 1137 necessario
461 1108 597 1141 motus,
643 1099 878 1144 appetitiones
911 1106 945 1132 et
972 1100 1115 1132 affectus
1147 1112 1218 1131 esse

232 1162 396 1200 oportere
409 1181 417 1194 ,
446 1154 541 1199 quod
560 1153 601 1185 dc
617 1163 742 1194 genere
760 1164 881 1184 verum
909 1157 970 1183 est.
1024 1151 1091 1182 Sed
1110 1150 1146 1182 in
1166 1163 1219 1182 ra-

232 1207 355 1241 tionali
372 1212 498 1239 natura
518 1204 691 1247 regendos
707 1215 779 1235 esse
797 1202 946 1234 ratione.
981 1200 1061 1233 ldeo
1079 1207 1112 1233 et
1130 1201 1220 1243 leges

234 1259 396 1303 politicae
414 1257 563 1300 gradum
583 1254 820 1292 constituunt,
844 1259 880 1285 ut
898 1250 1153 1285 coherceantur
1171 1253 1219 1284 as-

233 1313 360 1348 t'eetus,
388 1320 432 1340 ne
457 1306 642 1350 impellant
663 1311 806 1337 externa
831 1304 1012 1341 membra,
1040 1309 1219 1336 utcontra

233 1364 322 1403 leges
341 1359 491 1396 sai-iant,
518 1357 578 1390 sed
596 1356 735 1388 ratione
752 1356 936 1388 frent-nlur
949 1382 958 1394 ,
992 1360 1030 1387 ut
1047 1352 1219 1387 Achillem

233 1415 361 1446 iratum
380 1406 528 1443 retrahit
544 1407 682 1447 Pallas,
710 1420 754 1439 ne
772 1407 920 1448 stringat
938 1405 1092 1448 gladium
1108 1405 1147 1449 ³).

335 1462 377 1495 lit
397 1462 430 1493 in
457 1459 616 1492 doctrina
634 1457 810 1491 Ecclesiae
837 1458 1028 1490 discrimen
1055 1458 1147 1489 inter
1172 1458 1221 1489 as—

231 1518 341 1548 sectus
366 1520 399 1546 et
423 1514 512 1544 sacta
540 1516 663 1543 contra
684 1509 957 1547 conscientian),
984 1508 1157 1547 traditur,
1185 1508 1221 1540 in

233 1567 360 1613 quibus
378 1564 542 1596 voluntas
560 1574 634 1594 non
657 1559 816 1594 coliercet
839 1560 1002 1599 ass‘eetus,
1029 1561 1089 1593 sed
1111 1559 1222 1593 sciens

234 1626 266 1651 et
286 1618 407 1649 rolens
425 1615 473 1648 eis
491 1613 658 1656 indulget.
713 1612 821 1645 Cuius
836 1611 1049 1645 discriminis
1067 1611 1221 1653 cognitio

234 1670 334 1702 xalde
349 1665 543 1700 necessaria
563 1670 624 1703 est,
645 1663 726 1708 quia
744 1661 873 1696 horum
892 1663 1065 1705 graduum
1085 1662 1221 1695 infinita

234 1719 398 1754 distantia
425 1723 495 1756 est,
529 1715 673 1748 accendi
697 1727 819 1747 amore
844 1715 901 1746 xel
924 1714 996 1753 ira,
1024 1720 1058 1746 et
1076 1713 1223 1758 obsequi

235 1778 356 1804 eontra
379 1767 651 1803 conscientiam,
677 1765 765 1798 sient
784 1766 991 1797 mandatum
1017 1771 1067 1797 est
1093 1765 1129 1796 in
1154 1765 1223 1809 pri-

237 1837 290 1856 ma
309 1821 478 1855 concione
496 1819 641 1864 (Genes.
660 1816 694 1855 4,
714 1816 782 1862 7.):
819 1817 890 1849 Sub
916 1822 948 1848 te
976 1816 1019 1849 sit
1046 1817 1222 1859 appetitus

235 1876 325 1913 eius,
355 1879 387 1906 et
405 1878 440 1904 tu
459 1869 653 1903 domineris
671 1868 714 1902 ci.

415 1957 515 1996 Quae
534 1954 731 1998 potentiae
756 1953 833 1997 regyi
860 1948 1044 1995 possunt?

335 2023 376 2056 ln
404 2022 503 2055 omni
528 2021 598 2054 xita
623 2021 667 2053 ad
690 2020 883 2052 multarum
910 2030 1029 2051 rerum
1054 2018 1223 2051 diiudica—

237 2078 390 2110 tionem,
433 2080 466 2107 et
490 2074 533 2106 ad
559 2084 701 2105 mortun
726 2070 1042 2114 gubernationem,
1084 2082 1222 2103 necesse

237 2135 304 2162 est,
331 2133 450 2159 tenere
469 2124 682 2162 doctrinam,
711 2122 1024 2167 quantulacumpie
1043 2127 1104 2159 est,
1133 2134 1222 2166 quae

236 2181 278 2211 de
312 2177 431 2210 anima
461 2183 494 2209 et
524 2176 566 2208 de
596 2174 762 2218 gradibus
794 2172 1034 2217 potentiarum
1059 2173 1222 2206 traditur.

241 2231 278 2263 lit
313 2230 405 2262 inter
435 2233 589 2260 caeteras
614 2232 732 2270 partes
759 2223 976 2257 considerari
998 2237 1137 2257 necesse
1162 2231 1224 2264 est,

238 2294 327 2326 quae
345 2279 526 2325 potentiae
552 2283 659 2321 agant
686 2273 965 2320 naturalia—st),
1001 2288 1090 2320 quae
1119 2282 1225 2319 agant

272 2379 318 2411 99)
339 2382 367 2403 ut
391 2378 490 2406 milite]
517 2376 557 2400 sic
581 2376 656 2399 recte
682 2375 732 2398 Ed.
752 2374 843 2401 155οΑ
875 2374 922 2398 Ed.
944 2374 1017 2399 1554.
1042 2375 1154 2405 typogr.
1179 2382 1225 2399 er—

309 2420 386 2437 rore:
406 2413 512 2443 utilite,
532 2411 602 2441 quod
620 2410 647 2433 in
661 2409 726 2435 Edd.
742 2409 816 2434 1557.
834 2410 860 2432 et
879 2409 952 2433 1560.
971 2410 1102 2433 mutatum
1122 2412 1164 2433 est
1183 2410 1224 2434 in:

306 2449 418 2472 utiliter.

274 2483 337 2513 100)
358 2481 435 2506 Cous.
457 2483 561 2505 Seneca
580 2480 612 2503 de
630 2479 673 2502 ira
693 2479 716 2502 1.
730 2478 770 2502 9.:
795 2478 856 2507 tra,
875 2477 960 2508 inquit
978 2477 1156 2505 Aristoteles,
1176 2485 1227 2502 ne-

309 2516 433 2540 cessaria
459 2519 514 2538 cst:
552 2521 601 2538 nec
626 2513 768 2543 quicquam
793 2513 853 2536 sine
877 2513 926 2535 illa
952 2513 1102 2542 expugnari
1126 2516 1227 2543 potest,

308 2551 359 2574 nisi
379 2550 427 2573 illa
446 2549 556 2578 inipleat
571 2548 706 2574 aninium,
726 2549 754 2570 et
773 2547 899 2577 spiritum
917 2547 1057 2570 accendat.
1094 2548 1227 2571 tiendum

310 2588 401 2608 autem
426 2583 474 2606 illa
500 2585 558 2612 est,
596 2588 649 2606 non
675 2583 705 2605 ut
730 2582 813 2611 duce,
847 2581 897 2605 sed
916 2583 945 2604 ut
963 2581 1058 2606 initite.
1097 2583 1167 2612 quod
1185 2585 1227 2606 est

311 2619 419 2642 salsum.

278 2655 305 2680 1)
329 2654 406 2677 noni.
426 2652 457 2675 ll.
475 2651 494 2674 1.
517 2651 564 2674 194
580 2657 638 2680 sqq.

276 2688 308 2713 >t<)
330 2692 397 2716 qnae
417 2685 554 2715 potentiae
572 2687 656 2710 agant
670 2685 857 2713 iiatiiratiter,]
873 2684 913 2708 sic
926 2685 1094 2712 Edd.1550.,
1113 2685 1185 2709 1557.
1203 2688 1229 2709 et

316 2721 406 2745 1560.:
426 2721 474 2743 Ed.
498 2720 571 2742 1554.
592 2724 661 2749 quae
680 2720 818 2749 potentiae
842 2722 925 2750 agant
950 2720 1131 2751 naturaliter,
1161 2726 1229 2750 quae

311 2758 394 2786 agant
415 2753 588 2778 naturaliter.

494 142 695 179 SCRIPTA
722 143 798 179 PH.
823 142 935 177 MEL,
963 141 1028 176 AD
1057 139 1267 175 ETHICEN
1294 139 1358 175 ET
1385 138 1640 176 POLITICEN
1669 139 1979 177 SPECTANTIA.

2180 144 2254 179 208

1266 226 1392 266 libere,
1421 233 1455 260 et
1481 238 1570 272 quae
1594 226 1665 261 sint
1688 226 1871 267 rectrices,
1906 233 1940 261 et
1962 239 2052 273 quae
2077 227 2151 272 regi
2176 241 2255 272 pos-

1266 278 1347 311 sint.
1406 278 1568 311 I’rimum
1593 278 1701 322 igitur
1723 278 1904 312 sciendum
1932 285 2002 319 est,
2035 280 2255 313 voluntatem

1268 329 1303 361 in
1328 341 1493 373 suprema
1519 330 1678 374 potentia
1702 330 1870 363 rationali
1894 330 1942 364 sic
1965 331 2145 364 conditam
2170 343 2256 370 esse,

1266 387 1305 413 ut
1329 378 1457 413 habeat
1481 381 1700 421 libertatem,
1728 381 1850 421 idest,
1877 382 2079 415 facultatem
2105 382 2257 425 eligendi

1268 444 1342 464 rem
1360 431 1551 475 cognitam,
1579 438 1640 465 aut
1656 444 1731 464 non
1747 432 1912 475 eligendi,
1941 440 2001 466 aut
2017 434 2254 478 suspendendi

1269 483 1457 517 actionem.
1519 484 1587 516 Sed
1616 481 1701 515 haec
1726 484 1873 517 facultas
1899 484 1936 516 in
1960 491 2088 518 natura
2120 485 2255 529 integra

1269 532 1425 568 bominis
1458 534 1573 567 maior
1603 540 1636 567 et
1668 533 1785 567 minus
1818 534 1987 579 impedita
2012 536 2088 570 suit.
2155 536 2257 570 Nunc

1270 586 1382 619 multo
1400 586 1576 619 infirmior
1593 592 1656 625 est,
1684 591 1715 617 ct
1735 585 1830 618 varie
1850 586 2031 630 impedita,
2058 589 2119 620 sed
2138 593 2257 620 tamen

1270 638 1387 683 aliqua
1405 638 1556 677 mansit,
1585 643 1621 670 ut
1646 637 1680 668 in
1707 637 2006 680 disputationibus
2031 640 2073 671 de
2097 639 2257 671 libertate

1270 690 1463 722 xoluntatis
1488 687 1664 721 humanae
1690 688 1879 721 dicendum
1904 695 1965 722 est.
2030 689 2180 735 Reliqua
2207 696 2258 723 cst

1271 741 1375 773 eliani
1411 741 1446 773 in
1480 740 1662 772 voluntate
1687 740 1833 772 facultas
1857 741 2050 772 mandandi
2074 741 2277 773 locomoti-·

1270 804 1346 831 rae,
1375 793 1416 825 de
1435 798 1661 825 externorum
1682 791 1923 824 membrorum
1944 798 2055 831 motu,
2081 799 2132 832 ut,
2158 804 2259 825 inan-

1271 844 1356 876 dare
1379 850 1513 888 polest,
1542 856 1584 875 ne
1608 855 1734 876 manus
1759 843 1902 886 rapiant
1927 855 2001 875 rem
2027 843 2199 883 alienam,
2227 850 2259 876 et

1271 907 1314 926 ne
1330 897 1453 927 admox
1464 901 1541 927 eant
1562 894 1727 939 poculum
1749 894 1814 927 ori.

1373 954 1509 987 Deinde
1528 955 1616 986 dnae
1638 952 1816 997 potentiae
1836 958 1936 992 sunt,
1965 965 2054 998 quae
2080 953 2153 996 regi
2180 966 2260 997 pos-

1272 1012 1371 1045 sunt,
1396 1004 1633 1050 appetitix'a'2)
1657 1004 1690 1036 in
1709 1006 1834 1042 eorde,
1864 1010 1897 1035 et
1915 1004 2141 1037 locomotiva.
2193 1005 2259 1037 Re-

1272 1063 1402 1100 guntur
1429 1063 1545 1089 autem
1573 1054 1801 1088 dissimilibus
1826 1054 1958 1093 modis,
1985 1067 2024 1087 ac
2049 1055 2260 1088 mirabiliter

1274 1108 1368 1141 Deus
1392 1109 1479 1140 duas
1501 1107 1632 1150 species
1656 1105 1923 1149 gubernationis
1950 1105 2013 1149 ipsi
2031 1113 2179 1139 naturae
2197 1105 2260 1140 ho-

1273 1159 1378 1191 minis
1404 1159 1610 1202 impressas,
1644 1157 1746 1190 nobis
1777 1157 1982 1201 proposuit,
2018 1164 2057 1190 nt
2088 1156 2153 1191 hac
2184 1158 2259 1203 ipsa

1274 1209 1428 1251 imagine
1448 1208 1738 1247 eommoiresacti,
1767 1209 1960 1251 cogitemus
1986 1209 2192 1242 discrimina
2209 1209 2261 1242 (li-

1273 1261 1460 1308 sciplinae,
1475 1266 1507 1292 et
1525 1259 1676 1293 iustitiae
1695 1260 1820 1293 cordis.
1873 1258 2106 1294 Locomotixa
2125 1261 2260 1294 obtem-

1275 1318 1386 1356 perat,
1404 1318 1443 1345 ut
1460 1324 1574 1350 serta,
1591 1323 1652 1344 seu
1669 1317 1706 1342 ut
1723 1310 1879 1349 brutum,
1900 1311 2036 1344 etiamsi
2055 1325 2127 1345 non
2145 1319 2259 1345 osten-

1275 1364 1370 1397 ditur
1385 1376 1486 1396 causa
1505 1363 1599 1395 bona
1617 1362 1671 1394 xel
1687 1362 1792 1394 mala.
1823 1362 1869 1394 Ut
1888 1374 1966 1394 cum
1983 1363 2148 1397 voluntas
2166 1364 2262 1397 iubet

1275 1421 1434 1448 axvi-tere
1467 1414 1609 1453 oculos,
1656 1413 1872 1445 loconiotiva
1904 1413 2148 1457 obtemperat,
2190 1415 2261 1448 sixe

1276 1479 1379 1499 causa
1397 1466 1623 1503 ostendatur,
1652 1464 1724 1497 six‘e
1746 1477 1819 1496 non
1839 1466 2057 1498 ostendatur.
2112 1466 2180 1498 Sed
2202 1478 2264 1499 cor

1276 1530 1349 1550 non
1376 1518 1599 1560 obtemperat
1622 1515 1697 1548 sine
1721 1515 1969 1559 persuasione,
2012 1516 2046 1548 id
2074 1523 2143 1555 est,
2186 1517 2261 1551 sine

1276 1570 1476 1602 ostensione
1505 1567 1590 1600 boni
1615 1566 1780 1605 alicuius,
1824 1573 1857 1599 et
1880 1567 2102 1611 obtemperat
2127 1580 2201 1601 non
2225 1575 2263 1600 ut

1275 1633 1415 1658 sertus,
1440 1632 1501 1653 seu
1525 1626 1563 1652 ut
1587 1619 1752 1657 brutum,
1781 1618 1841 1650 sed
1865 1619 2094 1662 persuasione
2112 1626 2263 1657 motum,

1276 1678 1314 1704 ut
1340 1671 1516 1715 sapientes
1538 1677 1571 1702 et
1598 1669 1700 1701 liberi
1727 1669 1829 1702 eiu-s.
1886 1670 1928 1702 Ut
1956 1670 1990 1702 in
2007 1669 2169 1703 Varrone
2187 1671 2264 1703 lati-

1277 1728 1373 1755 tante
1400 1734 1460 1755 cor
1483 1734 1557 1753 non
1582 1720 1727 1764 deponit
1751 1727 1905 1760 metum,
1941 1723 2053 1753 donec
2076 1721 2174 1754 audit
2199 1722 2266 1755 sibi

1277 1774 1375 1818 parci
1391 1774 1434 1806 ab
1450 1772 1609 1805 Antonio
1623 1772 1666 1816 3).
1696 1772 1790 1804 Haec
1807 1772 2007 1805 obedientia
2029 1773 2265 1816 praestantior

1277 1832 1327 1857 est
1344 1837 1451 1870 quam
1470 1825 1579 1857 altera
1599 1823 1753 1861 serxilis,
1782 1830 1815 1855 et
1840 1830 1889 1856 est
1907 1823 2022 1867 imago
2050 1837 2152 1857 verae
2169 1825 2266 1858 iusti-

1278 1877 1365 1916 tiae,
1393 1883 1425 1908 et
1443 1888 1515 1908 non
1533 1873 1785 1920 hypocriticae.

1309 2015 1339 2047 2)
1360 2015 1523 2054 appetitiva]
1542 2013 1581 2038 sic
1601 2015 1667 2038 Edd.
1691 2015 1766 2038 1550.
1786 2017 1813 2038 et
1834 2015 1926 2044 1554.;
1951 2015 2019 2038 Edd.
2046 2014 2120 2038 1557.
2139 2016 2166 2038 ct
2193 2016 2266 2039 1560.

1343 2054 1479 2080 appetivit.

1309 2100 1339 2133 3)
1361 2101 1427 2125 Cum
1447 2100 1587 2131 Octavius,
1606 2100 1757 2124 Antonius.
1778 2103 1804 2124 et
1824 2101 1940 2130 Lepidus·
1958 2106 1983 2124 a.
2003 2107 2028 2124 u.
2050 2101 2110 2125 711.
2130 2100 2157 2124 in
2176 2101 2266 2124 insuta

1345 2136 1459 2166 ‹piadani
1478 2135 1563 2157 certis
1582 2135 1749 2164 pactionibus
1769 2142 1799 2158 se
1814 2135 2032 2163 coniunxissent,
2053 2136 2163 2159 Romam
2177 2136 2266 2159 redic-

1344 2173 1418 2194 runt.
1438 2169 1481 2192 utri
1499 2171 1578 2198 rapta
1597 2169 1788 2195 (luminatione,
1808 2170 1895 2193 edicta.
1909 2170 2118 2199 proscriptionis
2130 2170 2266 2193 adversus

1346 2204 1468 2228 inimicos
1488 2210 1553 2226 suos
1572 2206 1790 2233 proposuerunt,
1810 2206 1927 2234 suntque
1942 2204 2034 2227 statim
2049 2204 2142 2233 plures
2162 2204 2266 2227 nobiles

1347 2239 1398 2262 viri
1427 2238 1572 2262 interfecti.
1626 2238 1687 2260 Fuit
1709 2241 1799 2262 autein
1826 2239 1897 2262 inter
1921 2239 2092 2269 proscriptos
2118 2239 2145 2261 et
2173 2238 2265 2261 Varro

1346 2273 1523 2304 philosophus
1563 2274 1589 2295 et
1635 2273 1785 2296 historicus
1801 2291 1808 2301 ,
1847 2273 1892 2303 qui
1936 2275 2047 2302 propter
2085 2272 2265 2296 nobilitatem.

1346 2310 1464 2332 aetatem
1483 2310 1509 2330 et
1535 2307 1713 2331 eruditionem
1740 2308 1811 2331 inter
1836 2309 1998 2337 praecipuos
2024 2309 2171 2330 senatores
2197 2310 2265 2330 erat.

1347 2344 1424 2366 Hunc
1443 2342 1514 2365 atius
1534 2341 1640 2371 quidam
1660 2344 1773 2365 senatui·
1792 2342 1890 2365 Fusius
1909 2342 2046 2367 catenus.
2066 2341 2176 2364 Antonii
2196 2342 2265 2364 anii-

1347 2384 1411 2403 cus,
1438 2377 1463 2399 in
1484 2376 1566 2399 aedes
1587 2382 1652 2399 snas
1677 2377 1747 2400 clani
1772 2376 1889 2406 recepit,
1914 2379 1940 2399 et
1966 2376 2071 2405 aliquot
2096 2381 2206 2399 menses
2232 2376 2265 2399 itu·

1348 2411 1514 2436 recondidit,
1546 2417 1600 2433 non
1625 2411 1774 2434 deterritus
1798 2411 1911 2435 Antonii
1936 2410 2075 2434 iracundia
2099 2410 2144 2433 vel
2168 2410 2264 2434 edicto.

1349 2447 1406 2469 110⁴:
1426 2448 1548 2474 tempore
1573 2451 1631 2467 euni
1650 2445 1697 2468 alii
1719 2445 1826 2474 expulsi
1850 2445 1951 2475 passini
1976 2447 2157 2475 necarentur,
2183 2450 2266 2474 saepe

1348 2480 1483 2503 Antonius
1502 2479 1529 2502 in
1551 2479 1646 2503 Caleni
1664 2480 1770 2503 donnini
1791 2480 1885 2510 venit,
1904 2482 1932 2502 ut
1950 2479 2020 2508 apud
2038 2479 2151 2503 amicum
2169 2479 2266 2502 convi-

1349 2518 1470 2538 varetur.
1507 2514 1541 2536 Et
1561 2516 1649 2537 tannen
1668 2514 1759 2537 Varro
1787 2514 1822 2537 ihi
1841 2516 1898 2537 tuto
1923 2514 2034 2537 latebat.
2070 2513 2187 2536 Tandem
2207 2520 2264 2536 cuni

1347 2550 1453 2572 videret
1474 2547 1592 2572 Calenus
1612 2548 1754 2572 saevitiam
1781 2548 1992 2578 proscriptionis
2016 2547 2168 2577 mitigatam
2192 2554 2266 2572 esse.

1350 2586 1377 2607 et
1395 2583 1541 2606 Antoniani
1564 2583 1767 2612 placabiliorem
1791 2583 1906 2609 fat-tuni,
1935 2583 2096 2612 deprecatur
2120 2588 2170 2612 pro
2189 2582 2264 2605 Var-

1349 2624 1435 2648 rone,
1460 2620 1486 2640 et
1511 2617 1614 2640 fatetur
1639 2623 1655 2640 a
1680 2623 1710 2640 se
1735 2617 1844 2641 interim
1870 2618 2034 2640 occultatum
2052 2623 2124 2640 esse.
2160 2617 2265 2640 Laudat

1349 2651 1484 2676 Antonius
1498 2651 1593 2675 caleni
1612 2651 1699 2680 fidem,
1718 2651 1824 2674 etianisi
1843 2654 1940 2675 contra
1954 2651 2068 2675 edictum
2083 2651 2264 2680 proscriptio-

1349 2688 1392 2710 nis
1412 2687 1530 2712 fecerat,
1551 2687 1579 2709 et
1591 2686 1711 2709 vari-oni
1730 2687 1812 2709 vitain
1833 2686 1925 2710 donat.
1945 2692 2056 2715 euinque
2076 2685 2102 2708 in
2121 2685 2264 2714 pristinam

1350 2721 1510 2751 dignitatem
1537 2720 1666 2743 restituit.
1708 2720 1769 2744 t'id.
1789 2721 1902 2751 Appian.
1924 2722 2036 2745 Boninn.
2062 2720 2157 2744 histor.
2186 2719 2263 2743 riv.

1350 2763 1376 2786 p.
1390 2755 1441 2779 616
1456 2761 1496 2784 επι,
1516 2754 1556 2778 ed.
1577 2755 1608 2779 fl.
1630 2755 1768 2785 stephani.
