2347 3000
59 134 131 171 185

58 221 137 268 (40,
152 221 222 267 4.);
259 220 439 254 Videbunt
453 220 575 262 multi,
604 227 638 254 ct
652 220 848 262 timebunt,
876 227 911 255 et
927 233 1045 266 spera-

58 275 147 307 bunt
165 274 201 306 in
217 272 386 306 Domino.

136 362 245 402 Quae
273 362 362 393 sunt
391 368 530 392 causae
561 359 754 393 actionum
790 356 972 393 virtutis?

158 426 363 460 Aristoteles
381 426 547 459 virtutem
564 427 727 459 nominat
743 424 915 460 habitum.
956 425 1046 458 Con-

60 485 128 513 stat
161 484 278 510 autem
315 475 502 511 habituum
537 490 658 511 causas
696 490 768 511 esse
799 476 1047 510 couvenientes

59 529 225 563 actiones.
284 528 422 562 Deinde
446 541 584 562 necesse
612 535 681 569 est,
717 529 841 574 quaeri
865 528 1044 561 actionum

57 580 245 614 efficientes
262 587 295 613 et
312 581 519 614 adiuvantes
536 593 674 621 causas,
703 581 758 613 vel
776 580 885 621 αἴτια,
915 576 1046 614 συναί-

58 644 139 674 τια,
170 638 205 664 et
230 629 404 678 συνεργοί.

158 682 357 717 Efficientes
393 694 516 716 causae
546 681 789 727 propinquae,
840 693 901 714 seu
931 680 1042 721 αἴτια,

57 735 250 768 secundum
289 731 550 779 philosophiam
586 739 668 766 sunt
702 739 838 765 rectum
874 731 1044 765 iudicium

57 786 204 825 mentis,
232 792 266 818 et
289 786 398 818 llbera
422 785 604 824 voluntas,
639 784 806 817 obediens
831 789 928 816 recto
955 782 1045 815 iudi-

58 837 123 871 cio.
172 836 348 870 Usitatum
367 843 417 869 est
433 841 551 869 autem
566 847 693 868 vocare
710 841 843 869 rectum
863 834 1044 873 iudicium,

57 888 234 920 dictamen
260 893 375 920 rectae
400 887 569 927 rationis,
610 888 706 932 quod
732 893 782 920 est
806 887 860 919 lex
884 892 1044 925 naturae,

58 945 91 972 et
107 938 195 971 aliae
213 938 304 981 leges
324 945 558 982 congruentes
575 950 655 971 cum
672 944 768 971 recto
787 937 917 971 iudicio
942 943 1044 969 natu-

56 989 124 1022 rali
139 995 172 1022 et
190 989 310 1022 divina
330 990 417 1034 lege.
472 990 585 1033 Supra
605 995 721 1023 autem
746 989 837 1029 dixi,
866 986 931 1021 hoc
955 988 1044 1021 iudi-

57 1040 149 1074 cium
183 1047 319 1074 rectum
348 1053 441 1081 esse,
475 1041 567 1086 ‚quia
604 1040 768 1085 congruit
803 1052 882 1073 cum
916 1051 1042 1072 norma

55 1098 198 1125 aeterna
215 1099 249 1125 et
265 1092 426 1132 immota,
455 1104 545 1138 quae
563 1098 613 1125 est
630 1092 666 1124 in
685 1097 802 1124 mente
822 1091 955 1131 divina,
983 1102 1044 1135 pa-

54 1144 180 1177 tefacta
196 1143 232 1176 in
252 1144 432 1188 decalogo.
485 1143 595 1188 Saepe
615 1143 709 1176 enim
725 1142 811 1176 alias
826 1142 959 1175 dictum
982 1148 1044 1181 est,

55 1195 166 1239 legem
191 1201 358 1235 naturae,
392 1194 557 1228 notitiam
586 1194 682 1227 illam
708 1207 781 1227 esse
806 1194 847 1226 de
872 1193 1044 1232 moribus,

56 1253 309 1290 congruentem
327 1259 406 1280 cum
422 1252 539 1279 mente
560 1245 700 1286 divina,
726 1246 900 1289 patefacta
925 1244 962 1276 in
984 1245 1043 1277 de-

58 1298 194 1341 calogo.

156 1348 276 1381 Altera
294 1359 397 1382 causa
415 1354 466 1381 est
483 1348 666 1387 voluntas,
693 1348 736 1380 de
760 1346 857 1380 cuius
879 1346 1042 1379 libertate

55 1406 176 1445 postea
200 1399 366 1433 dicemus.
429 1399 493 1432 Est
518 1399 611 1431 enim
639 1405 673 1431 et
696 1399 839 1431 libertas
863 1397 1041 1440 singulare

55 1453 189 1484 donum
205 1450 271 1483 Dei
293 1450 329 1482 in
351 1456 478 1483 natura
504 1450 738 1493 intelligente,
767 1455 800 1481 et
819 1460 900 1493 pars
918 1448 1041 1491 imagi-

54 1502 109 1535 nis
135 1501 201 1533 Dei
224 1501 261 1532 111
284 1498 448 1540 homine,
488 1512 527 1533 ac
551 1501 626 1533 vult
647 1500 741 1533 Deus
764 1500 940 1545 reliquam
968 1511 1040 1532 esse

54 1553 211 1598 aliquam
236 1551 455 1592 libertatem,
482 1558 521 1585 ut
543 1551 719 1585 assuefieri
744 1549 906 1584 homines
932 1556 966 1583 et
990 1550 1040 1583 di-

54 1603 199 1648 sciplina
216 1603 291 1647 regi
310 1603 458 1647 possint.
502 1602 576 1636 11110
596 1609 635 1637 ut
653 1609 775 1647 postea
798 1602 904 1635 etiam
924 1601 1040 1635 renati

54 1656 147 1688 dona
164 1654 232 1687 Dei
249 1655 436 1688 retineant.

157 1706 290 1739 Causae
315 1705 540 1745 adiuvantes,
574 1705 629 1738 vel
652 1701 824 1739 συναίτια
849 1710 931 1738 sunt
954 1702 1041 1737 haec

54 1757 141 1797 tria,
169 1757 348 1798 doctrina,
376 1757 555 1790 naturales
579 1757 749 1800 impetus,
786 1763 819 1789 et
844 1756 1041 1800 disciplina.

56 1808 153 1842 Sicut
178 1809 273 1842 enim
303 1808 340 1841 in
371 1808 505 1841 artibus
529 1820 617 1851 opus
640 1814 690 1841 est
714 1805 768 1840 1115
791 1807 1041 1840 adiuvantibus

55 1860 188 1901 causis,
222 1860 268 1892 ita
295 1866 327 1893 et
350 1859 387 1892 in
413 1859 583 1892 moribus.
643 1858 757 1892 Nemo
782 1859 856 1892 sine
879 1859 1038 1891 doctrina

56 1911 157 1944 discit
171 1909 493 1944 architectonicam.
532 1910 606 1943 Etsi
624 1909 717 1943 enim
735 1916 862 1943 natura
881 1917 1041 1943 tenemus

55 1962 231 2007 principia
263 1963 456 2008 quaedam,
492 1968 612 1994 tamen
636 1961 715 1994 illae
740 1961 836 2005 ipsae
860 1962 1040 1995 naturales

55 2013 202 2047 notitiae
219 2014 462 2047 exuscitandae
478 2020 511 2046 et
526 2013 753 2047 illustrandae
769 2019 851 2046 sunt
868 2013 1040 2046 doctrina.

56 2065 175 2110 Quare
194 2065 288 2098 iniis
305 2065 486 2109 gentibus,
518 2064 580 2097 ubi
603 2064 784 2097 doctrinae
807 2065 866 2097 lux
888 2064 1039 2097 extincta

55 2117 141 2157 fuit,
168 2123 230 2150 aut
252 2114 366 2150 adhuc
384 2116 533 2149 extincta
553 2122 621 2156 est,
651 2116 836 2149 obscurata
857 2122 908 2149 cst
926 2123 960 2149 et
978 2128 1040 2149 na-

56 2167 179 2202 turalis
196 2167 342 2207 notitia,
370 2173 408 2201 ut
424 2167 698 2201 Lacedaemonii
717 2167 958 2201 concedebant
979 2180 1040 2213 pa-

57 2219 139 2254 cisci
155 2231 234 2253 cum
251 2219 328 2252 viro
346 2219 387 2251 de
404 2231 525 2253 uxore.

158 2269 242 2304 Ideo
259 2277 292 2304 et
306 2270 401 2304 Deus
416 2283 477 2304 sua
494 2282 579 2302 voce
594 2269 706 2312 legem
724 2270 975 2314 prormilgavit,
1002 2277 1039 2304 ut

58 2333 261 2368 quanquam
279 2328 355 2355 erat
370 2322 497 2366 scripta
517 2322 552 2353 in
568 2327 692 2353 natura
706 2348 715 2361 ,
742 2328 861 2354 tamen
877 2334 962 2355 voce
979 2323 1040 2355 do-

59 2373 192 2406 ctrinae
218 2374 437 2414 traderetur,
472 2378 709 2417 repeteretur,
747 2379 781 2406 et
805 2373 1040 2407 inculcaretur

58 2421 280 2465 hominibus,
304 2431 338 2458 et
354 2431 487 2458 extaret
512 2423 754 2457 testimonium
777 2424 969 2459 illustribus
992 2432 1040 2458 te-

59 2475 232 2509 stimoniis
241 2476 476 2521 propositum,
493 2475 637 2509 notitias
653 2476 831 2509 naturales
846 2488 1040 2520 congruen-

59 2533 111 2560 tes
135 2539 214 2559 611111
234 2527 293 2560 illa
318 2540 403 2561 voce
426 2527 566 2568 divina,
601 2527 713 2570 legem
739 2526 806 2560 Dei
830 2540 914 2562 esse.
990 2528 1039 2561 Ac

58 2577 253 2611 Deuteron.
279 2578 319 2619 6,
346 2579 415 2625 (7.)
438 2580 566 2612 diserte
591 2577 736 2611 dicitur:
763 2578 875 2612 Acues
900 2591 939 2612 ea
961 2579 1039 2613 filiis

58 2629 148 2669 tuis,
173 2629 209 2661 id
232 2635 301 2670 est,
327 2642 400 2663 non
426 2632 542 2664 trades
567 2635 655 2663 tecta
679 2629 863 2674 squalore,
887 2631 941 2663 vel
966 2643 1039 2664 non

59 2680 276 2725 negligenter
292 2682 428 2722 trades,
452 2683 513 2716 sed
529 2682 649 2714 limata
668 2687 702 2712 et
718 2680 889 2715 illustrata
908 2694 1039 2728 propo-

56 2743 136 2773 nes,
162 2738 317 2776 repetes,
345 2745 462 2767 severe
478 2733 592 2778 exiges
608 2731 841 2776 disciplinam.

602 132 644 169 11.
695 132 904 168 ETHICAE
937 133 1218 171 DOCTRINAE
1253 133 1530 170 ELEMENTA.

2012 137 2084 172 186

1199 222 1320 256 Altera
1337 222 1509 255 adiuvans
1521 232 1624 255 causa
1642 227 1692 255 est
1703 222 1874 256 naturalis
1891 221 2089 257 inclinatio.

1106 273 1239 307 Verum
1268 280 1319 308 est
1342 274 1455 313 enim,
1492 273 1638 307 virtutes
1668 273 1842 306 {tristiores
1866 273 1939 306 fieri
1964 274 1997 305 in
2025 272 2090 311 his,

1101 325 1160 369 qui
1190 338 1209 357 a
1239 332 1367 359 natura
1399 325 1626 358 adiuvantur.
1696 324 1741 357 Ut
1767 324 1912 365 musici,
1952 327 2090 368 poetae,

1102 376 1252 419 pictores
1270 376 1466 410 foeliciores
1486 382 1586 416 sunt,
1614 388 1702 421 quos
1728 382 1854 408 natura
1882 376 2022 409 adimat
2056 376 2088 408 in

1101 427 1266 471 operibus
1282 426 1408 460 harum
1426 428 1574 461 artium:
1603 428 1650 460 ita
1670 427 1929 465 inAlexandro,
1946 426 2032 459 lulio
2044 427 2089 463 ³¹²>

1100 479 1326 511 excellentior
1351 485 1401 512 est.
1418 480 1609 519 fortitudo,
1638 479 1718 524 quia
1738 479 1918 512 naturales
1938 478 2089 522 impetus

1100 527 1243 569 habent,
1263 530 1318 562 xel
1336 530 1495 563 incendia
1516 531 1646 575 potius,
1667 542 1756 575 quae
1775 536 1857 564 sunt
1874 528 2001 563 harum
2021 543 2033 560 x
2046 530 2089 562 ir-

1100 587 1214 614 tutum
1238 579 1421 616 συναίτια.

1200 632 1399 665 Discrimen
1417 638 1532 665 autem
1550 630 1615 665 hoc
1639 633 1717 664 loeo
1736 632 1907 666 virtutum
1930 630 2089 665 heroica-

1098 695 1177 716 rum
1203 690 1236 716 et
1256 683 1500 716 communium
1535 683 1830 716 considerandum
1859 691 1919 717 est.
1998 683 2089 717 vNam

1098 732 1261 767 heroicae
1287 735 1474 773 dicuntur,
1502 746 1591 779 quae
1618 734 1653 766 111
1678 736 1926 769 excellentibus
1952 735 2089 768 naturis

1098 784 1231 818 habent
1256 787 1418 819 ardentes
1449 786 1612 829 impetus.
1692 786 1907 819 Communes
1938 793 2019 819 sunt
2052 786 2087 818 in

1098 837 1355 876 mediocribus,
1391 849 1465 869 non
1496 836 1705 870 monstrosis
1739 835 1961 876 bominibus,
2005 837 2087 882 quia

1099 889 1204 921 etiam
1220 889 1415 921 mediocres
1433 894 1581 921 naturae
1598 900 1670 920 non
1687 894 1922 926 monstrosae,
1939 888 2029 921 flecti
2045 890 2087 920 ad

1098 940 1265 973 111-11116111
1284 940 1445 973 doctrina
1470 946 1503 972 et
1520 939 1775 973 assuefactione
1800 946 1968 983 possunt,
2005 940 2087 984 quia

1098 991 1192 1025 Deus
1212 992 1287 1024 vult
1303 989 1393 1024 lianc
1419 989 1605 1024 hominum
1631 997 1796 1024 naturam
1823 1003 1985 1035 capacem
2015 1004 2086 1024 esse

1098 1043 1281 1076 doctrinae
1300 1049 1333 1076 et
1350 1043 1533 1076 virtutum.
1587 1042 1756 1087 Quaestio
1776 1049 1825 1076 est
1843 1049 1973 1081 autem,
1994 1043 2087 1074 unde

1097 1095 1168 1128 sint
1180 1093 1267 1127 haec
1282 1100 1491 1127 naturarum
1510 1094 1727 1128 discrimina.
1779 1094 1910 1127 Paulus
1926 1094 2038 1126 bonas
2056 1100 2087 1125 et

1096 1146 1237 1180 soelices
1254 1145 1503 1178 inclinationes
1528 1151 1632 1178 xocat
1660 1147 1753 1178 dona
1771 1144 1850 1178 Dei.
1905 1145 1973 1178 Sed
2002 1142 2086 1189 phy-

1096 1197 1157 1230 sici
1176 1210 1297 1231 causas
1310 1197 1347 1229 in
1365 1203 1648 1240 temperamento
1664 1195 1915 1242 (11111611111153),
1931 1202 1963 1229 et
1976 1195 2089 1228 mani-

1096 1249 1222 1282 festum
1241 1254 1308 1288 est,
1336 1254 1616 1291 temperamenta
1641 1254 1674 1281 et
1699 1248 1948 1281 inclinationes
1966 1247 2087 1292 aliquo

1096 1301 1205 1332 modo
1229 1312 1308 1332 611111
1333 1299 1440 1332 stellis
1466 1311 1673 1343 congruere.
1739 1299 1860 1343 Quare
1888 1311 1960 1331 non
1988 1298 2088 1331 dubi-

1098 1352 1245 1384 tandum
1278 1356 1346 1389 est,
1379 1350 1560 1383 stellarum
1586 1350 1721 1383 lumine
1753 1350 1892 1383 misceri
1914 1356 2088 1393 tempera-

1095 1408 1214 1434 menta
1233 1407 1266 1434 et
1284 1401 1426 1434 accendi
1442 1401 1702 1435 inclinationes.

1411 1483 1470 1517 De
1507 1484 1772 1529 disciplina.

1197 1551 1319 1584 Tertia
1346 1563 1449 1585 causa
1475 1551 1648 1585 adiuvans
1673 1559 1724 1586 est
1749 1551 1956 1596 disciplina,
1985 1565 2086 1597 quae.

1094 1608 1131 1636 ut
1151 1599 1218 1635 hoc
1235 1603 1315 1635 loco
1331 1603 1543 1636 vocabulum
1560 1610 1773 1648 usurpatur,
1802 1610 1851 1637 est
1869 1604 2088 1641 assuefactio,

1095 1666 1185 1699 quae
1204 1654 1308 1687 estin
1326 1660 1499 1698 potestate
1526 1652 1706 1688 humanae
1733 1656 1947 1695 voluntatis,
1982 1662 2013 1688 61
2039 1662 2087 1688 est

1094 1705 1277 1738 doctrinae
1295 1706 1474 1749 cogitatio,
1493 1712 1526 1738 et
1542 1706 1753 1750 gubernatio
1771 1707 2008 1739 locomotix'ae
2026 1719 2085 1739 seu

1095 1763 1323 1789 externorum
1342 1758 1600 1798 membrorum,
1619 1770 1662 1790 ne
1681 1765 1786 1791 ruant
1804 1758 1841 1790 in
1857 1759 1986 1792 scelera
2005 1770 2086 1790 con-

1095 1814 1148 1840 tra
1168 1808 1431 1847 conscientiam,
1450 1815 1483 1841 et
1501 1815 1549 1842 est
1559 1809 1938 1853 mediocrisdiligentia
1950 1809 2086 1842 x‘itandi

1095 1860 1276 1893 illecebras
1294 1866 1328 1892 et
1346 1860 1559 1900 occasiones,
1588 1860 1676 1894 sicut
1693 1861 1894 1894 amantibus
1913 1860 2086 1905 praecipi-

1095 1917 1164 1951 tur,
1180 1918 1219 1944 ut
1236 1911 1417 1944 discedant
1433 1923 1473 1944 ex
1491 1911 1577 1945 locis
1592 1912 1653 1945 ubi
1670 1919 1803 1951 amant,
1820 1913 1913 1945 iuxta
1927 1924 2084 1945 versum:

1094 1963 1278 2006 Quantum
1295 1963 1404 1996 oculis
1414 1963 1534 1995 animo
1544 1969 1616 1996 tam
1629 1964 1752 2007 procul
1764 1963 1829 1996 ibit
1840 1975 1951 1997 amor.
1980 1962 2083 1996 Item:

1094 2014 1215 2047 Vitare
1233 2020 1395 2058 peccata,
1419 2021 1469 2047 est
1491 2014 1602 2048 vitare
1628 2015 1829 2049 occasiones
1847 2022 2085 2059 peccatorum.

1093 2064 1196 2098 Item:
1226 2065 1297 2111 Qui
1315 2071 1409 2098 amat
1427 2066 1637 2110 periculum,
1653 2066 1782 2110 peribit
1799 2067 1835 2099 in
1852 2067 1923 2100 illo.
1952 2066 1995 2099 Et
2010 2079 2083 2098 ma-

1094 2118 1259 2151 nifestum
1279 2123 1329 2150 est
1346 2117 1541 2150 multorum
1558 2130 1677 2151 mores
1696 2118 1798 2152 malis
1815 2117 1988 2151 sodalitiis
2007 2129 2082 2149 cor-

1094 2169 1223 2213 rumpi.
1277 2169 1396 2214 Quare
1406 2169 1537 2202 Paulus
1552 2169 1637 2202 dicit
1647 2169 1697 2215 (1.
1710 2169 1791 2203 Cor.
1806 2168 1864 2210 15,
1882 2169 1975 2214 33.):
1997 2168 2082 2202 Cor-

1094 2221 1390 2265 rumpuntbonos
1407 2233 1524 2254 mores
1535 2221 1708 2266 colloquia
1721 2233 1843 2265 prava.
1868 2220 1911 2253 lji
1920 2217 2082 2264 ,acutuli

1096 2272 1228 2305 dictum
1244 2272 1288 2305 sit
1304 2278 1446 2305 notum:
1471 2269 1582 2307 οὐδὲν
1599 2269 1729 2306 κάκιον
1747 2270 1888 2316 ὁμιλίας
1904 2271 2082 2316 κιικῆς51).

1092 2323 1138 2356 Et
1154 2329 1254 2356 vetus
1274 2330 1502 2368 praeceptum
1521 2329 1570 2356 est
1589 2323 1769 2355 cuiusdam
1789 2322 1880 2356 senis
1897 2322 2080 2355 eremitae:

1094 2372 1244 2421 ὁρΙιιόξει
1266 2377 1319 2421 τῷ
1352 2375 1522 2422 ἐγκρατεῖ
1544 2372 1606 2408 καὶ
1638 2371 1724 2412 τοὺς
1757 2373 1889 2418 ὄχλους
1919 2370 2082 2421 φεύγειν,

1091 2426 1154 2460 ἵνα
1170 2424 1236 2460 τὸν
1253 2428 1347 2461 νοῦν
1363 2424 1639 2473 ἀπερίσπαστον
1656 2424 1730 2470 ἔχῃ,
1745 2423 1807 2459 καὶ
1823 2423 1891 2470 τὴν
1909 2421 2081 2459 διάνοιαν

1126 2552 1174 2579 52)
1195 2552 1259 2575 lulio
1280 2551 1409 2575 Caesare.

1127 2596 1174 2621 53)
1195 2596 1343 2624 quaerunt]
1364 2595 1403 2617 sic
1423 2594 1488 2617 Edd.
1510 2593 1582 2617 1557.
1602 2595 1627 2617 et
1649 2594 1740 2623 1560.;
1768 2593 1834 2616 Edd.
1861 2592 1934 2616 1550.
1954 2594 1979 2616 et
2008 2593 2081 2616 1554.

1160 2630 1285 2659 querunt.

1123 2673 1172 2701 54)
1193 2671 1321 2701 Aeschyl.
1343 2671 1450 2700 Septem
1470 2671 1531 2694 adv.
1553 2671 1633 2694 Theb.
1652 2671 1703 2694 584
1723 2678 1762 2700 sq.
1785 2671 1840 2696 (cd.
1862 2671 1992 2697 Scluuzi:

1240 2710 1287 2737 ’El'
1305 2712 1386 2736 Πάντι
1405 2709 1505 2745 πρίῖγὲι
1525 2709 1553 2737 δ’
1573 2710 1631 2737 ἔσθ’
1652 2712 1759 2745 ὁμιλίας
1778 2712 1859 2741 κακῆς

1245 2746 1350 2772 Κάκιον
1369 2744 1459 2772 οὐδέν.
