2347 3000
237 151 284 186 59

235 235 424 279 largiendis
441 234 554 268 tenuis
570 232 697 279 aliquis
713 232 811 265 dabit
833 242 1012 275 grossum,
1040 229 1100 263 sed
1118 229 1213 261 locu-

234 288 362 332 pletior
378 286 476 319 dabit
492 285 643 330 amplius
659 296 725 329 pro
743 282 977 316 facultatibus.
1013 281 1089 314 Hoc
1103 280 1212 312 modo

235 339 310 373 vult
333 338 527 371 multarum
548 335 823 380 proportionum
847 332 1034 365 collatione
1056 331 1213 364 medium

236 389 412 423 constitui.
465 387 654 421 Dissimilis
679 391 729 420 est
751 384 852 418 Fabii
878 390 911 416 et
933 382 1093 417 Marcelli
1115 382 1215 416 sorti-

236 442 333 475 tudo.
384 439 537 472 'Videbat
553 438 682 471 Fabius
700 448 772 469 non
796 447 868 468 esse
886 441 1029 479 tyrones
1049 433 1216 467 obiicien-

236 493 300 526 dos
315 490 360 536 71)
389 489 517 523 victori
545 496 579 523 et
602 495 769 521 veterano
802 485 969 519 exercitui
995 485 1217 525 Hannibalis,

236 542 445 588 praesertim
463 553 541 574 cum
561 546 648 573 esset
665 543 888 571 consternata
903 543 937 570 et
949 535 1117 572 exhausta
1135 536 1218 570 civi-

236 602 302 633 tas,
329 600 365 626 at
381 591 568 626 Marcellus
583 591 767 635 aliquanto
783 595 876 633 post,
904 600 984 622 cum
1000 589 1122 622 civitas
1139 588 1218 633 plus

237 644 349 678 animi
366 650 400 676 et
416 643 545 675 virium
562 639 727 679 baberet,
754 652 940 685 nunquam
949 640 995 686 ⁷²)
1012 638 1220 673 detrectavit

237 707 413 740 pugnam,
440 693 628 726 accedebat
651 691 747 724 enim
779 689 846 724 hoc
871 703 1033 737 quoque,
1060 697 1100 725 ut
1124 702 1220 724 exer-

237 748 325 779 citus
357 744 567 777 Hannibalis
597 750 681 777 tunc
710 749 799 776 esset
825 742 1049 785 languidior,
1085 748 1119 775 et
1150 742 1221 775 dux

238 798 309 842 ipse
334 802 423 830 esset
448 795 581 829 invisus
609 800 756 839 propter
778 794 963 838 perfidiam
983 800 1018 828 et
1034 793 1222 827 crudelita-

236 856 319 883 tem.
379 848 597 892 Quanquam
622 845 730 889 igitur
758 852 908 891 uterque
934 846 1001 879 fuit
1022 845 1144 885 fortis,
1170 850 1223 877 ta-

238 911 318 932 men
341 899 430 932 alter
454 904 505 931 est
530 897 656 930 timido
680 896 845 941 propior,
879 896 968 930 alter
991 896 1134 936 audaci,
1161 895 1222 929 scd

235 957 386 996 uterque
417 955 535 983 servat
566 948 723 981 medium
753 960 819 992 pro
850 948 1103 992 proportione,
1139 946 1222 992 quia

238 1003 326 1036 sicut
355 1008 516 1045 tempora
533 999 636 1032 Fabii
658 1000 886 1044 postulabant
907 999 1148 1032 contationem
1165 997 1223 1043 ⁷³),

238 1054 285 1087 sic
316 1059 435 1096 postea
462 1050 747 1085 circumstantiae
776 1050 985 1094 flagitabant
1000 1050 1044 1095 74)
1079 1049 1225 1083 dimica-

238 1106 385 1137 tionem.
427 1103 596 1146 Exempla
619 1108 768 1146 possunt
785 1101 972 1135 innumera
992 1101 1120 1145 colligi.
1156 1100 1225 1134 Sed

238 1170 279 1189 ex
312 1153 382 1195 his,
412 1167 501 1199 quae
535 1153 699 1193 recitavi,
727 1153 810 1186 satis
836 1159 1005 1196 apparet,
1041 1151 1223 1197 quomodo

238 1207 329 1240 hanc
345 1204 626 1239 mediocritatem
648 1203 787 1237 varient
804 1203 1101 1237 circumstantiae.
1136 1203 1225 1235 Pro-

239 1258 430 1302 pemodum
455 1256 501 1288 ita
520 1255 648 1288 medici
664 1260 841 1300 quaerunt
856 1254 1139 1287 mediocritatem
1151 1280 1159 1292 ,
1186 1258 1225 1285 ut

238 1322 317 1342 cum
349 1320 415 1353 pro
447 1306 680 1351 proportione
715 1305 791 1338 aliis
816 1305 1026 1348 corporibus
1053 1302 1224 1348 praescri-

238 1362 326 1393 bunt
360 1357 544 1397 exercitia,
580 1356 658 1390 aliis
689 1356 855 1401 quietem.
907 1354 954 1387 Et
983 1353 1224 1388 iurisconsulti

238 1422 341 1454 saepe
366 1409 535 1452 colligunt
558 1407 713 1440 medium
735 1419 776 1439 ex
793 1405 1085 1445 circumstantiis,
1114 1410 1148 1437 et
1164 1402 1225 1436 ha-

239 1474 317 1495 rum
336 1461 460 1494 volunt
476 1458 599 1492 haberi
614 1458 790 1491 rationem
803 1483 812 1497 ,
831 1469 911 1489 cum
928 1457 1051 1489 iubent
1067 1455 1224 1488 medium

239 1512 332 1546 sumi
364 1512 402 1546 ἐν
426 1507 564 1544 πλάτει.
618 1508 707 1542 Illud
739 1514 857 1541 autem
887 1508 1043 1550 cogitent
1064 1506 1226 1545 studiosi,

239 1569 412 1610 quantum
431 1562 571 1594 landem
588 1566 768 1593 mereatur
782 1558 1001 1598 Aristoteles,
1024 1558 1121 1604 quod
1135 1569 1226 1591 unus

239 1614 399 1649 definivit
420 1613 566 1645 virtutes
592 1623 663 1645 esse
686 1610 960 1644 mediocritates.
1045 1609 1109 1643 Est
1129 1608 1225 1641 enim

241 1665 465 1701 utilissimum
482 1663 574 1696 vitae
596 1662 772 1696 assuefieri
796 1659 958 1694 homines
975 1662 1020 1694 ad
1038 1661 1226 1694 moderan-

240 1719 304 1752 dos
319 1717 471 1760 impetus
487 1715 690 1747 animorum
709 1720 743 1747 et
759 1712 861 1759 quasi
882 1713 985 1745 freno
1003 1712 1097 1745 intra
1114 1717 1226 1745 certas

241 1775 351 1802 metas
369 1765 595 1800 cohibendos.
634 1765 698 1799 Est
716 1771 750 1798 et
766 1764 1002 1797 eruditissime
1021 1763 1227 1807 cogitatum,

243 1821 389 1853 virtutes
407 1830 479 1852 esse
498 1816 770 1850 mediocritates.
811 1815 903 1850 Nam
921 1815 1070 1848 formale
1087 1813 1228 1847 virtutis

242 1878 291 1906 est
310 1871 418 1915 ipsius
436 1869 580 1902 affectus
595 1867 816 1907 moderatio,
843 1873 882 1900 ut
896 1865 1117 1900 fortitudinis
1136 1865 1226 1897 actio

243 1929 293 1957 est
312 1923 385 1966 ipsa
409 1920 553 1966 pavoris
576 1919 795 1958 moderatio,
824 1924 885 1951 aut
904 1930 979 1951 non
1002 1917 1227 1951 succumbere

242 1973 378 2013 dolori,
413 1984 487 2005 non
511 1969 733 2015 permoveri,
770 1975 809 2002 ut
832 1976 956 2003 contra
976 1975 1143 2002 naturam
1168 1973 1229 2001 aut

243 2025 412 2059 iustitiam
434 2023 516 2056 victi
539 2023 661 2055 dolore
688 2020 869 2055 faciamus.
921 2020 1034 2053 Valde
1053 2019 1161 2064 igitur
1183 2019 1227 2052 ab

243 2076 390 2110 eruditis
412 2075 578 2108 laudatur
604 2071 691 2106 haec
714 2072 885 2106 definitio.
947 2071 1121 2105 Monendi
1146 2076 1228 2104 sunt

244 2135 276 2160 et
298 2128 384 2160 illud
407 2125 575 2164 studiosi,
611 2124 706 2169 quod
732 2122 902 2157 Isocrates
927 2123 1054 2169 inquit.
1134 2121 1226 2167 Quia

245 2179 401 2212 medium
424 2177 594 2220 attingere
618 2175 758 2208 difficile
784 2182 851 2214 est,
887 2174 1005 2219 potius
1036 2179 1087 2207 est
1110 2173 1227 2206 minus

243 2231 462 2269 faciendum,
490 2240 597 2273 quam
621 2227 879 2265 excedendum,
907 2226 995 2259 sicut
1021 2225 1057 2258 in
1077 2225 1227 2258 Geome-

246 2282 332 2314 trica
364 2279 597 2325 proportione
620 2278 756 2311 medius
788 2289 957 2311 numerus
992 2276 1142 2322 propior
1178 2281 1230 2309 est

247 2332 394 2371 minori,
423 2343 529 2377 quam
549 2330 696 2369 maiori,
723 2336 762 2363 ut
785 2331 816 2362 1.
842 2329 876 2362 3.
900 2328 934 2362 9.

280 2501 327 2531 71,
348 2503 465 2555 tyronis
483 2497 664 2526 obiiciendos]
684 2496 724 2520 sic
742 2496 791 2521 Ed.
813 2495 906 2525 1546.;
933 2495 980 2520 Εὐ.
1002 2495 1075 2520 15⁴0.
1096 2497 1233 2525 tyrannos

317 2534 431 2557 aliiieien
453 2539 491 2556 os.

282 2595 329 2623 7⁸21
351 2593 498 2622 nunquam]
519 2591 558 2614 sie
577 2591 624 2614 Ed.
646 2591 736 2622 1546.;
756 2591 805 2615 Ed.
828 2591 900 2615 ¹540.
921 2597 1058 2621 nusquam.

282 2652 336 2690 711,-
349 2651 545 2679 conlationem]
573 2650 611 2673 sic
632 2650 698 2674 Edd.
720 2649 791 2673 1540.
818 2653 843 2673 et
866 2650 956 2679 1546.;
976 2663 1009 2667 —
1033 2651 1049 2676 i.
1070 2659 1093 2682 q⁴
1121 2654 1232 2676 cuncta-

318 2691 427 2709 tionem.

282 2746 329 2775 74)
351 2745 523 2775 flagitabant]
543 2744 581 2768 sie
601 2744 648 2768 1⁴:11.
673 2743 759 2768 1546.:
788 2745 824 2767 tat
853 2745 926 2770 1540.
944 2747 1074 2777 flagitant.

501 146 702 182 SCRIPTA
729 145 803 180 PH.
832 144 945 180 MEL.
972 143 1038 177 AD
1070 141 1279 177 ETHICE'N
1307 141 1373 176 ET
1400 140 1657 177 POLITICEN
1685 141 1993 177 SPECTANTIA.

2207 142 2255 176 60

1266 231 1427 265 Rectene
1444 228 1590 265 dictum
1605 233 1662 264 est
1677 240 1700 263 α
1716 224 1895 264 Platonis:
1922 230 2037 263 Nemo
2055 231 2109 262 est
2128 231 2257 273 sponte

1654 286 1801 323 malus?
1823 288 1880 339 ⁷⁵)

1368 355 1594 400 Respondeo.
1647 356 1750 389 Plato
1777 367 2005 402 nequaquam
2031 352 2191 399 loquitur
2214 353 2257 386 de

1269 407 1421 440 externis
1458 406 1675 447 actionibus,
1714 419 1789 440 non
1828 407 1920 440 tollit
1957 407 2156 440 libertatem
2198 416 2259 437 vo-

1269 458 1414 492 luntatis
1438 458 1475 491 in
1498 458 1650 491 externis
1674 458 1892 498 actionibus,
1917 470 1991 491 non
2014 457 2120 491 sentit
2143 454 2259 489 bomi-

1270 521 1331 542 nes
1354 509 1554 543 necessario
1577 508 1694 553 turpia
1715 509 1806 542 sacta
1838 516 2062 554 perpetrare,
2092 514 2152 541 aut
2182 519 2257 540 non

1270 573 1372 606 posse
1398 559 1555 594 cohiberi
1579 560 1744 600 assertus,
1771 560 1831 594 sed
1858 560 1944 594 illud
1969 560 2077 594 sentit
2094 559 2159 605 ⁷⁶),
2194 557 2259 591 mi-

1271 613 1407 646 rificum
1432 613 1610 658 quoddam
1643 611 1827 645 dissidium
1852 623 1925 645 esse
1954 611 1992 644 in
2013 609 2182 651 homine,
2209 608 2260 641 vi-

1273 664 1402 697 delicet
1429 663 1548 697 iudicii
1571 675 1633 697 seu
1655 662 1825 703 rationis,
1854 668 1887 695 et
1911 661 2099 695 affectuum
2117 674 2179 695 seu
2197 660 2261 693 im-

1272 715 1490 755 becillitatis,
1519 726 1609 760 quae
1626 720 1800 759 repugnat
1815 713 1944 748 iudicio
1963 713 2110 753 mentis,
2134 719 2168 745 et
2185 711 2261 758 qui-

1274 768 1353 799 dem
1376 767 1507 800 multos
1535 764 1665 799 habere
1687 772 1833 799 naturas
1865 765 1957 798 male
1982 769 2196 808 temperatas
2222 774 2261 795 ac

1275 819 1453 859 distortas,
1480 830 1570 863 quae
1587 817 1773 851 difficulter
1790 814 1970 849 coherceri
1988 821 2148 860 possunt,
2175 824 2262 860 qua-

1277 870 1317 903 lis
1339 870 1406 904 fuit
1429 869 1465 902 in
1488 868 1647 902 Antonio
1670 868 1791 901 nativa
1818 866 2113 911 intemperantia,
2140 871 2201 899 aut
2224 864 2262 897 in

1277 921 1429 955 Catilina
1446 921 1565 954 nativa
1584 919 1784 954 crudelitas.
1837 917 1919 952 Ideo
1937 918 2025 951 dixit
2041 917 2162 951 Plato:
2198 913 2262 949 ho-

1276 972 1389 1006 mines
1414 984 1488 1005 non
1512 978 1638 1017 sponte
1654 971 1767 1004 malos
1791 982 1881 1010 esse,
1907 970 1942 1002 id
1959 976 2028 1009 est,
2054 966 2186 1002 habere
2210 967 2263 1000 in-

1277 1024 1485 1057 clinationes
1502 1022 1635 1068 cum77)
1651 1028 1888 1066 repugnantes
1904 1020 2048 1060 rationi,
2071 1026 2146 1052 tum
2163 1024 2263 1052 natas

1276 1088 1348 1109 una
1365 1088 1444 1109 cum
1462 1074 1545 1119 ipsis
1562 1074 1770 1118 corporibus
1782 1100 1790 1113 ,
1819 1085 1909 1118 quae
1936 1071 2124 1105 difficulter
2141 1067 2263 1104 coher-

1278 1127 1348 1160 ceri
1366 1132 1525 1171 possunt,
1543 1125 1638 1159 iuxta
1654 1125 1758 1158 illud:
1778 1125 1933 1159 Naturae
1949 1122 2108 1168 sequitur
2129 1120 2263 1155 semina

1278 1178 1427 1223 quisque
1447 1189 1541 1210 suae.
1593 1176 1644 1209 Ac
1660 1176 1698 1208 in
1714 1175 1952 1219 disputatione
1979 1174 2038 1206 issa
2059 1173 2096 1206 in
2113 1173 2264 1206 Timaeo

1277 1228 1466 1272 praecipue
1483 1226 1551 1260 hoc
1567 1227 1702 1270 agitur,
1729 1227 1877 1259 distorta
1894 1230 2171 1271 temperamenta
2191 1235 2264 1257 esse

1278 1291 1399 1312 causas
1415 1279 1610 1311 multorum
1626 1276 1815 1317 vitiorum,
1843 1283 1877 1310 et
1893 1277 1970 1310 illas
1997 1276 2140 1309 vitiosas
2164 1274 2264 1307 incli-

1277 1329 1440 1363 nationes
1456 1329 1492 1361 in
1511 1327 1800 1372 temperamentis
1818 1327 2023 1359 confirmari
2038 1326 2124 1360 mali
2139 1326 2264 1359 educa-

1279 1381 1374 1414 tione
1398 1386 1432 1413 et
1457 1379 1744 1423 intemperantia.
1806 1378 1945 1411 Deinde
1966 1378 2055 1410 adeo
2077 1389 2151 1410 non
2174 1376 2268 1410 tollit

1278 1432 1478 1464 libertatem
1498 1429 1710 1470 voluntatis,
1737 1436 1776 1463 ut
1794 1429 1913 1463 iubeat
1933 1429 2077 1462 vitiosas
2103 1428 2181 1461 illas
2203 1440 2267 1461 na-

1281 1489 1378 1516 turas
1402 1481 1536 1514 frenari
1561 1481 1715 1525 legibus,
1743 1480 1948 1524 disciplina,
1972 1479 2134 1512 doctrina
2152 1485 2187 1512 et
2202 1477 2266 1512 ho-

1279 1533 1388 1567 nestiS
1411 1532 1596 1566 exercitiis.
1673 1531 1804 1576 Liquet
1833 1531 1941 1574 igitur
1966 1530 2155 1564 Platonem
2183 1542 2265 1563 vere

1280 1585 1434 1618 tribuere
1458 1585 1656 1617 libertatem
1683 1582 1860 1615 voluntati
1877 1582 1914 1615 in
1931 1582 2094 1626 regendis
2113 1581 2266 1615 externis

1280 1636 1478 1669 actionibus
1489 1662 1499 1676 ,
1527 1634 1665 1668 etiamsi
1679 1632 1801 1667 haeret
1814 1633 1860 1679 7ὃ)
1882 1633 1920 1666 in
1934 1631 2140 1666 hominibus
2155 1633 2266 1666 imbe-

1281 1688 1404 1721 cillitas
1420 1700 1494 1720 non
1512 1685 1691 1720 accersita.
1717 1685 1810 1719 Citat
1825 1691 1858 1717 et
1874 1685 2030 1719 Galenus
2046 1682 2114 1718 hoc
2131 1684 2265 1719 dictum

1280 1739 1439 1773 Platonis
1458 1739 1494 1771 in
1512 1738 1617 1778 libro,
1631 1736 1686 1770 cui
1696 1736 1817 1770 titulus
1836 1743 1898 1776 est,
1913 1736 2010 1782 quod
2022 1748 2140 1770 mores
2154 1735 2266 1769 animi

1280 1797 1474 1836 sequantur
1490 1795 1768 1834 temperamenta
1788 1788 1948 1832 corporis
1958 1788 2024 1833 ⁷⁹),
2043 1787 2106 1821 uhi
2122 1787 2165 1820 de
2185 1799 2266 1821 cau-

1280 1843 1325 1876 sis
1340 1841 1521 1875 actionum
1537 1839 1774 1874 eruditissime
1790 1839 1958 1883 disputat.
2010 1838 2105 1871 Haec
2127 1844 2179 1872 est
2203 1838 2266 1882 igi-

1282 1900 1339 1926 tur
1367 1905 1450 1926 vera
1484 1891 1659 1926 sententia
1684 1890 1767 1923 dicti
1794 1889 1982 1924 Platonici.
2037 1889 2158 1934 Quare
2193 1901 2267 1922 non

1281 1951 1331 1978 est
1347 1944 1632 1990 detorquendum
1655 1943 1699 1975 ad
1716 1941 1909 1975 tollendam
1925 1941 2125 1974 libertatem
2141 1940 2267 1974 volun-

1281 2003 1373 2030 tatls.

1558 2055 1704 2089 Divisio
1732 2055 1917 2087 virtutum
1931 2051 1988 2097 ⁸⁰).

1379 2120 1535 2154 Virtutes
1559 2126 1731 2164 reguntur
1759 2118 1888 2152 iudicio
1912 2118 2060 2153 mentis:
2103 2130 2212 2165 quare
2246 2133 2263 2152 a

1281 2172 1435 2213 notitiis,
1469 2183 1560 2218 quae
1585 2184 1642 2205 eas
1666 2171 1883 2215 gubernant,
1921 2177 2092 2216 tanquam
2118 2182 2137 2202 a
2162 2182 2265 2205 causa

1315 2288 1362 2321 75)
1383 2290 1506 2315 Rectene
1521 2285 1806 2317 dictura-malus&
1826 2287 1866 2311 sic
1884 2287 1950 2311 Edd.
1966 2286 2038 2311 ¹510.
2059 2287 2085 2310 et
2105 2286 2197 2316 1546.;
2217 2288 2267 2312 Ed.

1352 2324 1426 2349 1538.
1447 2325 1570 2350 Rectene
1589 2324 1673 2349 Plato
1693 2324 1771 2348 dixit
1793 2323 1920 2347 homines
1939 2321 2046 2346 invitos
2064 2327 2125 2346 esse
2143 2323 2240 2347 tuales.

1316 2366 1363 2398 76)
1384 2367 1483 2396 sentit]
1503 2367 1541 2391 sic
1560 2367 1608 2392 Ed.
1630 2367 1721 2397 1546.;
1741 2366 1789 2390 Ed.
1812 2366 1887 2389 1540.
1907 2363 2000 2388 sensit.

1317 2410 1365 2438 77)
1386 2412 1458 2438 cum]
1479 2410 1518 2434 sic
1536 2411 1585 2434 Ed.
1607 2410 1697 2439 1546.;
1716 2409 1765 2432 Ed.
1786 2408 1858 2432 1540.
1877 2409 1942 2431 tum.

1317 2452 1365 2480 78)
1384 2452 1493 2481 haeret]
1513 2452 1552 2475 sic
1570 2452 1619 2475 Ed.
1642 2451 1733 2481 1540.;
1752 2450 1802 2474 Ed.
1821 2449 1896 2474 1546.
1916 2450 1991 2472 haec.

1317 2495 1365 2524 79)
1384 2495 1482 2518 Galeni
1499 2495 1567 2518 liber
1586 2494 1627 2517 hic
1645 2494 1788 2524 laudatus,
1814 2492 1858 2523 qui
1877 2492 1903 2515 in
1921 2491 1980 2515 eius
1999 2497 2109 2521 operum
2129 2492 2201 2516 Tom.
2219 2493 2266 2519 [V.

1352 2530 1392 2554 ed.
1408 2530 1486 2553 Kiihn
1505 2529 1593 2558 (Lips.
1610 2528 1685 2552 1822.
1704 2529 1744 2556 8.)
1768 2534 1793 2557 p.
1812 2526 1970 2551 767—822.
1991 2526 2144 2550 invenitur.
2169 2533 2267 2555 graece

1353 2565 1393 2588 sie
1412 2564 1558 2594 inscriptus
1579 2565 1634 2587 est:
1653 2560 1778 2591 Γιελήνου
1797 2560 1916 2592 βίβλων,
1936 2557 1977 2583 ὅτι
1993 2559 2025 2583 τά
2046 2560 2090 2589 τῆς
2108 2560 2197 2592 ψυχῆς
2216 2560 2266 2591 ἠῢν,

1354 2599 1412 2626 ταῖς
1431 2598 1480 2622 τοῦ
1500 2596 1628 2628 σώματος
1646 2594 1777 2627 κράσεσιν
1795 2595 1895 2619 znmu.
1931 2595 2010 2618 Loci.
2036 2595 2062 2618 in
2088 2596 2183 2625 quibus
2202 2596 2266 2619 Pla-

1353 2634 1425 2657 tonis
1441 2633 1591 2657 sententias·
1607 2633 1631 2655 in
1647 2632 1755 2655 Timaeo
1770 2630 1925 2660 propositas
1939 2629 2027 2660 affert,
2048 2630 2065 2654 l.
2080 2630 2099 2653 Ι.
2119 2637 2143 2660 p.
2159 2629 2209 2654 7139
2227 2637 2266 2660 sq.

1352 2669 1404 2692 8¹2
1422 2675 1462 2698 sq.
1482 2668 1640 2697 reperimuS.

1317 2711 1365 2737 ΕΟ)
1387 2711 1499 2735 Divisio
1519 2709 1686 2736 virtutum]
1713 2708 1751 2730 siv.
1771 2707 1836 2730 Edd.
1867 2707 1940 2731 ¹540.
1960 2710 1985 2730 et
2006 2706 2097 2731 1546.:
2123 2707 2170 2730 Ed.
2193 2707 2265 2731 1538.

1353 2746 1432 2775 Quae
1450 2747 1492 2770 ese
1510 2745 1635 2775 partitio
1660 2744 1793 2767 Virtutis,
