2347 3000
207 120 299 153 1171

206 208 350 248 sipuler
374 206 556 250 indicaret]
597 206 727 240 scilicet
742 206 788 251 85)
824 207 885 251 qui
920 206 1025 239 etiam
1060 206 1192 239 indica-

209 262 308 289 verat
334 256 490 302 reliquos
513 256 735 297 coniuratos,
761 264 794 290 et
819 264 965 302 propter
990 258 1085 290 illam
1114 270 1194 291 cau-

211 319 286 341 sam
313 314 518 341 consecutus
545 314 596 340 est
624 308 882 351 impunitatem.
936 308 1043 342 Iudex
1068 309 1196 341 dicitur

212 356 379 398 honeste,
407 359 466 404 qui
492 358 620 391 dicitur
644 360 807 402 proditor
829 360 866 392 in
891 372 928 393 re
953 360 1059 404 turpi.
1113 359 1195 393 Ideo

214 421 297 443 usus
327 415 376 442 est
410 410 517 442 verbo
551 409 751 451 indicandi,
794 411 876 456 quia
917 411 980 444 iste
1011 411 1197 444 Cornelius

214 460 282 493 suit
316 460 524 493 coniunctus
559 459 752 501 Catilinae,
795 469 829 495 et
859 469 980 507 postea
1016 463 1120 495 index
1138 461 1197 506 8ss).

217 513 245 545 0
260 512 406 556 pafrem]
434 509 617 556 εἰρωνεία,
647 513 747 558 quasi
764 513 871 546 dicat:
900 513 1043 548 Nemini
1061 520 1109 548 est
1127 526 1199 545 cre-

217 563 370 595 dendum
397 562 563 603 alleganti
585 576 685 596 suam
710 565 967 608 turpitudinem
984 565 1043 610 ⁰⁰).
1122 566 1200 605 Qui,

218 615 300 658 quod
319 613 479 656 praemii]
508 613 639 648 scilicet
662 615 823 650 dissidens
848 629 984 655 causae,
1012 617 1202 659 desperans

220 663 406 702 xictoriae3
442 664 540 708 quasi
574 666 684 699 dicat:
720 667 779 712 qui
808 680 878 699 non
906 667 1013 699 laedit
1039 668 1203 699 adversa—

218 714 331 753 rium,
359 721 393 747 et
416 721 532 747 tamen
557 718 743 750 confitetur
760 731 857 751 suani
879 717 1202 762 turpitudinem⁰¹).

220 766 307 806 Sin,
336 768 458 806 onais,
487 768 595 812 illum]
624 767 790 801 Infitiatio
808 770 851 801 ab
871 769 1092 813 impossibili,
1121 768 1202 813 quia

219 815 371 849 abfuerit
387 816 550 863 Syllam).
655 821 851 854 comitatum
867 821 1046 864 Autronii]
1075 819 1203 852 scilicet

220 867 363 901 indicat.

325 915 354 961 ξ,
379 916 440 954 52.
467 920 536 954 Sed
558 922 729 966 qnoniam]
757 921 1013 955 Recriminatio
1039 922 1206 954 adversus

222 969 447 1010 Cornelium,
476 982 565 1016 quae
588 971 717 1005 inserta
737 980 789 1007 est
814 971 902 1005 nihil
919 974 961 1005 ad
981 971 1073 1005 liunc
1089 973 1206 1005 locum

222 1020 414 1064 pertinens.
507 1021 693 1056 Cornelius
736 1024 895 1056 interfuit
933 1023 1207 1057 seditiosissimis

225 1071 539 1106 deliberationibus
567 1072 762 1114 Catilinae,
797 1074 892 1118 Sylla
925 1086 999 1106 non
1034 1074 1206 1106 interfuit:

223 1121 297 1154 Hae
321 1122 610 1156 recriminatione
633 1124 708 1157 vult
732 1125 869 1157 elexare
887 1125 989 1157 fidem
1014 1124 1209 1158 testimonii

223 1173 440 1218 Corneliiffl).
518 1176 779 1219 Aclnmbruimn]
797 1176 927 1209 scilicet
944 1175 1208 1221 simulatumffl).

225 1225 396 1258 Falcarae’os
411 1224 475 1270 91”’)]
503 1224 667 1266 Pali-arii,
695 1227 751 1260 die
769 1229 811 1260 da
831 1227 1059 1271 Helleparten
1074 1233 1209 1270 trag-en,

224 1275 306 1319 quia
332 1276 395 1319 ipsi
421 1277 521 1309 valde
544 1277 756 1320 generaliter
780 1278 832 1312 usi
850 1285 931 1312 sunt
951 1278 1015 1312 isto
1036 1278 1208 1311 vocabulo

222 1325 320 1358 salcis
334 1326 393 1371 ²³⁶).

327 1378 413 1422 Cap.
446 1377 534 1412 XIX.
577 1376 607 1421 ἓ.
642 1377 702 1413 53.
745 1381 816 1413 Hoc
853 1381 1011 1424 tempore]
1054 1379 1209 1424 Exponit

225 1428 324 1461 illum
349 1430 465 1462 locum
495 1430 538 1462 ab
571 1429 798 1474 impossibili,
834 1431 915 1476 quia
947 1438 1028 1463 tunc
1060 1430 1209 1464 abfuerit

226 1479 333 1523 Sylla.
450 1482 537 1521 Quid
564 1493 642 1525 erqo
676 1483 818 1526 italicus]
863 1482 940 1514 Alia
972 1482 1135 1515 infitiatio
1167 1483 1210 1514 ‹le

227 1530 354 1574 emptis
376 1531 644 1574 gladiatoribus.
698 1531 825 1570 ἄλλως.
880 1532 1048 1566 Consutat
1077 1534 1120 1566 ab
1146 1533 1210 1565 im—

226 1581 405 1625 possibili,
433 1594 452 1614 a
475 1582 566 1616 loco.
628 1583 800 1616 Probax‘it
823 1584 1008 1618 Cornelius
1031 1597 1132 1618 suum
1160 1585 1210 1616 in-

227 1631 357 1665 dicium
383 1645 401 1664 a
425 1633 646 1672 coniectura,
681 1634 763 1679 quia
790 1634 884 1678 Sylla
916 1635 1055 1668 emisset
1079 1635 1210 1678 gladia-

227 1690 332 1717 tores.
394 1683 563 1716 Solebam
593 1684 687 1716 enim
720 1691 880 1728 potentes
911 1685 976 1717 viri
1009 1686 1211 1730 frequenter

229 1733 441 1777 gladiatores
468 1746 603 1774 emere,
631 1736 690 1768 sed
717 1741 836 1768 tamen
863 1737 927 1769 sul»
952 1742 1135 1780 praetextu
1160 1737 1211 1770 lu-

229 1786 378 1825 dorum,
405 1792 465 1824 ut,
491 1785 519 1818 si
544 1787 688 1831 quando
706 1798 795 1830 opus
815 1793 915 1826 esset,
937 1785 1109 1820 haberent
1128 1788 1212 1821 tales

231 1834 392 1870 homines
424 1837 467 1869 ad
502 1848 538 1869 se
567 1837 791 1871 muniendos.
867 1838 990 1871 Cicero
1022 1839 1213 1883 respondet

230 1887 335 1920 istum
357 1900 432 1921 non
456 1887 632 1920 volentem
660 1888 795 1922 emisse.
848 1887 915 1922 Ista
941 1889 1047 1922 verba
1075 1902 1214 1934 ponun-

304 2022 330 2043 et
350 2021 436 2045 locuni
457 2024 490 2046 ab
508 2022 678 2053 impossibili.
714 2024 800 2048 Porro
826 2023 906 2047 index
931 2023 1028 2047 dicitur
1054 2024 1165 2046 honeste
1190 2025 1217 2047 et

303 2056 427 2083 proditor
445 2058 578 2088 turpiter,
603 2060 633 2081 nt
651 2058 676 2082 si
694 2058 754 2088 quis
780 2058 857 2082 effert
883 2058 1064 2088 improborum
1083 2058 1216 2081 hominum

303 2089 426 2121 scelera,
449 2092 547 2114 dieitur
567 2092 655 2116 index.

269 2130 317 2158 88)
337 2131 457 2161 scilicet]
478 2133 518 2157 sie
537 2134 585 2157 Ed.
607 2135 698 2165 1568.;
717 2136 780 2159 cett.
800 2135 816 2159 3
835 2135 917 2159 Editt.
937 2134 963 2158 id
983 2136 1034 2158 est.

272 2172 320 2200 89)
340 2174 366 2196 et
386 2176 496 2203 propter
516 2175 590 2199 illam
608 2189 642 2193 —
659 2178 755 2206 postea
774 2176 879 2206 index.]
905 2177 973 2201 haec
997 2178 1100 2200 tantum
1125 2176 1151 2199 in
1170 2176 1218 2201 Ed.

306 2207 381 2231 1568.
404 2208 586 2233 inveniuntur.

273 2250 320 2276 90)
340 2251 480 2280 εἰρωνεία,
499 2252 843 2282 quasi—turpitudinem]
870 2253 909 2276 sie
929 2253 977 2276 Ed.
999 2253 1090 2280 1568:
1109 2253 1135 2276 in
1155 2255 1219 2276 cett.

306 2284 323 2307 :3
342 2284 424 2309 Editt.
450 2285 506 2308 illis
532 2287 587 2311 Cic.
614 2287 705 2310 verbis
731 2288 869 2317 adscripta
895 2289 937 2310 est
963 2289 1028 2311 haee
1052 2290 1132 2311 nota:
1169 2288 1219 2317 Qui

306 2319 450 2342 confitetur
469 2326 545 2344 suani
565 2321 774 2351 turpitudinem,
795 2328 843 2345 nee
862 2322 946 2345 laedit
965 2322 1162 2345 adversarium.

272 2361 320 2388 91)
339 2361 443 2386 seilicet
462 2376 495 2380 —
514 2364 734 2394 turpitudinem]
755 2364 794 2388 sic
813 2364 862 2389 Ed.
884 2364 974 2394 1563,;
1002 2366 1064 2388 cett.
1085 2364 1101 2388 3
1122 2364 1219 2388 Editt.:

304 2395 437 2420 Diffidens
455 2403 564 2422 causae.

273 2438 321 2465 9-2)
341 2438 445 2468 sylla]
467 2439 507 2463 sie
525 2440 573 2464 Ed.
594 2440 686 2470 1568.;
705 2442 768 2464 cett.
786 2440 803 2464 3
821 2441 918 2465 Editt.:
940 2441 1094 2466 Cornelius.

274 2480 321 2507 93)
341 2481 394 2505 Pro
420 2483 467 2505 liae
492 2485 555 2506 nota
579 2483 714 2507 Editionis
737 2483 809 2508 1568.
836 2483 864 2507 in
888 2484 952 2507 cett.
977 2483 994 2506 ³
1012 2484 1094 2507 Editt.
1122 2484 1222 2511 legitur

310 2516 391 2572 halec:
411 2518 486 2546 Quid
503 2518 617 2543 tandem
635 2519 669 2543 de
686 2518 755 2548 illa]
780 2517 978 2542 Recriminatio
996 2518 1132 2541 adversus
1151 2519 1221 2542 Cor-

310 2556 341 2572 ne
356 2557 416 2574 turn.

275 2591 322 2617 94)
342 2591 447 2615 scilicet
466 2593 645 2622 simulatum]
674 2593 715 2618 sic
741 2594 790 2618 Ed.
819 2593 910 2623 1568,;
937 2594 1000 2616 cett.
1025 2593 1042 2617 3
1068 2594 1168 2617 Editt.:
1197 2593 1224 2617 id

310 2627 368 2654 est,
388 2626 542 2650 similatum.

276 2668 323 2695 95)
345 2669 512 2697 Falcarios]
532 2670 600 2694 hanc
619 2670 674 2694 Cic.
694 2677 786 2695 vocem
806 2671 866 2695 huic
884 2672 966 2695 notae
985 2671 1043 2701 ipse
1061 2670 1207 2702 adscripsi.

277 2711 326 2740 96)
346 2712 422 2736 Hanc
439 2713 531 2737 notam
549 2714 575 2737 et
595 2715 752 2743 sequentem
771 2713 832 2739 sola
847 2713 897 2738 Ed.
919 2713 991 2739 1568.
1010 2714 1096 2739 habet.

772 119 894 156 PIIIL.
929 119 1041 156 MEL.
1075 119 1277 155 SCRIPTA
1313 121 1647 158 PHILOLOGICA.

2132 126 2229 161 1172

1248 214 1304 241 tur
1314 210 1576 255 Διιιμητικοῦςυῗ).
1641 209 1868 253 Gladiatores]
1886 209 2002 243 Verba
2014 209 2230 256 Cornelilffi').

1248 261 1300 293 Ιίιι
1322 261 1477 304 [morsus]
1506 260 1620 293 Verba
1650 260 1840 293 Ciceronis.
1944 263 2076 307 Putris]
2105 262 2233 295 scilicet

1248 310 1380 344 Fausti.
1484 314 1631 354 Arreplce
1665 317 1712 344 est
1741 311 1893 355 finnile'u]
1930 310 2060 345 lterum
2092 314 2233 356 summ)

1251 361 1355 393 verba
1375 361 1544 395 Cornelii.
1648 363 1812 405 Arrepla]
1839 359 1904 394 lioe
1922 369 1992 402 est,
2021 364 2233 396 nominatim

1251 411 1424 455 exagitata
1450 419 1500 445 est
1524 410 1610 445 llaec
1633 413 1767 444 familia
1787 412 1859 458 ¹⁰⁰).
1973 417 2063 454 Quae
2091 417 2122 448 .ςὶ
2151 421 2235 448 esset

1248 464 1503 507 praetermissa]
1532 463 1630 508 quasi
1650 464 1761 496 dicat:
1789 462 1884 507 Quid
1907 475 1994 507 opus
2017 465 2082 498 suit
2104 465 2235 508 gladia-

1253 521 1345 546 tores
1388 526 1500 547 noros
1518 514 1546 559 ¹)
1584 526 1811 558 emnparare,
1861 520 1894 545 et
1933 521 2004 547 tam
2036 516 2237 556 instructos,

1254 578 1332 597 cum
1359 565 1417 597 alii
1440 565 1558 598 minus
1587 565 1747 598 instructi
1784 571 1927 608 possent
1959 565 1994 598 in
2021 566 2111 600 ludis
2137 567 2237 601 satis-

1254 617 1379 649 facere.
1465 617 1560 659 Alia]
1589 616 1719 649 scilicet
1736 628 1807 648 nou
1828 621 1898 647 tam
1920 628 2048 659 magno
2065 619 2237 663 empta2).

1259 669 1393 700 Utinam
1423 669 1554 712 quidem
1583 668 1663 701 haee
1695 667 1783 710 ipsu]
1817 665 1931 699 Yon-lm
1962 674 2043 700 sunt
2069 668 2238 707 Cornelii,

1257 717 1358 762 quasi
1382 717 1493 750 dieat:
1527 717 1621 750 Haec
1654 718 1787 750 familia
1819 717 1874 749 xix
1904 724 2019 761 potest
2041 719 2238 753 satisfacere

1257 769 1293 800 in
1316 768 1420 808 ludo,
1448 774 1586 801 tantum
1612 769 1728 808 abest,
1756 774 1794 801 ut
1819 768 1972 813 aliquem
1995 771 2146 803 excitare
2162 783 2241 814 pos-

1257 819 1320 858 sit,
1347 820 1420 859 xel,
1449 825 1541 851 certe
1569 817 1655 853 haec
1680 819 1812 852 familia
1840 831 1911 851 non
1937 826 1987 853 est
2011 833 2122 866 usque
2150 823 2239 853 adeo

1260 870 1442 909 instructa,
1470 871 1526 903 xix
1551 877 1663 914 polest
1687 871 1885 904 satisfacere
1913 871 1948 903 in
1972 871 2075 912 ludis,
2103 878 2240 905 tantum

1259 921 1367 960 abest,
1396 928 1428 953 ul
1451 922 1558 965 possit
1576 922 1648 954 eius
1664 934 1746 954 usus
1761 933 1833 954 esse
1851 921 1887 953 iu
1905 922 2024 967 aliquo
2044 923 2242 968 tumultu3).

1259 974 1422 1015 Propera!
1439 972 1469 1018 ¹¹)
1492 973 1712 1016 veliementer]
1741 972 1856 1005 Verba
1875 972 2042 1007 Cornelii.
2121 974 2243 1017 Quasi]

1263 1023 1465 1066 Respondet
1500 1023 1622 1055 Cicero
1641 1023 1683 1068 Γ’).
1812 1025 1882 1056 Nec
1911 1026 2083 1070 opinante]
2125 1025 2241 1057 Norba

1261 1073 1430 1106 Cornelii.
1484 1073 1553 1117 Qui
1580 1075 1660 1106 fecit
1684 1078 1946 1113 testamentum,
1971 1086 2044 1107 non
2062 1076 2244 1108 mandaxit

1262 1125 1330 1157 emi
1355 1124 1580 1167 gladiatores.

1367 1174 1396 1218 {-
1413 1173 1474 1209 55.
1501 1178 1548 1209 At
1565 1175 1713 1218 litterae]
1742 1175 1856 1207 Verba
1876 1174 2068 1210 Ciceronis.
2154 1178 2246 1218 Quod

1259 1225 1404 1270 profert]
1432 1224 1561 1271 Philip.
1578 1224 1754 1260 Melanch.
1771 1226 1871 1270 legit:
1900 1227 2101 1273 p1·aesuit⁶).
2177 1229 2246 1261 Sed

1261 1277 1387 1321 tamen]
1415 1277 1544 1310 scilicet
1570 1278 1666 1323 quod
1688 1278 1872 1312 obtulisset
1886 1290 1922 1310 se
1939 1277 2006 1312 illis
2021 1280 2065 1312 ad
2085 1279 2243 1322 paranda

1262 1328 1355 1360 bona
1384 1340 1483 1361 arma
1501 1329 1544 1374 7).

1366 1378 1535 1424 Cap.XX.
1564 1377 1662 1423 §.562
1689 1380 1736 1412 At
1752 1381 1840 1412 em‘m
1859 1380 2049 1425 Ginciusffl
2078 1379 2246 1413 Confuta-

1263 1429 1312 1463 tio
1328 1430 1359 1476 9)
1375 1431 1490 1476 quarti
1508 1429 1708 1474 argumenti
1730 1430 1772 1462 de
1791 1429 1914 1463 Cincio
1939 1431 2046 1464 misso
2070 1431 2106 1464 in
2122 1430 2248 1474 Hispa-

1264 1482 1372 1514 niam.
1426 1481 1554 1520 ἄλλως.
1608 1482 1684 1514 Hoc
1709 1487 1957 1524 argumentum
1988 1489 2039 1516 est
2063 1482 2246 1528 aliquanto

1264 1532 1374 1575 magis
1401 1530 1631 1567 rhetoricum.
1682 1530 1753 1576 Ipsi
1787 1540 2040 1566 accusaverunt
2069 1534 2248 1579 quendam

1264 1583 1423 1617 Cincium
1442 1584 1586 1618 missum
1605 1595 1677 1618 esse
1692 1583 1816 1627 aSylla
1833 1584 1877 1616 ad
1887 1584 2109 1628 Hispaniam,
2137 1590 2175 1618 ut
2192 1595 2248 1617 ex—

1263 1634 1642 1679 agitaretHispaniam,
1670 1645 1740 1680 quo
1759 1635 1816 1667 ille
1833 1635 1969 1668 facilius
1987 1635 2248 1679 possetRomae

1264 1697 1324 1725 ea,
1353 1698 1444 1730 quae
1464 1686 1694 1726 moliebatur,
1720 1686 1867 1718 efficere.
1920 1686 2042 1719 Cicero
2059 1687 2250 1731 respondet

1299 1785 1346 1814 97)
1365 1785 1427 1809 Alia
1444 1798 1479 1803 —-
1496 1784 1669 1816 μιμητικῶς]
1689 1790 1737 1814 pro
1756 1786 1805 1808 hac
1824 1784 1906 1814 longa
1924 1786 2101 1810 annotatione
2115 1786 2249 1811 Editionls

1337 1820 1411 1843 1568.
1432 1822 1539 1842 ceterae
1553 1820 1569 1842 3
1584 1819 1665 1844 Editt.
1685 1820 1784 1843 liabent
1799 1820 1867 1843 hanc
1887 1819 2011 1843 brevem:
2031 1821 2093 1845 Alia
2111 1821 2248 1852 infitiatio,

1335 1854 1367 1877 de
1387 1854 1484 1883 emptis
1503 1854 1709 1883 gladiatoribus.

1300 1896 1349 1924 98)
1369 1897 1445 1920 nane
1464 1897 1555 1919 notam
1575 1897 1603 1919 et
1620 1896 1637 1919 2
1656 1897 1804 1926 sequentes
1824 1897 1884 1920 sola
1903 1897 1950 1921 Ed.
1972 1897 2046 1921 1568.
2065 1897 2181 1922 exhibet.

1300 1940 1348 1967 99)
1368 1939 1447 1968 sunt]
1467 1938 1505 1962 sic
1523 1938 1572 1961 Ed.
1593 1938 1685 1969 1568.3
1705 1938 1731 1961 in
1751 1940 1814 1962 cett.
1834 1939 1850 1963 3
1868 1940 1950 1963 Editt.
1971 1940 2054 1964 deest.

1306 1982 1367 2009 100]
1388 1982 1461 2004 Haec
1478 1981 1567 2004 altera
1585 1983 1650 2004 nota
1667 1980 1763 2004 iisdem
1782 1981 1839 2006 Cic.
1865 1982 1957 2006 verbis
1975 1982 2114 2013 adscripta
2136 1982 2164 2007 iu
2189 1983 2251 2008 sola

1337 2016 1386 2040 Ed.
1408 2015 1481 2038 1568.
1500 2015 1646 2045 reperitur.

1306 2059 1333 2086 1)
1353 2058 1522 2086 gladiatores
1542 2058 1646 2085 novos]
1671 2056 1711 2081 sic
1729 2057 1779 2082 Ed.
1800 2058 1891 2089 1568.;
1916 2061 1979 2085 cett.
2004 2059 2021 2084 8
2038 2059 2137 2084 Edam:
2162 2065 2250 2085 novos

1339 2093 1517 2123 gladiatores.

1304 2136 1335 2164 2)
1356 2136 1432 2159 Hane
1451 2136 1542 2159 notam
1561 2135 1665 2158 tantum
1684 2134 1732 2158 Ed.
1753 2135 1827 2160 1568.
1846 2136 1933 2160 habet.

1306 2179 1338 2207 3)
1355 2178 1448 2201 Verba
1467 2178 1719 2206 sunt—tumultu]
1738 2177 1778 2202 sic
1796 2178 1845 2202 Ed.
1867 2179 1958 2208 1568.;
1987 2180 2050 2203 cett.
2068 2179 2085 2203 3
2100 2179 2184 2203 Editt.
2202 2180 2253 2204 ha-

1346 2214 1408 2236 luent
1426 2213 1496 2235 lianc
1515 2214 1621 2235 notam:
1642 2212 1667 2234 id
1686 2214 1746 2242 est,
1770 2213 1836 2236 haec
1859 2213 1963 2236 familia
1985 2213 2030 2236 vix
2055 2216 2146 2243 potest
2166 2214 2252 2238 satis-

1344 2248 1436 2270 facere
1456 2247 1482 2269 in
1501 2246 1582 2277 ludo,
1608 2248 1711 2270 tantum
1729 2247 1822 2279 abest>
1846 2249 1875 2270 ut
1899 2247 2014 2278 aliquem
2040 2248 2180 2272 tumultum
2203 2255 2252 2273 ex-

1340 2281 1426 2304 citare
1445 2281 1543 2310 possit.

1307 2325 1337 2352 4)
1362 2324 1515 2355 Properat]
1543 2324 1583 2347 sic
1609 2324 1692 2347 Editt.
1718 2323 1810 2355 1539„
1836 2324 1927 2356 155³.,
1960 2325 2050 2354 1554.‚
2079 2325 2170 2357 1563.;
2203 2326 2254 2350 Ed.

1343 2359 1428 2383 Orell.
1450 2359 1648 2389 Properatum.

1307 2403 1338 2430 5)
1359 2403 1432 2426 Haec
1453 2402 1519 2425 nota
1538 2402 1565 2425 et
1583 2401 1652 2426 duae
1671 2402 1816 2432 sequentes
1835 2402 1937 2425 tantum
1955 2401 1983 2425 in
2004 2402 2051 2426 Ed.
2074 2402 2148 2427 1568.
2172 2402 2252 2428 inve·

1340 2437 1461 2460 niuntur.

1308 2480 1339 2508 6)
1358 2479 1412 2503 Pro
1431 2479 1479 2502 hac
1498 2479 1578 2506 nota,
1603 2483 1680 2508 quam
1700 2478 1748 2501 Ed.
1768 2478 1842 2502 1568.
1862 2477 1984 2507 exhibet,
2009 2479 2117 2502 ceterae
2134 2477 2151 2502 ³
2170 2478 2252 2503 Editt.

1343 2514 1456 2537 habent:
1476 2513 1552 2542 „Alii
1572 2513 1690 2542 praefuit
1710 2510 1830 2543 legunt”.
1849 2524 1883 2529 —-
1912 2511 1974 2543 (Ed.
1994 2513 2079 2537 Orell.
2097 2513 2252 2545 praefuit).

1309 2556 1340 2584 7)
1360 2557 1436 2580 Hanc
1455 2557 1547 2579 notam
1566 2555 1625 2578 sola
1644 2555 1692 2578 Ed.
1714 2554 1787 2578 1568.
1806 2555 1925 2584 praebet.

1308 2600 1339 2629 8)
1360 2599 1492 2626 Cincius]
1512 2598 1551 2620 sie
1570 2597 1652 2620 Editt.
1675 2597 1758 2628 1539„
1780 2596 1865 2626 155³„
1886 2597 1971 2628 1551„
1993 2597 2066 2620 1563.
2086 2599 2112 2620 ct
2131 2598 2183 2629 al.;
2204 2599 2251 2623 Ed.

1344 2634 1430 2658 Orell.
1453 2633 1566 2657 Sittius.

1309 2678 1340 2706 9)
1362 2674 1534 2702 confutatio]
1553 2674 1612 2697 huic
1634 2674 1693 2697 voci
1711 2673 1739 2698 in
1754 2674 1802 2698 Ed.
1819 2674 1892 2698 1568.
1910 2674 2059 2705 praefixum
2078 2675 2119 2698 cst
2131 2675 2251 2700 auctoris

1346 2716 1459 2737 nomen:
1478 2709 1544 2735 Phil.
1563 2708 1695 2734 Melanch.
