2347 3000
235 117 310 152 985

239 214 332 236 nem.
384 201 517 235 Verum
535 201 618 248 quIa
635 201 754 234 minor
776 200 971 245 syllogismi
995 201 1035 234 fit
1056 198 1227 249 κρινόμε-

238 265 320 296 νον,
345 253 424 286 ideo
443 254 614 297 repetitur
630 253 688 284 illa
705 251 921 296 propositio:
948 252 1036 285 Milo
1055 265 1129 286 non
1146 253 1228 286 fecit

241 303 406 345 insidias,
438 306 497 337 sed
520 304 674 336 Clodius.
734 302 829 335 Haec
851 303 1050 347 propositio
1078 316 1156 337 cum
1183 305 1227 337 ad

241 361 373 388 statum
399 354 669 387 coniecturalem
695 353 892 397 pertineat,
928 361 1137 398 argumenta
1165 356 1228 388 du-

243 412 371 439 cuntur
387 418 427 438 ex
444 405 528 438 locis
555 404 627 437 eius
651 409 778 444 status,
813 404 977 439 videlicet
1001 417 1020 438 a
1046 406 1228 439 voluntate

242 462 275 489 et
295 457 472 490 facultate.
525 454 640 487 Locus
662 455 855 489 voluntatis
878 462 1026 489 vocatur
1050 457 1228 501 impulsio,

243 519 320 539 cum
346 519 364 539 a
389 518 469 550 spe,
514 506 710 539 commodis
726 506 792 552 ⁵a),
835 507 919 540 item
946 508 1023 541 aliis
1048 508 1229 541 affectibus

244 557 505 601 impellentibus
522 563 554 589 et
571 555 796 591 hortantibus
815 559 860 590 ad
882 558 1016 592 facinus
1042 571 1229 601 argumen-

244 614 371 641 tamur.
430 607 479 640 Ac
496 608 541 653 69)
574 607 729 651 primum
763 615 1011 652 argumentum
1042 610 1182 643 ducitur
1210 623 1228 642 a

243 670 322 702 spe,
357 659 450 703 quod
477 659 694 692 includemus
721 659 758 692 in
783 660 1045 704 syllogismum,
1088 661 1150 694 etsi
1175 660 1231 693 Ci-

243 721 322 741 cero
340 708 413 752 ipse
430 721 503 741 non
523 710 715 742 admodum
737 722 756 742 a
779 711 893 743 forma
912 711 1105 756 syllogismi
1123 711 1231 745 (lisce-

243 759 310 792 dit:
347 766 380 792 et
404 772 620 805 quamquam
645 761 752 804 paulo
773 761 921 794 liberior
944 768 994 795 est
1019 763 1153 802 oratio,
1181 769 1231 795 ta-

244 822 326 842 men
349 811 490 853 agnosci
517 811 674 844 membra
696 812 794 844 facile
820 819 978 856 possunt.
1031 813 1231 847 Verisimile

246 867 297 894 est
312 861 432 894 secisse
451 862 596 895 iusidias
615 874 693 895 eum
706 889 715 903 ,
749 863 804 896 cui
824 864 1012 908 praecipue
1035 865 1130 898 bono
1156 865 1231 898 suit.

244 911 369 945 Clodio
404 913 515 956 magis
550 925 638 956 opus
667 914 733 946 suit
759 914 928 947 Milonem
953 928 969 947 e
996 916 1113 948 medio
1144 916 1232 956 tolli,

243 976 349 1008 quam
362 963 489 995 Miloni
506 964 620 1007 perire
632 964 807 998 Clodium.
840 964 921 999 Ideo
942 966 1166 1000 verisimilius
1184 973 1233 999 est

245 1014 409 1047 Clodium
424 1015 543 1047 secisse
568 1015 725 1049 insidias.
780 1016 958 1049 Minorem
978 1017 1108 1059 probat
1126 1017 1232 1048 colla-

243 1065 360 1103 tione,
396 1065 479 1108 quia
506 1064 650 1097 Clodius
674 1076 714 1096 ea
740 1066 911 1108 parabat,
948 1078 1037 1110 quae
1060 1066 1142 1098 vivo
1166 1066 1233 1098 Mi-

242 1115 324 1147 lone
348 1115 437 1146 vidit
464 1114 562 1147 nullo
595 1115 702 1147 modo
735 1116 856 1159 perfici
887 1127 1002 1159 posse.
1074 1115 1232 1149 Econtra

244 1165 371 1198 Miloni
397 1165 586 1198 studebant
607 1166 712 1205 boni,
747 1166 791 1198 oh
816 1164 907 1199 hanc
932 1178 1072 1199 causam
1099 1167 1234 1211 praeci—

244 1228 329 1260 pue,
363 1222 401 1248 ut
421 1216 585 1249 Clodium
610 1217 835 1260 reprimeret:
874 1229 958 1260 ergo
985 1218 1137 1250 extincto
1155 1218 1233 1250 Clo-

245 1268 304 1299 dio
330 1268 559 1300 metuendum
584 1267 615 1299 ei
642 1267 729 1307 fuit,
771 1280 815 1300 ne
843 1268 1094 1312 suffragatores
1116 1269 1234 1302 minus

242 1318 364 1351 firmos
380 1315 566 1351 habiturus
585 1325 684 1352 esset.

349 1367 433 1413 Cap.
450 1367 522 1402 XII.
540 1367 569 1412 ἓ.
587 1369 647 1404 32.
673 1371 769 1404 Satis
792 1375 842 1403 est
866 1372 1016 1416 quidem,
1045 1369 1129 1417 etc.]
1156 1371 1234 1404 Pri-

245 1432 344 1452 mum
375 1426 624 1463 argumentum
651 1433 669 1452 a
695 1422 773 1452 loco
797 1420 1010 1461 voluntatis,
1053 1421 1183 1454 seilicet
1214 1434 1232 1453 a

246 1482 306 1514 spe
331 1472 614 1503 commodorum.
718 1473 884 1514 Dlayuum
908 1474 938 1504 ei
963 1485 1116 1513 causum,
1148 1471 1232 1519 etc.]

246 1521 379 1554 Minor.
459 1524 534 1555 Etsi
559 1523 636 1554 bom'
659 1522 766 1561 nullo,
801 1523 880 1567 etc.]
916 1522 1045 1556 Maior.
1129 1526 1234 1569 Atqui

246 1574 377 1606 DIilone
398 1572 590 1615 interfecto,
634 1573 716 1616 etc.]
748 1573 918 1606 Probatio
945 1573 1115 1614 minoris,
1152 1587 1234 1606 con-

247 1628 342 1656 stans
371 1623 571 1656 collatione.

349 1673 434 1716 Cap.
459 1672 548 1706 XIII.
583 1671 612 1715 ξ.
637 1672 696 1706 34.
735 1675 781 1706 At
813 1686 901 1707 nune
915 1673 961 1720 60)
985 1676 1068 1707 Pub.
1095 1675 1233 1718 Clodia]

246 1722 366 1755 Altera
392 1736 473 1767 pars
497 1722 708 1756 collationis.
795 1726 840 1757 A?
864 1725 966 1758 valuit
990 1727 1119 1765 odium,
1155 1727 1234 1769 etc.]

247 1775 446 1807 Secundum
466 1779 728 1818 argumentum.
782 1774 926 1808 Clodius
944 1775 1056 1818 magis
1076 1776 1150 1808 odit
1168 1776 1235 1808 Mi-

246 1825 382 1857 lonem:
412 1825 518 1869 igitur
536 1824 701 1858 credibile
719 1830 769 1858 est
785 1825 949 1859 Clodium
967 1826 1096 1859 Miloni
1114 1827 1234 1861 fecisse

248 1875 406 1909 insidias.

349 1926 434 1971 Cap.
450 1925 541 1960 XIV.
575 1924 604 1970 §-
624 1926 683 1962 36.
715 1928 890 1972 Reliquum
912 1933 960 1961 est
977 1933 1012 1962 ut
1034 1930 1103 1961 iam
1126 1929 1235 1973 illum]

248 1977 411 2011 Tertium
429 1983 678 2021 argumentum
695 1990 714 2011 a
733 1984 861 2010 natura
883 1985 916 2011 et
932 1979 1110 2023 perpetuis
1126 1980 1235 2012 mori-

247 2029 312 2061 bus
337 2028 469 2061 Clodii:
515 2028 691 2061 Credibile
719 2036 768 2062 cst
794 2042 873 2061 eum
899 2030 1016 2073 potius
1048 2030 1234 2063 consilium

249 2079 364 2112 caedis
384 2078 564 2112 faciendae
583 2077 763 2120 habuisse,
798 2080 857 2124 qui
883 2093 1022 2124 semper
1048 2081 1158 2113 multa
1183 2094 1235 2115 se-

248 2130 374 2163 ditiose
394 2136 427 2163 et
443 2130 631 2163 crudeliter
646 2131 738 2163 fecit.
799 2131 943 2164 Clodius
962 2144 1101 2174 semper
1119 2132 1184 2165 suit
1203 2139 1236 2166 et

248 2181 398 2214 crudelis
422 2186 455 2214 et
473 2181 669 2216 seditiosus.
729 2181 816 2214 Milo
835 2182 999 2215 Clodium
1023 2194 1066 2215 ne
1091 2183 1233 2228 quidem

249 2244 328 2265 cum
355 2233 505 2276 gloriose
531 2238 669 2275 posset,
698 2233 856 2266 occidere
875 2234 997 2267 voluit.
1050 2232 1160 2277 Igitur
1177 2247 1234 2268 vc-

249 2283 431 2317 risimilius
449 2289 499 2316 est
516 2282 679 2316 Clodium
696 2284 814 2317 fecisse
833 2284 987 2318 insidias.
1040 2283 1163 2328 Longa
1185 2292 1235 2319 est

249 2335 408 2367 narratio
432 2335 606 2367 factorum
630 2335 836 2380 utriusque,
876 2348 965 2380 quae
991 2336 1032 2368 ad
1057 2336 1232 2369 minorem

248 2384 470 2431 pertinetffl).
528 2385 658 2418 Addita
684 2392 734 2419 est
759 2386 986 2429 amplisu-atio
1012 2400 1052 2420 ex
1077 2387 1232 2421 minore:

250 2435 284 2467 Si
302 2436 388 2468 Milo
406 2442 489 2469 tunc
503 2448 577 2469 non
596 2436 720 2477 voluit,
742 2449 820 2470 cum
838 2444 955 2481 posset
973 2438 1047 2471 sine
1064 2439 1234 2482 periculo,

282 2542 330 2570 58)
351 2547 367 2565 a
385 2549 448 2572 spe.
468 2544 641 2574 commodis,]
660 2544 699 2568 sic
717 2550 810 2569 omnes
828 2546 929 2576 Editt.,
952 2548 1066 2578 excepta
1084 2547 1133 2571 Ed.
1150 2548 1234 2580 ¹568„

319 2576 363 2599 ubi
382 2577 496 2603 legitur:
522 2584 538 2601 a
557 2585 607 2608 spe
626 2579 766 2604 commodi.

284 2618 331 2645 59)
351 2619 404 2647 Ae]
424 2620 472 2644 Ed.
490 2620 563 2644 1537.
582 2622 627 2645 At.

283 2661 331 2688 60)
352 2663 441 2689 nunc]
463 2662 503 2685 sic
522 2663 569 2686 Ed.
591 2664 693 2692 Orcu.;
720 2664 784 2688 illae
803 2665 886 2692 Editt.
907 2672 1016 2692 omues:
1041 2675 1107 2693 ηοιι.

283 2704 331 2733 61)
350 2704 483 2734 pertinet]
502 2704 551 2728 Ed.
567 2705 643 2731 1563.
661 2706 806 2736 pertinent.

810 113 934 151 PHIL.
968 113 1082 152 MEL.
1114 114 1317 152 SCRIPTA
1347 118 1683 157 PHILOLOGICA.

2186 121 2261 156 984

1279 213 1413 250 quanto
1430 207 1548 242 minus
1566 220 1662 241 nunc
1684 206 1850 253 voluitffl)
1877 219 1956 240 cum
1986 206 2144 251 periculo
2176 207 2267 239 occi-

1280 257 1361 289 dere
1375 257 1390 290 ’ς’
1419 264 1453 291 et
1477 259 1664 303 praecipue
1687 257 1972 302 exaggeratur-⁶⁴³)
1995 264 2134 301 tempus
2158 258 2266 290 comi-

1281 307 1424 342 tiorum.
1492 311 1579 350 Quid
1592 322 1687 353 erqo,
1713 312 1837 343 iudices
1855 310 1935 354 etc.]
1954 308 2121 343 Narratio
2138 308 2267 341 utrius-

1282 371 1348 403 que
1373 360 1560 393 sartorum.

1383 410 1468 454 Cap.
1489 408 1579 444 xvi.
1613 408 1643 453 ξ.
1661 409 1720 444 41.
1757 412 1858 451 Quem
1879 412 1986 454 iyilur
2006 422 2080 443 cum
2104 408 2266 452 omnium]

1281 459 1519 504 Amplilicatio
1540 474 1557 493 a
1577 461 1728 493 minore.

1385 510 1414 555 §-
1438 511 1498 546 42.
1538 514 1580 545 Et
1602 514 1673 545 dies
1695 514 1920 552 comitiorum,
1955 513 2035 557 etc.]
2068 509 2270 554 Exaggerat

1283 567 1420 605 tenipus
1438 563 1678 596 comitiorum.

1387 612 1416 656 ἓ.
1433 613 1492 647 43.
1521 615 1608 654 Quid
1624 615 1708 659 quod
1722 618 1837 655 caput,
1866 614 1946 657 etc.]
1974 611 2149 655 Quartum
2165 621 2269 653 argu-

1282 670 1455 698 mentum.
1524 664 1735 697 Credibilius
1768 670 1819 696 est
1847 661 1940 696 hunc
1963 662 2081 695 secisse
2112 661 2269 699 insidias,

1284 714 1345 758 qui
1361 715 1517 759 speravit
1535 715 1796 759 impunitatem.
1850 714 1936 747 Milo
1957 725 2030 746 non
2046 712 2163 757 potuit
2178 710 2269 745 hane

1284 777 1444 808 sperare:
1478 766 1585 809 igitur
1607 779 1680 799 non
1706 772 1757 799 est
1777 765 1941 798 credibile
1961 764 2132 797 Mllonem
2149 763 2268 796 secisse

1286 815 1440 851 iusidias.
1499 817 1688 850 Ponuntur
1712 823 1828 849 autem
1853 817 1897 849 ad
1924 816 2071 848 verbum
2095 814 2211 847 maior
2236 817 2270 845 et

1286 867 1404 900 minor
1431 868 1635 912 syllogismi.
1740 865 1852 908 Quid?
1885 869 1987 913 quod,
2023 865 2104 910 etc.]
2139 864 2268 899 Maior·

1286 921 1327 951 Ιη
1343 924 1418 952 utro
1437 921 1560 962 Iye‘iur,
1596 919 1677 962 etc.]
1707 918 1838 951 Minor.

1388 968 1417 1012 ᾗ.
1434 968 1493 1002 44.
1521 971 1590 1002 Sed
1613 971 1692 1013 qnid
1713 981 1770 1010 eyo
1792 974 1978 1010 aryumenl.
2000 969 2081 1011 etc.]
2110 968 2271 1013 Sequun-

1286 1025 1343 1050 tur
1361 1026 1568 1062 argumenta
1582 1019 1770 1056 facultatis,
1797 1025 1937 1061 sumpta
1954 1020 1997 1051 ab
2017 1019 2271 1059 occasionibus,

1287 1080 1325 1100 ac
1343 1069 1498 1112 primum
1520 1082 1537 1100 a
1555 1075 1714 1112 tempore
1734 1068 1870 1101 itineris
1885 1068 2000 1102 ducit:
2028 1068 2172 1103 Clodius
2187 1069 2273 1104 scie-

1285 1119 1346 1151 bat
1377 1119 1444 1151 iter
1475 1119 1639 1158 Milonis,
1687 1130 1771 1161 ergo
1800 1118 1918 1163 potuit
1949 1126 2085 1153 struere
2115 1120 2273 1155 insidias.

1287 1169 1374 1202 Milo
1392 1170 1569 1203 nesciebat
1584 1171 1651 1203 iter
1668 1169 1803 1209 Clodii,
1831 1182 1914 1213 ergo
1934 1182 1977 1203 ne
1994 1170 2112 1214 potuit
2129 1170 2273 1216 quidem

1286 1221 1405 1253 moliri
1428 1221 1583 1255 insidias.
1635 1221 1807 1254 Probatio
1831 1227 1882 1253 cst
1907 1222 2161 1256 antecedentis:
2191 1221 2274 1255 Clo-

1287 1272 1365 1305 dius
1392 1270 1516 1305 habuit
1545 1284 1685 1305 causam
1710 1271 1879 1304 manendi
1910 1272 1947 1305 in
1976 1274 2083 1313 urbe,
2119 1284 2203 1316 ergo
2226 1284 2272 1305 ne

1288 1323 1429 1367 quidem
1453 1323 1518 1356 suit
1542 1323 1717 1363 exiturus,
1750 1323 1817 1355 nisi
1841 1323 1885 1355 ad
1910 1323 2100 1367 cogitatum
2124 1323 2274 1358 facinus.

1285 1374 1430 1407 Aditum
1450 1380 1568 1407 autem
1586 1374 1668 1406 facit
1684 1374 1728 1406 ad
1745 1380 1953 1417 argumenta
1970 1374 2158 1415 facultatis,
2178 1387 2274 1407 coin-

1288 1425 1546 1458 memoratione
1563 1424 1741 1458 minarum
1754 1425 1889 1466 Clodii,
1912 1425 1948 1457 in
1968 1425 2094 1470 quibus
2111 1426 2168 1459 ille
2185 1432 2273 1458 tem-

1287 1489 1351 1521 pus
1376 1477 1618 1510 constituerat.

1389 1528 1474 1571 Cap.
1499 1526 1605 1561 XVII.
1647 1525 1677 1570 ἓ.
1700 1526 1759 1561 46.
1799 1528 1883 1561 Pub.
1913 1528 2060 1561 Clodium
2084 1528 2140 1560 illo
2159 1528 2214 1560 de'e
2235 1528 2273 1560 in

1286 1580 1431 1623 Albano]
1460 1579 1615 1623 Quidam
1633 1578 1730 1612 testis
1747 1579 1900 1617 dixerat,
1928 1578 2091 1611 Clodium
2106 1577 2213 1610 fuisse
2234 1576 2273 1608 in

1286 1631 1425 1662 Albano
1440 1635 1753 1673 pernoctaturum,
1780 1630 1839 1662 sed
1858 1629 2020 1661 nuntiata
2038 1628 2122 1672 Cyri
2145 1633 2272 1666 morto,

1287 1686 1430 1723 repente
1447 1692 1526 1713 eum
1546 1686 1698 1713 mutasse
1724 1679 1929 1719 consilium,
1964 1685 1997 1712 et
2013 1678 2165 1711 Romam
2191 1690 2274 1722 pro-

1287 1743 1439 1774 perasse.
1492 1731 1605 1764 Huius
1622 1731 1815 1764 testimonii
1831 1730 1978 1763 alteram
1998 1736 2136 1773 partem
2155 1730 2273 1762 detor-

1289 1788 1371 1826 quet
1397 1782 1519 1814 Cirero
1553 1783 1597 1813 ad
1623 1782 1767 1814 Milonis
1796 1781 2074 1814 excusationem:
2119 1781 2156 1814 Si
2179 1779 2274 1813 enim

1289 1833 1433 1865 Clodius
1465 1833 1501 1865 in
1524 1832 1663 1864 Albano
1694 1844 1882 1865 mansurus
1914 1839 2007 1872 erat,
2049 1844 2132 1876 crgo
2156 1842 2272 1876 neque

1289 1896 1445 1928 egressus
1471 1890 1521 1917 est
1536 1884 1644 1923 Milo,
1677 1889 1717 1915 ut
1736 1883 1767 1915 ei
1793 1889 2010 1923 occurreret,
2046 1894 2161 1928 neque
2185 1881 2274 1916 scire

1288 1935 1404 1979 potuit
1423 1947 1503 1968 eum
1521 1947 1593 1968 esse
1612 1933 1822 1968 rediturum.
1875 1935 2032 1967 Alteram
2051 1940 2188 1979 partem
2205 1932 2274 1966 cal-

1288 1987 1357 2019 lide
1376 1986 1536 2019 invertit:
1565 1986 1602 2019 Si
1619 1985 1762 2019 Clodius
1778 1986 1893 2019 subito
1911 1985 2061 2019 mutavit
2076 1985 2275 2024 consilium,

1289 2050 1372 2081 ergo
1395 2050 1469 2070 non
1493 2038 1535 2070 de
1561 2037 1644 2082 Cyri
1668 2043 1782 2069 morte
1807 2037 2010 2070 nuntiatum
2038 2043 2106 2077 est,
2145 2037 2206 2070 sed
2229 2035 2272 2068 de

1288 2090 1442 2121 adventu
1460 2089 1616 2122 Milonis.
1674 2087 1725 2121 Ita
1742 2088 1845 2121 diluit
1858 2088 2122 2128 testimonium,
2154 2093 2188 2120 et
2212 2086 2274 2118 ad-

1288 2140 1338 2172 dit
1363 2140 1518 2173 rationes
1542 2141 1584 2172 de
1611 2139 1723 2184 Cyro,
1766 2152 1840 2172 non
1870 2140 1975 2173 fuisse
2008 2151 2168 2178 causam,
2210 2148 2273 2170 cur

1288 2197 1497 2236 properaret
1532 2197 1678 2235 propter
1706 2190 1789 2235 Cyri
1823 2197 1986 2224 mortem.
2049 2190 2185 2222 Deinde
2220 2200 2272 2221 se-

1288 2249 1446 2288 quuntur
1470 2243 1626 2276 rationes
1658 2248 1819 2286 sumptae
1847 2254 1866 2274 a
1897 2243 1987 2275 loco.
2052 2240 2191 2274 Prima:
2234 2238 2272 2272 Si

1288 2294 1376 2326 Milo
1393 2293 1525 2327 sciebat
1549 2294 1715 2327 advenire
1737 2293 1921 2333 Clodium,
1950 2292 2070 2325 debuit
2090 2303 2163 2324 non
2187 2303 2271 2335 pro-

1288 2345 1343 2378 cul
1360 2345 1404 2378 ab
1426 2345 1512 2378 urbe
1532 2342 1700 2389 provebi,
1729 2344 1810 2390 quia
1837 2344 1972 2378 facilius
1995 2343 2163 2376 occultari
2186 2341 2270 2375 saci-

1287 2409 1352 2429 nus
1369 2392 1486 2440 potuit
1500 2396 1536 2429 in
1555 2396 1738 2442 viciniam)
1756 2395 1863 2430 urbis.
1922 2395 2080 2428 Secunda
2107 2394 2148 2427 de
2172 2393 2267 2428 loco:

1287 2448 1374 2480 Milo
1397 2447 1517 2480 debuit
1532 2447 1656 2481 Clodio
1681 2458 1882 2486 occurrere,
1916 2446 2122 2491 priusquam
2145 2445 2182 2477 in
2206 2445 2270 2477 vil-

1320 2556 1366 2587 62)
1387 2563 1443 2580 cum
1463 2557 1559 2586 posset
1581 2556 1642 2579 siue
1667 2554 1802 2584 periculo.
1833 2555 1933 2583 quanto
1958 2553 2047 2577 miuus
2071 2560 2142 2578 nune
2165 2553 2267 2582 voluit]

1355 2591 1396 2614 sic
1419 2591 1503 2614 Editt.
1526 2590 1637 2614 1535—
1654 2590 1741 2615 15:19..
1768 2588 1858 2615 1553..
1887 2589 1977 2614 1554..
2004 2588 2093 2619 1568.;
2127 2588 2156 2612 in
2180 2588 2266 2612 Editt.

1358 2626 1449 2653 ¹5⁴4..
1471 2626 1562 2654 1545.‚
1583 2624 1655 2647 ¹563.
1674 2626 1700 2646 et
1719 2623 1812 2647 Coton.
1832 2624 1896 2645 hacc
1916 2623 1998 2646 verba
2016 2623 2123 2647 desunt.

1321 2667 1368 2694 63)
1389 2667 1585 2697 exaggeratur]
1605 2665 1652 2688 Ed.
1673 2664 1746 2688 ¹5³9.
1760 2664 1788 2687 Ρ.
1809 2667 1985 2696 exaggerant.

1321 2710 1368 2738 64)
1388 2709 1502 2738 vicinia]
1521 2708 1571 2733 Ed.
1586 2708 1658 2731 1566.
1678 2707 1774 2731 vicina.
