2347 3000
49 118 119 153 461

580 114 621 149 V.
686 112 1017 159 QUAESTIONES
1050 113 1269 160 ALIQUOT
1303 115 1522 152 ETHICAE.

1987 124 2062 160 462

44 202 258 237 solutionem
274 213 292 234 a
310 200 495 246 pontifice,
522 205 556 232 et
570 196 636 232 hac
661 199 884 232 absolutione
906 199 1028 232 dicunt
1080 200 1257 233 Caudinas
1268 200 1334 246 ¹9),
1378 208 1411 235 et
1437 202 1650 249 Manciniw)
1686 205 1730 237 ad
1762 204 2062 253 Numantiamm),

43 253 189 287 liberari
214 265 292 286 cum
318 252 378 297 qui
401 249 550 290 iuravit,
583 262 627 283 ne
650 250 862 293 conscientia
887 250 932 283 sit
954 262 1026 291 rea,

43 305 73 339 si
93 317 167 338 non
190 309 343 348 praestet
366 301 554 346 promissa.
604 300 673 335 Sed
698 299 755 334 hie
778 314 878 334 error
904 308 1026 335 contu-

43 356 208 389 meliosus
232 360 282 387 est
306 359 428 386 contra
453 352 591 392 Deum,
632 359 667 385 et
696 353 852 385 cumulat
874 359 1025 397 peccata.

41 406 138 441 Nulli
156 405 249 438 enim
265 402 426 437 homines
442 410 590 447 possunt
608 404 743 437 solvere
768 404 948 437 vinculum
972 405 1025 437 iu-

40 456 208 495 ramenti,
245 468 325 488 cum
349 455 538 499 promissio
570 467 607 487 re
640 456 714 500 ipsa
743 457 949 488 confirmata
974 461 1024 488 est

40 520 123 540 vero
141 507 353 545 iuramento,
377 506 459 551 quia
476 504 561 539 haec
579 506 746 550 obligatio
765 508 803 539 fit
820 506 1022 538 immediate

38 559 130 590 inter
148 557 263 591 Deum
291 564 324 590 et
343 555 544 599 hominem,
571 564 611 591 ut
626 555 752 591 Matth.
769 556 804 596 5,
821 556 914 602 (33.)
938 557 1022 589 dici-

36 615 110 641 tur:
135 607 219 642 Non
242 609 434 652 peierabis,
469 610 529 642 sed
553 609 666 642 solves
681 609 757 641 Deo
780 609 1020 640 iuramentum

35 665 148 693 tuum.
215 658 289 693 Iam
316 673 396 693 cuni
420 660 457 691 in
478 660 538 692 illo
562 672 643 692 casu
668 661 710 692 de
732 665 849 698 metu,
884 659 926 691 de
950 671 1020 703 quo

35 710 200 749 diximus,
216 711 405 754 promissio
422 712 630 743 confirmata
649 711 693 743 sit
706 722 789 742 vero
807 709 1020 749 iural'uento,

32 761 260 795 manifestum
278 768 329 796 est
345 762 602 795 absolutionem
616 761 825 805 pontificum
842 773 1020 793 commen-

33 812 150 845 titiam
167 825 252 847 esse.

133 888 269 921 Rursus
288 887 325 920 in
342 888 497 927 casibus,
524 886 585 920 ubi
601 886 790 930 promissio
809 899 881 919 non
908 893 959 920 est
981 899 1019 920 re

33 949 115 971 vera
139 938 398 979 iuramentum,
432 950 506 971 non
529 939 732 984 quaerenda
758 944 807 970 est
832 939 1019 972 absolutio.

30 988 113 1023 Non
141 989 235 1021 enim
258 990 452 1022 ludendum
484 995 535 1021 est
564 995 748 1032 praetextu
774 989 1018 1023 absolutionis.

28 1039 81 1072 Ut
103 1052 181 1072 cum
206 1040 300 1072 iurat
324 1040 451 1085 aliquis
473 1052 508 1072 se
531 1040 706 1072 facturum
738 1051 809 1072 esse
839 1040 974 1085 aliquid
999 1053 1016 1073 a

27 1090 105 1123 Deo
137 1089 377 1134 prohibitum,
416 1097 475 1123 aut
508 1103 586 1122 cum
618 1091 744 1122 mulier
774 1090 855 1122 xix-0
889 1091 1017 1123 marito

28 1141 209 1186 promittit
232 1141 334 1173 alteri
359 1141 560 1184 coniugium
584 1141 742 1173 futurum
764 1147 844 1183 post
867 1148 1017 1174 mortem

28 1192 167 1232 mariti,
195 1199 257 1225 aut
272 1204 350 1224 cuni
370 1204 458 1236 puer
480 1192 629 1230 iuravit,
658 1191 719 1236 qui
734 1197 945 1235 potestaten-n
966 1192 1017 1225 iu-

28 1243 134 1276 randi
151 1241 366 1283 nonhabet,
394 1243 431 1274 in
456 1242 581 1274 talibus
608 1242 743 1275 casIbus
763 1242 1016 1285 promissiones

27 1306 66 1326 re
93 1294 168 1338 ipsa
203 1306 277 1326 non
313 1300 395 1327 sunt
426 1293 644 1332 iuramenta,
690 1305 753 1325 nec
782 1293 1016 1326 eonscientiae

27 1345 225 1377 turbandae
249 1351 347 1383 sunt,
390 1346 450 1378 sed
474 1344 652 1377 docendae
676 1355 851 1388 quaenam
879 1357 917 1377 re
940 1344 1015 1388 ipsa

27 1395 99 1428 sint
108 1395 152 1441 ¹⁷)
170 1395 382 1429 iuramenta.

128 1504 247 1549 Quae
275 1507 497 1548 personae
526 1502 680 1535 iurare
715 1501 909 1545 possint.

123 1578 165 1611 In
180 1579 387 1612 iuramentis
406 1585 439 1611 et
457 1588 629 1622 personae
647 1582 680 1608 et
702 1588 758 1609 res
784 1575 1012 1608 consideran—

23 1630 89 1662 dae
118 1635 211 1663 sunt.
271 1630 359 1662 Cum
391 1630 485 1661 enini
518 1629 554 1660 in
583 1627 819 1671 promissione
849 1633 1012 1669 oporteat

23 1692 96 1714 esse
114 1681 404 1713 deliberationem
421 1687 454 1712 et
472 1690 701 1717 consensum,
729 1689 803 1709 non
818 1683 900 1709 sunt
918 1677 1011 1709 iura-

20 1737 140 1764 menta
171 1731 447 1765 asseverationes
481 1742 602 1762 earum
633 1740 887 1772 personarum,
925 1740 1010 1772 qua-

19 1794 101 1815 rum
118 1783 215 1815 nulla
234 1788 284 1815 est
306 1781 533 1821 deliberatio,
561 1786 599 1813 ut
622 1791 814 1823 puerorum
843 1785 876 1811 et
901 1779 1010 1811 surio-

19 1845 162 1873 sorum‚
205 1833 288 1866 item
314 1834 438 1866 fraude
462 1833 805 1870 circumventorum‚
843 1830 926 1862 item
953 1843 1009 1863 ea-

18 1896 100 1917 rum
125 1884 252 1929 quibus
272 1884 328 1917 lex
353 1883 478 1916 adimit
499 1882 746 1921 autoritatem,
774 1887 814 1914 ut
837 1887 919 1914 sunt
944 1894 1008 1925 pu-

17 1934 114 1979 pilli,
156 1935 260 1975 item,
303 1947 381 1968 cum
408 1934 651 1968 filiusfamilias
678 1938 739 1965 aut
760 1933 829 1965 filia
855 1932 949 1964 iurat
972 1945 1006 1966 se

19 1997 148 2030 corpus
170 1992 231 2018 aut
252 1997 327 2018 rem
353 1998 373 2018 a
398 1993 498 2029 patre
525 1985 762 2017 alienaturum
793 1995 883 2022 esse,
927 1996 1005 2016 cum

17 2042 139 2069 tamen
157 2036 202 2070 sit
213 2036 257 2082 l⁸¹)
276 2036 312 2069 in
326 2037 470 2071 alterius
487 2042 672 2081 potestate.
731 2033 816 2067 Item
840 2047 919 2067 cum
945 2032 1007 2067 ba—

15 2087 103 2122 bens
118 2088 285 2120 mandata
303 2088 344 2120 de
362 2088 463 2122 certis
480 2088 583 2121 rebus
599 2085 778 2130 egreditur
799 2087 883 2118 fines
906 2098 1006 2118 man-

16 2138 110 2179 dati,
138 2144 172 2171 et
187 2139 365 2183 promittit
378 2139 421 2171 de
440 2139 555 2172 aliena
571 2139 771 2177 voluntate,
799 2150 905 2182 quam
931 2149 1005 2170 non

16 2186 124 2223 habet
142 2190 180 2222 in
199 2202 261 2224 sua
279 2196 465 2235 potestate.

118 2263 261 2298 Talium
292 2275 526 2308 personarum
549 2260 803 2306 promissiones
826 2273 899 2294 non
922 2268 1004 2295 sunt

16 2312 212 2347 iuramenta
224 2342 234 2356 ‚
261 2328 326 2348 nee
341 2316 454 2347 facere
472 2312 646 2358 promissa
664 2324 801 2345 necesse
819 2319 888 2352 est,
914 2313 1004 2346 sicut

16 2370 156 2399 senatus
178 2365 363 2400 Romanus
386 2365 561 2410 promissa
584 2361 785 2398 Postlnnuii
818 2365 862 2396 ad
885 2364 1002 2399 furcas

84 2508 178 2538 potest
198 2507 258 2532 sine
275 2507 387 2532 interitu
405 2507 506 2532 salutis
525 2507 670 2535 aeternae,
691 2505 856 2529 servandum
877 2507 935 2535 est;
954 2513 999 2530 ec-

82 2542 168 2565 clesia
191 2543 282 2567 tamen
299 2543 421 2567 Roma-na
444 2541 587 2567 cousuevit
613 2546 631 2564 a
654 2540 703 2564 tali
728 2540 879 2563 iuramento
903 2542 999 2566 absol-

80 2581 158 2599 vere.

47 2626 95 2656 17)
113 2626 184 2684 sitnt]
203 2625 243 2650 sic
259 2627 335 2651 recte
352 2627 421 2652 Edit.
443 2627 536 2658 1552.;
567 2626 651 2650 Editt.
668 2625 760 2654 1554..
780 2624 856 2649 1557.
876 2626 903 2648 et
923 2625 998 2650 1560.

79 2666 130 2684 sun
145 2677 153 2686 .

46 2710 93 2741 18)
112 2711 163 2741 sit]
180 2710 220 2736 sic
237 2711 320 2736 Effitt.
340 2711 434 2744 1552„
455 2712 530 2737 1554.
550 2713 578 2736 et
597 2710 688 2741 155⁷.;
711 2709 783 2734 Edit.
805 2709 879 2734 1560.
898 2709 936 2734 fit.

1018 2420 1030 2738 1

1076 251 1323 295 pronuntiavit
1347 252 1447 286 irrita
1472 266 1562 294 esse,
1591 255 1673 300 quia
1692 257 1796 289 duces
1815 258 1942 299 egressi
1961 266 2062 292 erant

1075 303 1161 335 fines
1187 303 1358 337 mandati.
1423 304 1470 337 At
1502 305 1618 349 primo
1641 306 1734 339 bello
1765 307 1901 340 Punico
1932 307 2061 341 Lucta-

1075 354 1144 386 tius
1154 352 1218 398 ²2),
1246 360 1280 386 et
1295 357 1447 389 secundo
1464 356 1581 401 Scipio
1591 357 1637 403 23)
1654 370 1774 402 pacem
1798 358 1957 392 fecerunt
1981 372 2061 393 cum

1077 402 1446 448 Carthaginiensibus,
1475 420 1564 452 quae.
1581 421 1652 441 non
1671 410 1769 453 prius
1785 409 1916 450 valuit,
1953 423 2059 455 quain

1076 466 1093 487 a
1111 461 1234 488 senatu
1252 456 1416 489 l‘tomano
1435 461 1663 503 comprobata
1683 467 1745 494 esi..

1175 504 1225 538 lta
1252 507 1380 539 dieitur
1402 509 1549 550 usitate,
1584 512 1676 543 valet
1701 511 1938 545 iuramentum
1962 512 2059 545 salvo

1075 556 1149 588 iure
1183 557 1388 600 superioris.
1453 560 1533 604 Quo
1566 562 1659 594 dicto
1686 575 1912 607 nequaquam
1938 569 2059 595 tamen

1075 607 1278 640 conceditur
1293 615 1447 652 potestas
1461 612 1636 655 superiori
1661 613 1837 658 quaelibet
1861 614 2061 647 iuramenta

1074 657 1285 691 inseri0rum
1303 662 1531 695 retractandi.

1176 709 1368 742 Moventur
1384 718 1499 744 auten]
1518 710 1575 744 liic
1598 712 1873 756 disputationes,
1908 727 1954 748 an
1979 728 2059 748 cum

1073 759 1167 792 iurat
1184 760 1358 804 quispiam
1375 774 1409 794 se
1426 763 1600 795 facturum
1619 776 1690 796 esse
1709 764 1855 809 aliquid,
1874 768 1969 810 quod
1986 767 2061 810 lege

1073 808 1229 843 humana
1246 809 1467 854 prohibitum
1485 820 1555 853 est,
1583 813 1822 847 iuramentum
1841 818 1967 851 valeat.

1174 861 1406 906 RespondeO:
1435 864 1523 897 Cum
1541 864 1687 897 violatio
1711 865 1797 909 legis
1820 866 1954 911 alioqui
1971 873 2061 900 esset

1072 918 1273 955 peccatum,
1301 920 1385 947 tunc
1410 914 1649 948 iuramentum
1671 916 1746 949 sine
1771 917 1991 950 dubitatione
2010 924 2062 950 est

1072 962 1253 1004 illicitum,
1295 971 1329 997 et
1353 978 1427 998 non
1451 967 1676 1000 servandum.
1736 967 1786 1000 Ut
1812 968 1840 1000 si
1872 968 2060 1012 promittas

1071 1014 1203 1046 latroni
1218 1022 1417 1059 receptum,
1446 1018 1542 1063 quod
1560 1017 1614 1050 lex
1629 1015 1813 1061 probibet,
1841 1025 1901 1052 aut
1923 1019 1951 1052 si
1978 1031 2060 1064 pro-

1072 1064 1190 1098 mittas
1207 1066 1308 1098 alteri
1326 1066 1439 1100 adbuc
1456 1075 1587 1112 nuptae
1607 1069 1822 1113 coniugium.

1171 1116 1240 1148 Sed
1259 1120 1401 1162 quando
1419 1119 1473 1151 lex
1491 1131 1554 1151 nce
1580 1121 1786 1153 mandatum
1801 1147 1809 1160 ,
1845 1133 1909 1153 nee
1936 1118 2060 1164 probi-

1070 1164 1158 1197 bitio
1185 1173 1255 1207 est,
1290 1170 1349 1201 sed
1374 1169 1619 1213 privilegium,
1655 1183 1724 1215 quo
1747 1171 1821 1204 sine
1843 1178 1985 1215 peccato
2008 1171 2060 1204 uti

1070 1222 1188 1259 potes,
1218 1224 1367 1251 autnon
1388 1220 1455 1259 uti,
1486 1227 1568 1253 tunc
1598 1221 1953 1255 valetiuramentum
1981 1235 2059 1266 per—

1070 1278 1177 1299 sonae
1206 1265 1368 1303 habentis
1399 1270 1710 1311 deliberationem,
1753 1279 1791 1305 ut
1821 1286 1899 1306 cum
1931 1273 2060 1318 aliquis

1070 1317 1257 1361 privilegio
1299 1327 1461 1364 exceptus
1500 1322 1678 1365 promittit
1711 1335 1745 1355 se
1781 1324 1869 1356 x'elle
1904 1325 2059 1368 pendere

1070 1370 1272 1402 communia
1303 1372 1447 1405 tributa.
1513 1372 1636 1405 Bonae
1670 1374 1779 1405 menti
1810 1387 1884 1407 non
1907 1375 2058 1408 difficilis

1069 1418 1274 1452 diiudicatio
1301 1428 1351 1454 est
1376 1422 1615 1455 consideranti
1638 1423 1901 1457 distinctionem
1926 1426 2058 1469 legum,

1069 1481 1157 1513 quae
1177 1470 1247 1504 sint
1263 1474 1450 1513 mandata,
1479 1480 1539 1505 aut
1561 1473 1746 1518 privilegia
1773 1476 1837 1509 tibi
1858 1488 1932 1509 non
1958 1489 2057 1509 inan-

1067 1520 1202 1554 dantia.

1099 1637 1147 1664 19)
1167 1638 1242 1660 Bello
1263 1637 1410 1661 Samnitico
1436 1640 1553 1662 seeundo
1580 1645 1604 1664 a.
1619 1647 1644 1665 u.
1661 1648 1682 1664 e.
1696 1642 1772 1669 433..
1797 1642 1856 1668 321.
1872 1649 1896 1668 a.
1914 1643 1992 1672 mm,
2025 1644 2054 1668 T.

1134 1671 1266 1694 Veturius
1282 1672 1414 1694 Calvinus
1435 1675 1461 1695 et
1476 1677 1519 1702 sp.
1533 1674 1690 1698 Postumius
1705 1677 1818 1699 Albinus
1839 1679 1965 1701 eonsules
1984 1678 2054 1707 apud

1133 1704 1270 1728 Caudinas
1289 1706 1380 1728 siu-cas
1401 1707 1514 1730 aedui-to
1534 1708 1561 1730 iu
1583 1709 1669 1732 lot-uui
1689 1712 1792 1733 aretum
1813 1712 1950 1739 exercitu,
1976 1719 2054 1741 quum

1133 1739 1208 1761 nulla
1228 1746 1292 1768 spes
1314 1741 1445 1762 evadendi
1464 1743 1554 1769 esset,
1580 1743 1691 1766 foedere
1712 1751 1769 1767 runi
1786 1746 1951 1768 samnitibus
1971 1747 2054 1776 sacto,

1132 1775 1159 1795 et
1179 1773 1316 1795 sexcentis
1338 1775 1470 1803 equitibus
1492 1776 1620 1799 Romanis
1640 1778 1777 1801 obsidibus
1797 1779 1884 1807 datis,
1916 1780 1954 1803 ita
1973 1786 2054 1802 exer-

1131 1807 1211 1829 cituin
1226 1808 1413 1835 abduxerunt,
1433 1810 1461 1831 ut
1475 1815 1569 1832 omues
1584 1812 1631 1833 sul)
1647 1811 1735 1841 iugum
1749 1813 1936 1842 niittereutur3
1956 1814 2053 1837 iidem-

1130 1848 1196 1870 que,
1216 1843 1329 1864 auctore
1350 1842 1408 1870 ipso
1429 1845 1473 1871 Sp.
1494 1844 1649 1874 Postumio,
1683 1847 1726 1874 qui
1750 1847 1775 1869 in
1795 1849 1892 1870 senatu
1912 1850 2052 1879 suaserat,

1129 1876 1157 1897 ut
1178 1881 1269 1898 eorum
1296 1876 1446 1905 deditione,
1480 1884 1593 1906 quorum
1621 1881 1699 1908 eulpa
1724 1882 1778 1904 tani
1804 1881 1926 1904 deforme
1952 1883 2048 1905 foedus

1130 1909 1210 1932 istum
1231 1911 1303 1937 erat,
1325 1910 1430 1938 publiea
1448 1911 1515 1933 fides
1536 1913 1715 1941 liberaretur,
1735 1922 1793 1938 vuui
1814 1915 1917 1939 duobus
1931 1917 2049 1939 tribunis

1128 1944 1224 1972 plebis,
1244 1946 1270 1966 et
1285 1944 1418 1970 omnibus,
1439 1945 1483 1974 qui
1497 1947 1593 1969 foedus
1607 1949 1820 1980 spoponderant,
1841 1950 1924 1973 dediti
1940 1950 2050 1974 samni-

1128 1978 1217 2005 tibus,
1238 1984 1291 2000 nou
1312 1980 1376 2000 sunt
1397 1980 1508 2008 ret-epti.
1548 1981 1609 2004 Viil.
1630 1982 1688 2004 Liv.
1710 1983 1757 2012 lX,
1780 1984 1884 2008 1—12.

1093 2020 1142 2048 20)
1162 2020 1295 2048 Maueiui]
1315 2020 1398 2044 Editt.
1419 2022 1535 2046 habent:
1561 2023 1685 2049 Mantiui.

1093 2064 1140 2090 21)
1161 2063 1325 2086 Numantino
1346 2064 1416 2087 bello
1443 2071 1467 2087 a.
1482 2072 1506 2089 u.
1525 2072 1546 2088 c.
1562 2066 1638 2097 617.,
1669 2067 1726 2091 137.
1743 2073 1767 2092 a.
1782 2068 1843 2092 Chr.
1865 2069 1894 2094 C.
1915 2069 2049 2093 Hostilius

1127 2098 1268 2120 Mancinus
1294 2097 1382 2120 victus
1406 2104 1423 2122 a
1442 2100 1615 2123 Numantinis
1645 2103 1672 2124 et
1696 2103 1794 2125 eastris
1821 2106 1937 2130 exutus,
1970 2111 2048 2133 quum

1127 2138 1191 2160 spes
1211 2132 1286 2154 nulla
1305 2133 1435 2155 servandi
1454 2134 1589 2157 exereitus
1606 2136 1697 2165 esset,
1721 2142 1812 2165 pat-eu]
1833 2145 1890 2160 euni
1912 2138 1951 2160 eis
1972 2139 2047 2166 fecit,

1127 2172 1205 2195 quam
1226 2167 1315 2189 ratam
1337 2173 1400 2189 esse
1420 2170 1533 2191 senatus
1554 2169 1648 2192 vetuit.
1692 2171 1733 2192 Ad
1756 2172 1950 2195 exsolvendum
1970 2172 2048 2195 liuius

1125 2201 1246 2222 foederis
1267 2201 1400 2230 religione
1420 2203 1544 2230 populum
1565 2203 1722 2233 Mancinus,
1743 2211 1821 2233 quum
1842 2206 1919 2228 liuius
1939 2206 1978 2229 rei
1996 2213 2047 2229 au-

1126 2235 1185 2257 ctor
1205 2235 1320 2262 fuisset,
1343 2235 1450 2258 deditus
1470 2236 1655 2264 Numantinis,
1676 2243 1730 2260 nou
1751 2241 1792 2261 est
1812 2242 1945 2269 receptus.
1983 2241 2046 2266 Yid.

1125 2268 1239 2296 Appiau.
1253 2268 1376 2292 79—83.
1408 2270 1480 2293 Plut.
1501 2271 1555 2294 Til).
1577 2272 1687 2294 Grac-cli.
1704 2272 1791 2296 5—7.
1819 2274 1878 2298 Liv,
1898 2274 1968 2303 Epit.
1986 2275 2045 2298 LV.

1126 2303 1197 2325 LVI.
1231 2302 1293 2326 Yal.
1311 2304 1383 2326 Max.
1405 2304 1426 2332 1,
1446 2304 1469 2327 6.
1489 2304 1514 2327 7.
1534 2317 1569 2322 —-
1612 2306 1759 2335 Utrumque
1787 2309 1937 2337 exemplum
1964 2309 2045 2333 etiaiu

1124 2336 1220 2359 Cicero
1241 2336 1274 2359 de
1294 2337 1371 2360 Ot'fic.
1390 2337 1434 2361 111.
1454 2345 1475 2361 e.
1491 2338 1532 2362 30.
1555 2339 1580 2368 S.
1598 2340 1655 2363 109.
1675 2341 1765 2363 affert.

1087 2387 1135 2415 22)
1155 2388 1185 2410 L.
1205 2387 1332 2410 Lutatius
1351 2388 1465 2411 Catulus
1486 2388 1731 2419 Carthaginienses
1757 2397 1781 2414 a.
1800 2398 1824 2414 u.
1843 2399 1864 2416 e.
1878 2393 1953 2421 512..
1984 2395 2043 2421 242.

1121 2427 1146 2445 a.
1165 2421 1228 2444 Chr.
1247 2422 1281 2444 ad
1299 2423 1421 2451 Aegates
1442 2422 1545 2445 insulas
1565 2424 1652 2446 victos
1671 2425 1776 2452 coegit,
1807 2428 1836 2449 ut
1854 2433 1946 2456 paceni
1966 2431 2043 2458 pete-

1236 2455 1267 2478 ln
1289 2456 1338 2478 hoe
1355 2456 1456 2478 Lutatii
1478 2457 1694 2487 Haiuitearisque
1714 2460 1824 2483 foedere
1843 2462 1945 2485 diserte
1964 2464 2042 2486 addi-

1737 2528 1816 2552 Oros.
1833 2529 1882 2561 lv,
1902 2531 1941 2555 11.
1971 2498 2041 2556 dolii.

1121 2457 1254 2518 iiiiiltest7
1281 2490 1319 2512 ita
1340 2489 1366 2512 id
1386 2492 1473 2513 ratum
1494 2492 1567 2519 sore,
1595 2492 1618 2514 si
1637 2493 1752 2521 populus
1772 2496 1934 2520 censuisset.

1122 2523 1218 2552 Polyb.
1234 2524 1255 2549 l,
1274 2524 1397 2549 62—64.
1442 2525 1542 2549 Zonar.
1559 2525 1632 2557 vul,
1655 2527 1693 2550 17.

1121 2557 1180 2580 Liv.
1198 2558 1275 2588 XXI,
1297 2557 1336 2580 19.

1083 2607 1131 2635 23)
1152 2608 1179 2631 P.
1199 2607 1344 2631 Cornelius
1364 2608 1453 2638 Scipio
1468 2609 1616 2633 Africanus
1636 2611 1752 2640 (maior)
1771 2619 1796 2636 a.
1811 2620 1836 2639 u.
1854 2621 1876 2637 c.
1890 2616 1961 2643 552,
1980 2617 2040 2640 202.

1118 2648 1143 2665 a.
1160 2642 1222 2665 Chr.
1242 2643 1420 2665 Hannibalem
1446 2643 1479 2666 ad
1499 2644 1610 2667 Zamam
1634 2645 1673 2668 ita
1697 2647 1813 2675 devicit,
1844 2651 1872 2671 ut
1893 2644 2039 2681 Carthagi-

1117 2676 1228 2699 nienses
1248 2681 1320 2699 auno
1340 2678 1464 2706 sequenti
1484 2684 1575 2707 pacem
1588 2680 1727 2708 peterent,
1748 2688 1825 2711 quain
1839 2684 2040 2708 conditionibu-

1117 2716 1134 2734 a
1152 2710 1230 2734 Livio
1243 2710 1335 2741 XXX,
1354 2711 1394 2735 37.
1415 2712 1553 2736 enarratis
1572 2712 1762 2743 impetrarunt.
