2347 3000
198 136 271 171 583

301 221 507 265 Opponitur
539 225 655 252 autem
688 215 754 250 1100
781 220 1029 258 argumentum
1052 212 1187 257 praeci-

203 285 330 317 puum:

252 323 405 367 Emptor
421 323 457 354 sit
473 320 638 353 domiuus
654 317 704 350 rei
722 323 859 360 emptae
875 322 909 349 et
928 316 1090 349 traditae.

253 373 292 406 In
310 372 376 407 1100
393 377 575 405 contractu
599 369 737 401 videtur
762 374 901 411 emptor
923 380 996 400 non
1024 367 1099 399 fleri
1127 366 1189 398 tlo-

306 425 440 463 minus,
468 422 550 466 quia
566 432 640 452 non
656 419 736 452 lieet
752 419 780 451 01
798 420 946 452 fundum
963 419 1062 451 illum
1078 424 1190 450 trans-

305 478 394 508 ferre
414 475 449 505 in
468 473 575 504 alium
594 483 656 504 suo
676 470 844 510 arbitrio,
871 472 931 504 sed
956 470 991 503 in
1018 474 1190 514 potestate

307 523 501 558 xenditoris
520 529 570 556 est
588 535 666 555 eum
686 521 872 555 redimere.

256 578 336 612 Non
368 582 418 609 est
446 574 553 617 igitur
583 573 737 617 emptio,
777 573 837 606 sed
867 572 984 616 potitis
1015 569 1190 605 mutuatio

307 640 385 660 eum
404 624 714 670 oppignoratione.

307 678 519 722 Respondet)
537 677 582 708 ad
600 675 793 708 minorem:
823 674 989 708 Conditio
1009 674 1051 706 de
1069 684 1193 705 reven-

205 731 321 764 dendo
346 742 420 762 non
445 728 535 760 tollit
557 733 722 759 naturam
739 725 909 765 dominii,
936 738 1000 757 nee
1016 723 1194 768 prohibet,

206 795 276 828 quo
293 781 418 826 *minus
439 785 579 823 emptor
603 790 683 811 vere
708 777 753 811 sit
776 777 962 816 dominus,
1001 782 1040 809 111
1065 776 1093 808 51
1116 775 1193 820 quis

205 846 287 866 vere
312 832 477 865 dominus
503 829 644 862 aedium
670 841 834 867 suarum,
874 828 1024 871 obliget,
1067 839 1101 860 se
1136 838 1194 858 eas

207 886 308 918 aedes
328 884 372 916 ad
388 882 525 915 nullum
543 881 651 914 alium
676 881 951 918 translaturum,
983 877 1051 911 nisi
1077 878 1120 910 ad
1149 883 1194 916 te,

206 937 278 970 sive
303 934 497 967 donatione
523 932 595 966 sive
617 931 839 964 venditione:
882 930 909 963 is
934 936 1052 962 tamen
1074 933 1195 961 manet

209 987 379 1030 tantisper
410 996 491 1017 vere
528 983 713 1023 dominus,
761 994 967 1027 quanquam
1004 981 1193 1013 transferre

208 1040 311 1072 aedes
329 1038 373 1070 ad
391 1036 499 1068 alium
517 1046 590 1066 non
608 1040 734 1078 potest.

308 1088 359 1121 Ita
379 1088 481 1120 docet
499 1085 767 1118 iurisconsultus
791 1083 832 1115 (le
851 1083 1041 1115 xerborum
1063 1081 1195 1122 obliga-

209 1141 383 1179 tionibus,
411 1139 484 1181 lege
500 1136 550 1169 Ita
569 1137 646 1181 quis
656 1136 714 1180 ²²¹),
742 1131 967 1178 paragrapho
984 1132 1035 1164 Ea
1052 1132 1127 1174 lege
1137 1131 1196 1176 Α5),

207 1194 267 1226 ubi
284 1191 430 1229 dicitur,
458 1200 598 1221 servum
617 1188 789 1219 donatum
807 1197 879 1217 esse
899 1183 962 1216 hae
980 1183 1196 1221 conditione,

208 1257 252 1277 ne
272 1244 314 1276 ad
333 1242 441 1274 alium
461 1238 730 1278 transferretur,
758 1243 791 1269 et
814 1242 932 1268 tamen
957 1235 994 1266 111
1017 1234 1092 1277 lege
1114 1245 1195 1265 vere

208 1301 259 1329 est
275 1294 347 1327 eius
362 1290 453 1326 servi
471 1289 648 1323 dominus.

310 1345 400 1377 Sunt
428 1347 545 1374 autem
578 1347 648 1373 tres
681 1340 818 1372 somnae
848 1335 952 1370 11111115
983 1341 1196 1374 contractus,

209 1397 265 1431 cui
282 1394 439 1429 conditio
455 1394 496 1426 de
514 1392 741 1425 rerendendo
759 1388 912 1422 additur.
940 1388 1063 1420 Prima
1080 1388 1195 1419 forma

208 1450 245 1482 in
263 1447 427 1481 omnibus
444 1443 602 1487 imperiis
625 1442 690 1475 suit
716 1447 749 1473 et
771 1447 821 1474 est
840 1439 1066 1472 usitatissima
1079 1465 1088 1478 ‚
1116 1450 1196 1471 cum

208 1501 336 1534 fundus
356 1510 395 1529 ea
413 1494 616 1528 conditione
633 1493 774 1525 emitur.
827 1491 986 1523 Secunda
1002 1491 1114 1522 forma
1135 1495 1196 1528 est,

208 1565 287 1585 011111
307 1549 436 1582 emitur
453 1552 566 1579 certus
581 1544 715 1577 reditus
734 1543 769 1575 in
787 1543 896 1574 fundo
914 1547 1022 1574 certo.
1073 1540 1195 1573 Tertia

208 1606 322 1637 forma
342 1606 410 1637 est,
443 1610 522 1630 cum
544 1596 677 1628 reditus
703 1593 928 1627 constituitur
945 1592 1069 1625 nonin
1086 1592 1196 1625 fundo

209 1660 324 1691 certo,
352 1651 413 1684 sed
439 1649 476 1681 in
497 1653 573 1681 toto
600 1646 740 1679 cumulo
763 1645 940 1677 bonorum
965 1643 1131 1682 alicuius,
1159 1649 1197 1674 ut

208 1718 287 1739 cum
307 1707 472 1736 emuntur
490 1699 623 1732 reditus
639 1695 820 1731 constituti
843 1695 880 1727 in
904 1694 1068 1727 omnibus
1094 1693 1196 1727 bonis

209 1756 356 1790 alieuius
373 1750 601 1796 reipublicae.

308 1812 425 1847 Facile
443 1817 494 1843 est
511 1809 548 1842 in
564 1809 678 1853 prima
696 1807 811 1840 forma
829 1805 1014 1838 ostendere
1037 1806 1197 1838 substan-

208 1866 305 1900 tialia
323 1868 540 1898 contractus:
567 1860 714 1893 Fundus
740 1864 791 1891 est
812 1869 932 1895 merx,
958 1856 1113 1900 pretium
1138 1868 1197 1900 pe-

208 1917 311 1952 cunia
344 1921 443 1948 tanto
473 1923 623 1946 numero
658 1911 761 1949 data,
797 1913 951 1953 (piantus
975 1913 1026 1941 est
1048 1907 1197 1941 usitatus

205 1982 272 2014 pro
297 1967 407 2000 fundo
429 1965 502 1998 sine
527 1963 667 1996 fraude:
704 1960 922 1998 consensus,
952 1971 1022 2003 quo
1048 1965 1197 2004 uterque

208 2021 282 2055 51110
310 2018 432 2051 fraude
456 2015 578 2047 volens
602 2026 637 2046 se
662 2012 785 2051 offert,
829 2017 862 2043 et
891 2009 1034 2054 quidem
1057 2017 1197 2054 emptor

209 2076 335 2105 onerat
357 2081 392 2102 se
415 2079 489 2100 non
510 2065 579 2098 levi
603 2063 851 2101 incommodo,
892 2062 987 2105 quod
1019 2061 1061 2093 de
1085 2062 1196 2094 fundo

209 2133 367 2156 cessurus
387 2125 455 2158 est,
483 2129 561 2150 011111
581 2115 667 2148 alter
684 2113 758 2146 vult
773 2113 958 2145 redimere.

309 2180 351 2213 In
379 2180 494 2212 forma
525 2174 677 2209 secunda
702 2184 802 2205 merx
823 2178 874 2205 051
896 2171 950 2204 1115
974 2171 1194 2215 percipiendi

209 2239 343 2267 certum
359 2229 514 2263 reditum
536 2239 577 2260 ex
597 2225 707 2259 fundo
729 2223 890 2263 alterius,
923 2228 963 2255 ut
985 2223 1013 2256 si
1036 2223 1197 2263 servitus,

210 2291 326 2324 actus,
361 2287 423 2315 aut
454 2280 541 2319 iter,
578 2289 641 2322 per
672 2275 816 2309 alterius
849 2285 974 2318 agrum
1009 2281 1196 2308 emeretur.

209 2336 301 2370 Nam
319 2340 353 2367 01
368 2331 552 2366 servitutes
569 2333 718 2373 possunt
734 2326 802 2359 emi
819 2332 852 2358 et
866 2325 989 2358 vendi:
1028 2325 1196 2369 pretium,

210 2385 357 2431 pecunia
373 2385 454 2417 data
472 2387 570 2415 tanto
594 2390 743 2413 numero
755 2404 763 2417 ,
791 2383 945 2422 quantus
962 2388 1028 2421 pro
1046 2389 1196 2422 propor-

212 2438 307 2470 tione
340 2435 399 2468 tali
430 2431 594 2479 pensioni
630 2429 832 2474 respondet.
902 2428 1101 2463 consensus
1133 2435 1195 2469 est,

212 2488 295 2534 quia
310 2493 458 2532 uterque
474 2484 549 2519 sine
566 2483 689 2516 fraude
707 2480 829 2514 volens
847 2491 881 2513 50
901 2479 1015 2513 offert.

245 2620 293 2647 24)
312 2618 416 2647 nigest.
426 2617 509 2640 XLV.
524 2617 564 2640 tit.
575 2617 597 2640 1.
612 2617 645 2639 de
659 2616 804 2639 verborum
818 2614 1042 2646 obligationibus,
1055 2613 1194 2644 legem-3,

280 2659 349 2683 quae
368 2652 394 2674 in
414 2652 479 2675 edit.
499 2650 610 2674 Halensi
629 2656 645 2673 a
664 2650 772 2673 verbis:
806 2650 846 2674 lta
865 2649 941 2680 qais,
972 2650 1000 2672 in
1019 2649 1112 2673 Beckit
1131 2649 1194 2673 edit.

279 2689 370 2711 autem
388 2687 432 2714 (Τ.
444 2685 464 2708 l.
482 2685 510 2708 P.
524 2685 557 2707 11.
578 2691 602 2714 p.
616 2685 691 2712 843.)
709 2689 725 2707 a
743 2684 850 2708 verbis:
871 2685 901 2710 si
919 2684 957 2708 ita.
975 2683 1052 2715 quis,
1071 2683 1176 2714 incipit.

245 2739 295 2768 25)
313 2738 353 2762 Ab
369 2736 413 2761 his
431 2735 525 2761 verbis
542 2734 683 2759 exorditur
702 2733 727 2765 S.
742 2734 767 2760 3.

767 130 888 164 PHIL.
923 128 1023 162 MEL
1057 124 1258 161 SCRIPTA
1291 122 1629 160 PHILOLOGICA.

2147 123 2224 159 584

1340 210 1423 243 Dixi
1437 217 1554 243 autem
1572 209 1712 243 tertiam
1731 209 1883 242 sormam
1903 207 2007 243 huius
2026 215 2224 244 contractus

1242 273 1325 301 esse,
1354 274 1431 294 cum
1450 262 1582 294 reditus
1601 273 1673 293 11011
1690 261 1916 294 constituitur
1934 260 1969 292 in
1988 266 2082 293 certo
2102 261 2224 301 fundo,

1241 313 1301 345 sed
1332 312 1369 344 iu
1403 318 1476 344 toto
1508 313 1648 344 0111111110
1678 312 1855 345 bonorum
1883 311 2047 351 alicuius,
2089 317 2127 344 ut
2147 324 2226 344 cum

1243 369 1409 395 emuntur
1432 363 1565 395 reditus
1589 363 1768 395 constituti
1795 363 1830 394 in
1856 363 2019 396 munibus
2039 362 2141 396 bonis
2167 362 2229 394 ali-

1243 414 1339 447 0111115
1366 413 1590 457 reipublicae.
1658 412 1696 444 ln
1729 411 1794 446 hac
1828 414 1927 446 tertia
1952 415 2066 446 forma
2089 413 2229 447 xidetur

1244 463 1309 497 1100
1333 465 1515 498 adversari
1543 463 1734 507 emptioni,
1779 466 1873 509 quod
1898 477 1971 497 non
1997 465 2133 497 videtur
2157 475 2229 497 esse

1244 528 1341 548 merx
1377 522 1490 555 certa,
1532 528 1609 547 cum
1636 515 1768 548 reditus
1792 527 1864 547 non
1893 516 2101 549 constitutus
2126 516 2170 549 sit
2193 515 2230 547 in

1244 568 1353 600 [ululo
1373 573 1488 605 certo,
1516 567 1574 599 sed
1592 565 1839 598 universaliter
1862 566 1898 598 in
1924 573 1997 600 toto
2021 568 2229 600 facultatum

1245 619 1399 652 0111111110.
1450 617 1496 650 Et
1513 617 1694 650 sciendum
1710 623 1768 659 'est
1792 615 1847 649 1110
1870 630 2010 663 quoque
2034 631 2115 651 vere
2139 629 2231 650 mer-

1246 682 1319 702 cem
1336 682 1408 703 0550
1425 668 1478 702 ius
1494 668 1689 712 accipiendi
1706 667 1837 701 reditus
1849 695 1858 708 ,
1895 670 1990 713 quod
2008 681 2087 701 cum
2104 669 2230 702 funda-

1246 727 1320 753 tum
1343 732 1415 754 0550
1437 720 1562 752 debeat
1588 719 1624 751 in
1652 719 1771 764 aliquo
1796 732 1964 763 corpore,
2001 732 2128 764 corpus
2150 725 2233 753 sunt

1247 771 1366 804 onmia
1382 772 1474 804 bona
1491 770 1738 804 fructificantia
1755 770 1967 814 reipublicae
1990 771 2093 806 illius.
2137 771 2231 805 Ram

1248 823 1283 855 in
1302 821 1357 857 1115
1375 823 1539 855 omnibus
1556 821 1660 855 simul
1679 821 1845 854 constitui
1861 822 1928 855 tale
1947 823 1999 856 ius
2016 829 2143 867 potest,
2167 821 2233 855 sic—

1246 881 1286 908 ut
1317 874 1354 907 in
1387 874 1502 906 alieno
1535 885 1620 917 agro
1651 879 1725 905 toto
1748 873 1896 907 servitus
1921 874 2040 920 aliqua
2067 872 2234 907 constitui

1248 932 1383 970 potest,
1411 924 1573 957 xidelieet
1587 929 1683 957 actus
1700 929 1761 957 aut
1781 924 1857 958 iter.
1918 925 2048 970 Estque
2066 925 2155 959 iusta
2173 925 2234 957 ad-

1249 976 1398 1009 monitio
1424 975 1639 1014 lxmoeeutii,
1667 976 1726 1019 qui
1752 975 1854 1015 dicit,
1881 975 2074 1009 ridendum
2099 988 2170 1010 esse.
2195 976 2232 1008 in

1248 1026 1314 1061 1100
1330 1034 1534 1065 contractu,
1563 1032 1601 1058 ut
1616 1026 1749 1058 reditus
1768 1026 2003 1059 constituatur
2026 1028 2062 1060 in
2087 1040 2145 1067 re,
2170 1039 2232 1061 5011

1249 1080 1293 1112 ad
1318 1091 1392 1111 rem
1418 1079 1611 1114 reseratur,
1640 1088 1712 1108 non
1733 1077 1778 1107 ad
1801 1089 1990 1120 personam
2011 1080 2234 1117 vendentem,

1249 1136 1283 1162 01
1314 1129 1411 1162 addit
1434 1126 1660 1160 Innocentius
1694 1127 1797 1158 talem
1821 1134 2041 1162 contractum
2064 1141 2137 1162 non
2162 1141 2234 1163 0550

1249 1179 1470 1219 usurarium,
1499 1192 1577 1211 eum
1604 1177 1639 1209 in
1664 1189 1705 1209 eo
1729 1177 1800 1210 sint
1821 1191 1918 1211 merx
1941 1187 1974 1213 et
1994 1180 2167 1225 pretium,
2201 1185 2236 1213 et

1250 1232 1331 1264 talia
1351 1231 1428 1264 iura
1445 1230 1554 1263 realia
1573 1228 1706 1262 licitum
1724 1229 1768 1261 sit
1783 1230 1947 1264 vendere.

1350 1282 1423 1316 Mc
1454 1281 1523 1314 alia
1554 1279 1739 1313 difficultas
1769 1280 1806 1312 in
1838 1278 1904 1314 liae
1926 1282 2040 1315 forma
2065 1289 2133 1323 051,
2167 1282 2235 1317 11151

1250 1334 1346 1379 quod
1369 1333 1552 1378 aliquanto
1578 1330 1760 1364 obscurius
1787 1338 1838 1364 est
1861 1330 1947 1374 hoc,
1977 1334 2073 1380 quod
2094 1334 2235 1375 dicitur,

1249 1385 1412 1419 universa
1437 1385 1532 1417 bona
1556 1381 1687 1416 habere
1710 1382 1886 1416 rationem
1919 1385 2098 1429 corporis,
2139 1388 2238 1432 quod

1250 1449 1354 1481 supra
1373 1436 1567 1475 dicebatur,
1595 1440 1729 1467 eertum
1746 1435 1909 1475 fundum,
1936 1435 1973 1468 in
1991 1449 2061 1482 quo
2078 1438 2164 1470 certi
2182 1449 2237 1472 re-

1250 1489 1342 1522 ditus
1360 1494 1538 1527 emuntur,
1566 1484 1697 1518 habere
1714 1485 1889 1519 rationem
1906 1487 2078 1532 corporis,
2101 1494 2141 1522 ut
2156 1501 2236 1523 cum

1249 1542 1298 1575 20
1312 1539 1482 1572 medimni
1502 1538 1539 1570 111
1554 1549 1638 1582 agro
1655 1542 1749 1569 certo
1766 1544 1944 1578 emuntur,
1967 1551 2037 1584 quo
2054 1547 2237 1584 pereunte,

1249 1592 1353 1625 simul
1375 1590 1468 1634 perit
1493 1588 1645 1633 emptori
1669 1588 1722 1621 ius
1744 1600 1858 1623 suum.
1917 1588 1957 1622 In
1983 1589 2050 1623 1100
2074 1592 2234 1636 exemplo

1250 1641 1480 1686 perspicuitas
1501 1647 1569 1673 est:
1599 1640 1659 1672 sed
1684 1644 1802 1671 tamen
1826 1647 1859 1672 et
1884 1646 1978 1673 totus
2003 1642 2162 1676 cumulus
2185 1643 2235 1675 sa-

1250 1694 1418 1726 eultatum
1453 1697 1569 1735 potest
1602 1702 1636 1723 se.
1667 1687 1817 1730 habere,
1862 1697 1901 1723 ut
1931 1697 2065 1725 001111111
2097 1704 2236 1737 corpus,

1250 1745 1357 1776 modo
1375 1749 1414 1776 ut
1429 1748 1596 1775 oneretur
1612 1753 1676 1785 pro
1696 1741 1950 1784 proportione,
1978 1743 2088 1788 etqui
2111 1743 2237 1788 accipit

1250 1796 1401 1828 reditum
1413 1821 1422 1834 ,
1450 1793 1619 1827 sustineat
1637 1791 1833 1835 periculum
1848 1805 1913 1837 pro
1930 1794 2175 1838 proportione.

1365 1846 1472 1890 Quod
1513 1850 1630 1877 autem
1667 1848 1701 1874 et
1737 1842 1838 1875 tertia
1872 1844 1988 1877 forma
2025 1851 2238 1887 contractus,

1251 1910 1357 1943 quam
1381 1895 1545 1935 recitavi,
1573 1896 1618 1928 sit
1638 1899 1730 1932 vera:
1746 1895 1899 1938 emptio,
1927 1895 1956 1929 si
1974 1908 2047 1929 non
2067 1897 2238 1942 deprave-

1251 1955 1307 1982 tur
1318 1975 1327 1988 ,
1355 1948 1546 1981 ostendunt
1561 1944 1627 1979 hae
1643 1944 1810 1979 rationes.

1350 1999 1375 2033 l.
1403 1999 1491 2032 Pars
1510 1997 1627 2042 aliqua
1647 2002 1739 2028 certa
1757 2003 1872 2040 potest
1890 1998 2033 2032 onerari
2055 1998 2236 2034 servitute.

1250 2050 1343 2094 Ergo
1360 2057 1393 2083 et
1417 2056 1511 2083 101115
1532 2049 1711 2081 bonorum
1737 2049 1898 2082 cumulus
1920 2056 2057 2083 servata
2085 2061 2237 2095 propor-

1250 2102 1347 2134 tione
1371 2101 1513 2135 onerari
1538 2106 1664 2144 potest.
1731 2098 1804 2133 Nee
1829 2107 1879 2134 est
1901 2101 1992 2134 ratio
2019 2101 2236 2136 dissimilitu-

1250 2153 1353 2186 dinis.

1351 2203 1392 2238 ΙΙ,
1424 2204 1531 2237 Ratio
1554 2203 1705 2237 sumitur
1730 2215 1771 2236 ex
1795 2205 2012 2248 proprietate
2035 2203 2236 2248 emptionis.

1248 2254 1394 2300 Emptio
1411 2262 1461 2289 est
1483 2261 1704 2295 contractus,
1738 2267 1808 2300 quo
1832 2267 1887 2289 res
1910 2268 1975 2300 pro
2001 2261 2095 2288 certo
2118 2255 2234 2299 pretio

1250 2307 1403 2351 obligata
1423 2307 1543 2347 alteri,
1572 2313 1606 2339 01
1622 2306 1772 2346 tradita,
1798 2308 2008 2340 transfertur
2031 2307 2149 2352 quoad
2173 2307 2237 2340 do-

1250 2358 1412 2393 minium.
1451 2358 1524 2393 Nec
1541 2356 1648 2391 habet
1664 2364 1804 2402 emptor
1822 2358 1875 2391 ius
1891 2364 1952 2391 aut
1967 2364 2105 2402 tempus
2121 2358 2235 2392 ullum

1248 2409 1431 2453 repetendi
1452 2410 1619 2455 pretium.
1685 2409 1722 2442 Si
1745 2408 1839 2441 enim
1863 2415 2022 2453 repetere
2046 2410 2234 2453 pecuniam

1248 2461 1388 2501 liceret,
1415 2461 1592 2495 mutuatio
1612 2467 1719 2501 esset,
1746 2472 1820 2492 non
1840 2460 1984 2504 emptio.
2035 2461 2082 2494 At
2108 2460 2145 2494 in
2169 2473 2234 2495 no-

1248 2518 1321 2545 stro
1350 2525 1431 2547 casu
1463 2513 1617 2558 pretium
1651 2511 1699 2544 ita
1729 2511 1959 2552 transfertur,
2005 2518 2045 2545 ut
2074 2518 2233 2557 repetere

1248 2563 1339 2596 idem
1351 2590 1360 2604 ‚
1387 2565 1442 2597 vel
1458 2564 1665 2598 tantundem
1683 2574 1865 2607 nunquam
1883 2563 1997 2597 liceat.
2050 2562 2113 2597 Est
2127 2564 2234 2608 igitur

1246 2627 1329 2648 vera
1349 2616 1501 2660 emptio:
1538 2622 1571 2648 et
1596 2621 1634 2648 111
1655 2613 1699 2646 511
1718 2614 1933 2659 aequalitas,
1968 2626 2059 2660 quae
2080 2615 2158 2649 sons
2182 2621 2235 2649 est

1246 2665 1400 2700 iustitiae
1425 2667 1462 2700 in
1477 2664 1752 2705 ‘contractibus,
1787 2677 1926 2700 necesse
1950 2673 2001 2700 est
2021 2665 2173 2700 vicissim
2195 2666 2233 2699 in

1247 2724 1444 2762 emptorem
1462 2717 1515 2753 ius
1531 2716 1676 2763 aliquod
1700 2716 1911 2752 translatum
1932 2729 2016 2752 esse.
2074 2716 2151 2751 Hoc
2176 2729 2233 2751 ar·
