2347 3000
64 117 137 154 513
397 118 472 155 Vll.

56 213 108 241 tot
130 214 212 241 sunt
234 207 383 252 gradus,
423 218 493 241 una
520 206 682 250 dempta,
717 204 880 239 videlicet
901 205 1044 252 ‹ieinp'to

54 259 190 304 stipite,
219 271 237 292 a
257 272 327 305 quo
343 257 543 291 inchoanda
560 264 611 291 est
625 258 843 301 supputatio.
897 259 940 291 Ul
955 285 963 298 ,
990 258 1044 291 Io-

53 309 138 355 seph
165 311 271 344 distat
295 309 397 342 tertio
422 310 534 353 gradu
557 309 601 342 ab
625 307 827 349 Abraham,
862 308 966 343 Iacob
991 323 1043 343 se-

53 363 188 402 cundo,
216 360 309 394 lsaac
326 361 442 404 primo
468 361 591 403 gradu.
651 359 829 406 iniquom)
856 362 946 396 filius
972 362 1042 406 pri-

51 426 149 446 mum
169 413 317 456 gradum
343 411 545 451 coustituit,
579 423 689 455 nepos
711 413 903 446 secuudum
918 440 926 453 ‚
960 425 1041 457 pro-

51 477 161 508 nepos
179 463 319 496 tertiuin
332 489 341 502 ‚
369 463 526 506 abnepos
546 469 725 508 quartum.
767 463 819 496 De
836 471 928 497 reeta
948 464 1038 496 linea

53 515 203 549 traditur
221 513 412 547 sententia:
440 514 565 548 Nullos
588 516 815 548 ascendentes
839 521 871 547 et
897 517 1038 547 ‹loscen-

49 568 169 599 (lentes
209 564 301 597 inter
346 577 381 598 se
423 578 524 609 posse
560 566 777 598 connubium
816 563 1036 599 contrahere.

48 617 166 661 Quare
185 616 214 649 si
228 617 343 648 Adam
365 614 470 650 hodie
487 623 663 661 superstes
684 623 792 656 esset,
820 628 893 649 non
918 623 1037 661 posset

47 669 173 700 ducere
192 680 353 702 uxorein.

70 753 273 786 Secunda
309 752 464 797 regula
500 753 549 786 de
585 752 936 787 collateralibus
963 752 1008 786 in

335 804 453 837 linea
482 804 665 848 aequali
683 803 739 849 ¹⁵).

147 872 266 917 Quoto
285 873 397 916 gradu
413 871 519 904 distat
540 872 629 904 alter
653 883 672 904 a
700 871 882 905 communi
903 871 1032 915 stipite,

44 928 118 955 toto
135 925 247 967 gradu
265 923 357 956 inter
371 935 405 956 se
422 923 572 955 distant:
605 935 688 966 ergo
709 923 779 955 duo
798 924 943 963 fratres,
971 935 1032 956 seu

41 973 151 1006 frater
180 980 214 1006 et
241 986 364 1014 soror,
406 986 518 1006 unuin
551 974 699 1017 gradum
730 980 867 1007 tantum
903 974 1032 1007 consti-

42 1030 164 1064 tuunt,
202 1024 366 1058 videlicet
396 1024 565 1068 primum.
632 1024 752 1070 Quare
780 1023 885 1059 Iacob
913 1025 1029 1070 primo

41 1076 153 1119 gradu
168 1075 306 1109 iunctus
324 1082 375 1109 est
390 1075 497 1110 Esau.

465 1126 537 1160 Aea
544 1138 603 1160 cus

240 1177 366 1210 Peleus
615 1175 792 1209 Telamon

243 1225 398 1261 Achilles
613 1227 703 1260 Aiax

243 1277 416 1323 Pyrrhus.

140 1327 214 1362 Iam
231 1329 260 1363 si
279 1330 330 1363 vis
345 1329 453 1369 scire,
482 1334 592 1373 quoto
609 1328 722 1371 gradu
744 1327 837 1360 inter
859 1339 895 1360 se
918 1325 1029 1361 iuncti

39 1380 109 1414 sint
126 1378 279 1414 Achilles
296 1387 330 1413 et
344 1381 452 1419 Aiax,
480 1379 560 1412 vide
576 1379 723 1411 alteram
742 1377 886 1417 seriem,
915 1384 949 1410 et
966 1379 1027 1411 ob-

37 1443 137 1464 serva
154 1438 264 1477 quoto
282 1433 393 1474 gradu
413 1431 519 1462 distet
534 1428 687 1462 Achilles
713 1441 730 1461 a
757 1428 893 1472 stipite,
921 1429 1027 1462 distat

38 1488 156 1515 autem
179 1483 331 1515 secundo
356 1482 488 1525 gradu,
523 1492 632 1526 quare
660 1486 694 1513 et
720 1479 813 1513 inter
837 1491 872 1512 se
896 1480 1027 1513 distant

36 1532 125 1566 Aiax
143 1539 176 1565 et
192 1531 345 1567 Achilles
359 1533 513 1566 secundo
532 1532 655 1576 gradu.
696 1531 750 1564 Ad
769 1528 861 1563 hunc
878 1532 1024 1564 niodum

35 1584 145 1617 facilis
163 1591 213 1617 est
231 1584 453 1630 sequentium
471 1595 705 1628 personarum
723 1582 940 1626 supputatio.

131 1635 233 1669 Nunc
251 1636 342 1668 inter
353 1635 395 1680 16)
413 1634 632 1667 collaterales
651 1632 830 1678 prohibita
846 1639 928 1666 sunt
942 1645 1024 1665 con-

35 1686 140 1719 nubia
159 1686 307 1733 intra¹⁷)
325 1692 490 1732 quartum
510 1687 661 1729 gradum
672 1684 715 1730 l³³)
728 1711 737 1724 ,
765 1684 850 1717 olim
872 1685 1023 1717 fratrum

102 1822 161 1850 est,
192 1821 298 1852 quando
322 1825 496 1844 numeramus
521 1824 537 1843 a
562 1818 618 1843 filio
643 1819 678 1842 ad
702 1818 823 1848 patrem,
854 1822 871 1841 a
892 1818 972 1847 patre
990 1817 1024 1841 ad

102 1861 198 1885 avum,
217 1857 250 1879 ab
269 1861 321 1878 avo
340 1855 375 1878 ad
394 1860 525 1884 proavum
544 1854 595 1877 etc.
632 1854 717 1876 Linea
730 1852 951 1875 descendentium
971 1853 1023 1883 est,

105 1890 211 1920 quando
230 1895 403 1912 numeramus
420 1894 436 1912 a
455 1890 534 1917 patre
552 1887 588 1910 ad
606 1888 706 1915 filium,
728 1892 745 1910 a
764 1887 818 1909 filio
837 1887 872 1909 ad
886 1888 1021 1916 nepotem,

102 1929 120 1948 a
139 1926 235 1953 nepote
255 1924 289 1946 ad
308 1924 492 1953 pronepotem.
530 1922 644 1945 Praeter
664 1922 732 1944 hanc
752 1922 854 1943 rectam
868 1921 965 1943 lineam
982 1922 1023 1943 est

102 1958 175 1982 linea
194 1960 354 1981 transversa
372 1956 589 1985 collateralium,
610 1955 716 1985 quaudo
731 1960 905 1979 numeramus
919 1955 1023 1978 fratres

103 1994 129 2016 et
148 1998 273 2021 sororeS‚
293 1994 319 2015 et
339 1991 485 2021 ulteriores
506 1996 621 2020 quoque.

70 2035 117 2061 14)
136 2035 244 2064 ltaque]
265 2034 304 2057 sic
323 2040 415 2057 omues
434 2033 535 2063 Editt.‚
568 2031 690 2063 exceptis
708 2031 793 2056 Editt.
811 2030 914 2062 singul.
937 2031 1021 2062 1540„

104 2069 195 2099 1541„
216 2068 307 2098 1548„
327 2073 394 2098 quae
413 2068 526 2091 liabent:
552 2067 603 2091 lta.

68 2110 114 2143 ¹5)
133 2111 254 2141 aequali]
275 2110 314 2134 sic
332 2111 414 2134 Editt.
434 2110 523 2139 1540„
550 2108 642 2139 1542,
669 2108 762 2137 1544„
785 2107 875 2137 ¹545„
892 2107 975 2132 '1546.
995 2108 1021 2131 et

101 2146 185 2170 Editt.
206 2146 305 2173 singul.
334 2145 426 2174 1540„
454 2144 546 2173 ¹541„
574 2143 666 2171 1548.;
710 2143 793 2167 Editt.
818 2143 907 2172 1550„
936 2143 1020 2172 1554„

103 2180 196 2210 1557„
225 2180 298 2202 1560.
318 2178 461 2208 inaequali.
480 2190 515 2194 —
557 2178 642 2201 Linea
660 2177 859 2200 collateralium
880 2177 949 2199 enim
969 2177 1020 2199 ‹lu-

101 2215 166 2246 plex
191 2216 245 2238 est:
283 2213 406 2243 aequalis
439 2213 466 2235 et
495 2211 656 2241 inaequalis
709 2211 794 2234 Linea
820 2211 942 2241 aequalis
968 2212 1019 2241 est,

103 2249 209 2279 quando
231 2248 333 2276 gradus
353 2253 438 2276 aeque
458 2246 561 2269 distant
579 2251 596 2268 a
614 2245 747 2268 communi
771 2245 880 2273 stipite,
913 2246 942 2268 ut
960 2245 1020 2268 fra-

101 2284 144 2306 ter
163 2284 190 2306 et
208 2288 306 2312 soror,
338 2282 476 2311 patrueles
499 2282 526 2303 et
550 2279 715 2303 consobrini.
764 2279 849 2302 Linea
867 2279 1018 2308 inaequalis

102 2318 157 2345 est,
189 2317 294 2346 quando
317 2316 447 2346 quaedam
467 2319 585 2345 persona
601 2314 683 2337 aliam
702 2313 789 2344 gradu
806 2313 959 2345 praeeedit,
990 2314 1019 2336 ut

102 2350 190 2374 frater
211 2352 236 2374 et
255 2351 351 2374 l'ratris
370 2350 470 2373 mortui
489 2349 571 2372 lilius.

70 2394 116 2422 16)
136 2394 218 2422 inter]
245 2393 283 2416 sic
308 2398 402 2417 omnes
423 2392 527 2423 Editt„
563 2389 685 2420 exceptis
706 2390 789 2414 Editt.
813 2390 905 2421 1540„
933 2389 1017 2421 15⁴2„

102 2429 145 2451 ubi
165 2428 280 2458 iegitur:
299 2427 335 2450 in.

69 2470 114 2499 17)
133 2471 220 2499 intra]
246 2470 286 2493 sic
309 2470 392 2493 Editt.
417 2468 509 2499 1540„
535 2467 627 2496 1542.‚
655 2467 744 2493 ¹544..
776 2466 864 2494 15⁴5,
890 2467 964 2491 1546.
991 2467 1018 2490 et

100 2505 184 2529 Editt.
199 2504 298 2534 singul.
314 2504 398 2535 1540„
415 2504 500 2534 ¹541„
516 2503 606 2533 1548.;
625 2502 710 2526 Editt.
726 2502 809 2531 1550„
827 2501 911 2532 1554„
932 2501 1016 2531 1557„

105 2539 179 2563 1560.
199 2539 280 2561 inter.

71 2582 116 2610 18)
137 2581 216 2605 Couf.
237 2580 266 2604 C.
284 2581 314 2603 A.
332 2580 367 2603 Μ.
386 2579 511 2610 Schlegel
528 2578 595 2603 krit.
612 2585 638 2603 u.
658 2579 772 2608 system.
793 2578 973 2607 Darstettung
991 2578 1015 2601 d.

99 2617 267 2639 verbotenen
287 2614 377 2638 Grade
401 2614 449 2637 der
468 2613 711 2637 Verwandtsclial't
730 2619 753 2636 u.
775 2612 1017 2641 schwagerschal't

102 2650 143 2673 bei
163 2649 329 2679 nou-athen,
349 2648 416 2671 nach
435 2648 452 2670 (l
478 2648 648 2670 Mosaischen
667 2648 804 2675 Gesetze‚
824 2647 883 2669 dem
902 2647 968 2669 roiu.
989 2652 1014 2670 u.

100 2690 158 2708 can.
178 2684 280 2706 Rerhte
305 2689 331 2705 u.
351 2682 402 2705 den
422 2682 591 2706 protestant.
610 2681 899 2711 Kirehenorduungen.
938 2681 1015 2703 Han-

100 2724 162 2742 nov.
183 2718 253 2740 1502.
279 2717 304 2741 8.

35 2761 216 2790 MaiAwi-n.
240 2759 346 2788 Opim.
370 2758 454 2787 Vm..
477 2756 567 2786 XVI.

520 118 583 153 DE
618 118 815 152 ARBORE
851 118 1316 156 CONSANGUIMTATIS
1348 123 1413 157 ET
1447 123 1755 165 AFFIMTATIS.

2012 135 2086 171 514

1098 206 1177 244 siliis
1200 215 1234 245 ei
1258 209 1396 247 filiabus
1419 210 1517 248 licuit
1543 209 1635 249 inter
1658 229 1692 250 se
1716 217 1925 255 contrahere
1951 234 2084 257 connu-

1095 261 1172 302 bia,
1207 263 1313 297 etiam
1336 265 1508 300 Romanis
1534 267 1687 311 legibus,
1728 276 1766 303 ut
1791 272 1918 306 (locent
1942 272 2082 308 Institu-

1096 312 1276 360 tionesffl).
1344 317 1391 349 Ut
1415 317 1557 351 Orestes
1587 320 1685 353 (luxit
1712 323 1962 357 consobrinam
1991 326 2079 360 Iler-

1094 363 1251 398 mionen.
1304 365 1340 399 I‹l
1362 381 1433 400 non
1451 369 1530 402 ideo
1548 371 1670 411 recito,
1696 378 1734 404 ut
1750 385 1843 407 nunc
1860 377 2004 408 concedi
2022 390 2078 409 ve-

1093 415 1166 454 lim,
1194 417 1255 449 sed
1272 423 1310 449 ut
1324 419 1599 461 consideremus,
1627 434 1716 468 quae
1736 423 1993 467 prohibitiones
2009 429 2079 462 sint

1093 465 1179 500 iuris
1197 467 1329 508 divini,
1357 483 1446 514 quae
1463 472 1532 504 sint
1550 473 1635 506 iuris
1651 471 1810 510 humani.

1508 523 1635 559 Atreus

1269 568 1517 612 Agamemnon
1689 575 1871 612 Menelaus

1269 620 1410 654 Orestes
1685 626 1891 665 Hermione.

1089 668 1210 702 Simile
1227 676 1279 703 est
1295 673 1494 716 exemplum
1503 673 1548 718 ²⁰)
1567 674 1601 706 in
1618 676 1762 710 Genesi:

1507 723 1660 758 Bathuel

1266 771 1425 807 Rebecca
1671 776 1795 810 Laban

1266 822 1370 857 Iacob
1668 826 1801 861 Rachel
1818 835 1851 861 et
1865 828 1942 864 Lia.

1186 871 1292 907 Iacob
1317 875 1456 910 iunctus
1482 883 1533 910 est
1557 879 1790 913 consobrinae
1812 892 1914 921 suae,
1939 881 2073 916 Rachel

1085 924 1238 957 secundo
1256 927 1379 970 gradu.

1393 1027 1548 1062 Tertia
1584 1030 1762 1074 regula:

1187 1101 1453 1137 Collateralium
1473 1105 1509 1137 in
1524 1105 1617 1138 linea
1637 1107 1836 1152 inaequali,
1864 1117 1974 1154 quoto
1991 1125 2068 1157 gra-

1084 1152 1131 1185 du
1148 1154 1321 1187 remotior
1339 1155 1444 1189 distat
1461 1168 1479 1189 a
1497 1156 1633 1200 stipite,
1661 1164 1735 1191 toto
1752 1159 1844 1192 inter
1868 1173 1904 1194 se
1928 1163 2069 1201 distant.

1517 1206 1637 1242 Thare

1728 1259 1852 1294 Haran

1728 1311 1827 1345 Sara.

1183 1354 1269 1389 Sara
1285 1358 1392 1391 distat
1407 1360 1560 1392 secundo
1586 1361 1696 1403 gradu
1725 1373 1744 1394 a
1769 1361 1904 1405 stipite:
1934 1376 2016 1410 ergo
2035 1375 2068 1401 et

1080 1403 1245 1439 Abrahae
1264 1408 1380 1441 iuncta
1399 1416 1450 1442 est
1464 1412 1617 1443 secundo
1636 1413 1759 1455 gradu.
1812 1412 1888 1447 Hoc
1904 1419 2015 1458 gradu
2032 1419 2069 1452 in

1079 1456 1171 1489 linea
1197 1457 1376 1504 inaequali
1399 1457 1578 1504 prohibita
1607 1469 1689 1495 sunt
1713 1462 1875 1507 coniugia
1905 1467 1981 1501 iure
2015 1470 2067 1502 di-

1079 1507 1163 1541 vino
1174 1508 1232 1555 ²¹).
1284 1510 1391 1543 Aliud
1408 1512 1624 1556 exemplum:

1235 1253 1417 1290 Abraham

1515 1562 1634 1597 Thare

1229 1609 1414 1646 Abraham
1727 1613 1780 1648 Na
1786 1612 1873 1650 chor

1229 1659 1327 1696 Isaac
1725 1665 1879 1701 Bathuel

1725 1716 1897 1752 Rebecca.

1177 1761 1337 1796 Rebecca
1353 1763 1460 1797 distat
1477 1765 1580 1799 tertio
1599 1768 1711 1810 gradu
1727 1780 1747 1801 a
1765 1769 1901 1813 stipite,
1929 1769 2008 1805 ideo
2033 1778 2066 1805 et

1077 1813 1120 1846 ab
1137 1811 1232 1848 Isaac
1248 1814 1355 1847 distat
1375 1815 1479 1848 tertio
1497 1818 1622 1860 gradu.

1333 1914 1405 1948 DE
1438 1914 1802 1953 AFFINITATE.

1175 1989 1338 2025 Affinitas
1356 1998 1406 2025 est
1423 1992 1672 2038 propinquitas
1691 2006 1925 2037 personarum
1937 2023 1946 2037 ‚
1972 2010 2061 2042 quae

1075 2041 1189 2076 oritur
1205 2043 1248 2075 ab
1265 2042 1326 2083 iis,
1354 2056 1444 2090 quae
1460 2050 1543 2077 sunt
1559 2044 1698 2077 iunctae
1709 2044 1754 2091 22)
1774 2046 1899 2090 copula
1917 2049 2062 2088 carnali,

1108 2179 1153 2205 19)
1173 2177 1262 2202 instit.
1276 2177 1294 2202 1.
1313 2177 1354 2201 tit.
1371 2177 1411 2201 10.
1430 2176 1463 2201 de
1474 2176 1588 2206 Nuptiis.
1608 2176 1633 2206 S.
1646 2179 1671 2202 4.
1692 2177 1787 2209 (Corp.
1801 2177 1852 2202 iur.
1866 2178 1920 2203 civ.
1933 2179 1975 2203 ed.
1988 2181 2060 2205 Beck

1141 2213 1170 2237 Τ.
1184 2213 1203 2237 1.
1223 2212 1251 2237 P.
1268 2212 1289 2237 1.
1308 2219 1331 2242 p,
1346 2212 1401 2238 9.):
1434 2212 1553 2235 Duorum
1573 2214 1662 2235 autem
1682 2214 1798 2236 fratrum
1817 2213 1861 2237 vel
1879 2219 2005 2238 sororum
2022 2216 2057 2238 li-

1140 2247 1213 2274 beri,
1233 2247 1278 2269 vel
1297 2246 1393 2270 fratris
1417 2247 1443 2270 et
1460 2247 1567 2269 sororis
1588 2247 1661 2274 iungi
1681 2249 1804 2276 possunt.

1104 2299 1153 2326 20)
1173 2299 1216 2321 est
1235 2298 1399 2327 exemplum]
1418 2297 1458 2320 sic
1483 2303 1577 2320 omnes
1596 2297 1678 2320 Editt.
1704 2297 1825 2326 exceptis
1850 2297 1934 2322 Editt.
1957 2297 2055 2330 singul.

1144 2333 1233 2363 15⁴0„
1255 2332 1345 2362 1541„
1367 2332 1457 2361 15⁴8„
1476 2337 1545 2361 quae
1563 2332 1676 2355 habent:
1701 2332 1852 2360 exemplum
1869 2334 1920 2356 est.

1105 2385 1152 2412 21]
1172 2383 1260 2407 Levit.
1279 2383 1319 2409 18,
1340 2382 1381 2406 10.
1402 2382 1442 2406 11.
1479 2382 1518 2404 De
1537 2383 1585 2405 hac
1605 2382 1675 2409 legis
1693 2382 1847 2409 mosaicae,
1879 2388 1948 2411 quae
1973 2389 2054 2408 soro-

1141 2425 1197 2442 rem
1217 2424 1249 2440 ex
1269 2418 1345 2445 patre
1366 2422 1477 2439 uxorem
1496 2416 1595 2439 ducere
1618 2418 1708 2443 vetat,
1742 2422 1758 2439 a
1778 2417 1968 2445 patriarchalis
1986 2420 2055 2442 tem—

1138 2453 1213 2483 poris
1233 2450 1443 2479 consuetudine,
1476 2456 1509 2472 ex
1533 2456 1584 2479 qua
1602 2450 1750 2473 huiusmodi
1771 2451 1969 2474 matrimonium
1988 2453 2054 2476 iice-

1140 2489 1185 2510 bat
1209 2486 1322 2514 (Grues.
1339 2485 1378 2511 12,
1400 2484 1438 2507 13.
1469 2484 1512 2510 20,
1535 2484 1604 2513 12.),
1639 2484 1796 2507 discrimine
1821 2485 1873 2507 vid.
1897 2485 1960 2509 Joll.
1985 2487 2054 2510 Dav.

1137 2519 1277 2545 Michaelis
1289 2518 1469 2548 Ahliandlung
1488 2524 1543 2541 von
1563 2518 1613 2541 den
1626 2518 1816 2548 Ehegesetzen
1829 2519 1922 2542 Mosis.
1941 2520 1964 2544 2.
1979 2521 2051 2545 Aufl.

1139 2556 1165 2586 S.
1179 2556 1219 2578 3-1.
1233 2554 1274 2577 35.
1293 2560 1319 2583 p.
1333 2554 1381 2575 145
1393 2559 1454 2582 sqq.

1100 2608 1149 2636 22)
1169 2605 1353 2637 propinquitas
1371 2608 1565 2632 personarum,
1591 2608 1659 2632 quae
1677 2603 1764 2626 oritur
1782 2604 1815 2626 ab
1834 2603 1885 2630 iis,
1906 2610 1973 2633 quae
1990 2607 2051 2628 nunt

1134 2642 1255 2667 iunctae]
1276 2640 1314 2662 sic
1330 2638 1410 2661 Editt.
1428 2638 1511 2663 1525..
1535 2637 1615 2663 1546,
1638 2638 1721 2666 1550„
1744 2638 1828 2667 1554„
1850 2638 1935 2663 ¹557..
1959 2640 2050 2663 1560,;

1136 2677 1218 2700 Editt.
1238 2673 1329 2701 1540„
1351 2672 1441 2700 1542,
1465 2672 1536 2694 1544.
1564 2673 1589 2693 et
1616 2672 1698 2696 Editt.
1725 2672 1825 2701 singul.
1853 2672 1943 2701 1540„
1966 2674 2050 2698 1541..

1138 2711 1211 2734 1545.
1232 2707 1420 2738 propinquitas
1441 2711 1632 2735 personarum,
1656 2712 1724 2736 quae
1743 2708 1806 2729 sunt
1825 2705 1941 2730 iunctae.

1396 2740 1444 2773 33
