2347 3000
233 154 276 186 31
503 149 702 185 SCRIPTA
730 149 802 183 PH.
832 146 942 182 MEL.
970 146 1035 180 AD
1061 143 1272 180 ETHICEN
1299 143 1364 178 ET
1389 143 1644 180 POLITICEN
1673 145 1981 181 SPECTANTIA.

233 239 360 283 ripales
372 264 379 277 ,
408 249 495 282 quos
513 236 618 269 etiam
637 241 771 268 rectum
789 240 840 267 est
857 239 1022 277 appetere
1041 244 1104 265 suo
1121 231 1211 270 loco,

233 297 265 321 et
290 294 434 333 possunt
459 287 622 330 coniungi
651 288 752 325 sines,
781 286 839 319 sed
866 285 934 323 ita,
961 296 1005 315 ne
1030 284 1214 315 deseratur

235 339 437 384 principalis
455 339 543 372 linis.
597 337 641 370 Et
659 338 799 383 quidem
819 336 961 380 prodest
979 334 1122 366 infixam
1141 345 1212 366 esse

233 391 361 423 animis
378 390 665 434 persuasionem,
695 388 789 433 quod
809 398 942 430 poenae
961 396 1034 418 non
1053 384 1214 417 accidant

233 454 314 475 casu
342 441 531 485 improbis,
558 441 618 473 sed
645 439 812 472 divinitus
836 438 1031 469 reddantur
1052 435 1212 480 praemia

232 500 261 524 et
293 505 448 537 poenae,
473 498 512 524 ut
533 504 610 523 cum
638 489 899 522 ordinationem
923 487 990 520 Dei
1014 487 1213 521 considera-

232 557 328 582 mus,
354 543 503 576 sciamus
532 540 596 575 hos
623 542 706 573 sines
734 552 806 572 esse
831 545 960 572 certos:
997 537 1091 572 Deus
1118 537 1212 571 enim

234 595 420 638 pollicetur
437 593 591 636 praemia
610 604 673 635 pro
692 591 838 630 virtute,
863 590 957 623 iuxta
978 589 1064 623 illud
1082 589 1213 635 (Levit-

235 647 277 678 18
292 673 299 684 ,
318 644 386 687 5.):
416 644 485 688 Qui
500 642 620 675 fecerit
638 655 695 682 ea,
716 642 810 675 vivet
826 642 863 674 in
881 642 942 675 eis.
977 640 1063 674 Item
1085 641 1213 686 (lixod.

230 699 297 735 20,
319 695 410 739 1-2.):
440 694 585 726 Honora
610 700 747 737 patrem
773 700 807 726 et
823 700 992 732 matrem,
1021 699 1059 726 ut
1074 693 1120 726 sis
1139 693 1214 725 lon-

231 759 358 790 gaevus
381 758 486 789 super
513 752 656 778 terram.
720 743 875 778 Econtra
898 744 1126 777 manifestum
1153 750 1214 783 est,

230 798 398 830 divinitus
425 797 467 829 ad
488 796 660 841 supplicia
684 796 763 840 rapi
792 808 871 836 eos,
900 795 960 840 qui
988 802 1131 828 externa
1157 796 1214 828 de-

230 850 308 881 licta
327 848 572 887 couunittunt,
601 854 639 880 ut
657 845 870 887 homicidas,
899 846 1110 891 'l'yrannos,
1137 858 1215 890 per-

231 901 345 939 iuros,
375 899 634 931 contaminatos
658 898 768 931 foedis
793 898 1008 932 lihidinibus.
1063 898 1133 932 §ec
1154 910 1215 941 pu·

230 957 340 995 gnant
364 950 455 983 inter
481 963 535 989 se,
564 950 671 993 gratis
695 950 838 983 obedire
871 950 968 989 Deo,
996 956 1029 982 et
1053 956 1213 993 expetere

231 1002 410 1047 praemia,
446 1009 506 1034 aut
534 1001 677 1034 obedire
704 1008 799 1034 metu
825 1014 979 1045 poenae,
1008 1001 1160 1040 scilicet,
1188 1000 1216 1033 si

230 1053 474 1098 principaliter
498 1053 662 1086 voluntas
689 1052 755 1085 Dei
778 1059 974 1096 spectetur,
1004 1058 1037 1084 et
1061 1052 1215 1085 secundo

229 1117 306 1148 pico
329 1117 367 1137 ac
386 1104 502 1137 minus
523 1104 765 1148 principaliter
783 1110 971 1148 appetatur
990 1103 1134 1136 utilitas.

281 1188 383 1228 Quae
399 1190 455 1221 est
474 1189 573 1221 ratio
593 1189 802 1221 sententiae
816 1184 1102 1221 Aristotelicae?
1121 1184 1165 1230 ¹⁷)

331 1253 481 1297 Propria
502 1253 592 1286 actio
611 1253 780 1298 cuiusque
797 1259 946 1286 naturae
967 1259 1017 1285 est
1035 1252 1108 1285 eius
1127 1250 1217 1289 linis,

230 1304 320 1336 actio
357 1304 497 1336 virtutis
529 1311 580 1336 est
611 1305 758 1348 propria
795 1304 885 1336 actio
919 1301 1094 1336 hominis:
1134 1313 1216 1344 ergo

230 1356 320 1388 actio
338 1355 476 1387 xirtutis
494 1361 543 1387 est
560 1355 638 1387 finis
657 1353 823 1387 hominis.
878 1353 973 1386 Haec
990 1360 1040 1386 est
1059 1359 1140 1396 apta
1159 1353 1217 1383 de-

231 1405 440 1438 monstratio
462 1411 603 1448 sumpta
625 1417 664 1437 ex
681 1403 834 1449 physicis
851 1404 1047 1447 principiis.
1088 1403 1218 1436 Obser-

231 1464 313 1490 vent
328 1463 444 1489 autem
463 1454 519 1488 hic
544 1456 712 1494 studiosi,
740 1456 836 1500 quod
857 1455 1013 1498 inspecta
1031 1461 1159 1487 natura
1178 1465 1218 1485 ex

230 1509 369 1541 ratione
395 1507 519 1539 finium
547 1505 613 1539 hoc
640 1512 889 1550 argumentum
917 1505 1088 1545 sumitur,
1124 1517 1219 1537 cum-

231 1572 298 1605 que
326 1571 367 1592 ex
399 1558 490 1591 veris
518 1564 551 1590 et
573 1557 682 1590 firmis
710 1555 862 1602 physicis
888 1556 1092 1601 principiis,
1129 1568 1218 1600 quae

229 1617 311 1644 sunt
327 1609 495 1642 divinitus
513 1608 677 1641 ordinata
693 1608 729 1641 in
744 1614 885 1648 natura,
903 1614 1020 1641 ortum
1038 1608 1094 1647 sit,
1109 1607 1219 1640 scien-

231 1663 315 1695 dum
333 1667 384 1694 est
399 1673 472 1694 esse
488 1661 600 1703 legem
617 1660 696 1693 Dei.
747 1659 830 1692 Ideo
849 1659 943 1692 enim
961 1659 1053 1702 leges
1070 1665 1218 1690 naturae

230 1720 312 1747 sunt
335 1712 427 1755 leges
451 1711 613 1751 divinae,
641 1711 725 1756 quia
751 1710 921 1744 divinitus
946 1710 982 1743 in
1006 1716 1136 1743 natura
1163 1721 1220 1742 or-

231 1765 373 1798 dinatae
395 1769 487 1797 sunt.

232 1849 329 1894 Quid
353 1848 593 1885 sentiendum
612 1852 670 1883 est
697 1846 744 1882 de
762 1849 916 1893 Epicuri
938 1849 1131 1893 opinione,
1157 1849 1220 1892 qui

265 1908 439 1956 defendit
456 1910 687 1954 voluptatem
704 1919 786 1942 esse
803 1906 918 1956 finem
938 1906 1180 1953 hominis?¹⁸)

335 1978 416 2013 Non
430 1983 481 2010 est
497 1977 581 2010 utile
599 1975 759 2009 moribus
775 1982 836 2009 aut
854 1975 1085 2020 Reipublicae
1106 1988 1221 2010 assue-

231 2032 345 2063 facere
371 2028 511 2073 ingenia
540 2029 585 2061 ad
610 2028 848 2061 defendendas
871 2033 1090 2061 monstrosas
1110 2033 1144 2060 et
1162 2028 1221 2060 ah-

232 2081 356 2115 surdas
380 2080 578 2124 opiniones.
632 2078 725 2113 Nam
742 2085 776 2111 et
798 2078 1007 2122 significatio
1026 2085 1076 2111 est
1093 2078 1221 2112 distor-

234 2139 289 2165 tae
307 2138 455 2165 naturae
468 2157 476 2170 ,
500 2129 667 2164 delectari
687 2130 896 2174 paradoxis,
921 2142 1010 2175 quae
1027 2126 1222 2163 abhorrent

235 2195 252 2215 a
283 2182 532 2216 communibus
563 2181 700 2214 iudiciis
726 2182 904 2214 bonorum
935 2188 969 2214 et
993 2182 1221 2225 prudentum.

234 2234 361 2267 Oritur
383 2233 478 2266 enim
501 2245 540 2266 ea
556 2245 611 2266 res
628 2233 839 2277 plerumque
862 2244 902 2265 ex
917 2232 1111 2276 petulantia
1125 2259 1133 2272 ,
1162 2239 1222 2266 aut

237 2285 466 2329 perversitate
494 2285 647 2330 quadam
674 2289 842 2323 naturae,
870 2283 996 2316 deinde
1022 2283 1220 2327 exemplum

237 2342 359 2374 nocet,
386 2336 467 2381 quia
505 2335 553 2369 sic
582 2335 766 2368 assuefacti
793 2334 920 2367 deinde
943 2335 1054 2379 leges,
1081 2335 1222 2378 religio-

237 2399 297 2420 nes
324 2393 428 2431 atque
454 2393 545 2419 artes
568 2392 742 2419 evertunt.
795 2384 885 2418 Illud
915 2392 965 2419 est
990 2392 1107 2420 autem
1126 2386 1222 2430 inge-

238 2437 300 2470 nui
325 2437 454 2476 animi,
492 2449 611 2470 amare
643 2436 839 2481 simplicem
864 2437 1068 2477 veritatem,
1102 2438 1222 2481 fugere

239 2488 408 2521 absurdas
431 2488 616 2532 opiniones
640 2488 858 2532 improbatas
882 2488 1062 2521 bonorum
1086 2495 1119 2521 et
1140 2501 1222 2532 pru—

239 2540 385 2572 dentum
410 2539 567 2578 iudiciis,
595 2546 628 2572 et
655 2545 729 2572 toto
756 2545 897 2583 pectore
919 2540 1032 2572 odisse
1058 2537 1222 2584 sophisti-

241 2602 321 2628 cen,
347 2602 414 2635 qua
432 2590 609 2623 interdum
632 2590 741 2635 aliqui
761 2590 910 2634 ingeniis
929 2591 1133 2631 abutentes,
1160 2592 1223 2624 fal-

277 2707 321 2737 17)
344 2707 415 2730 naec
435 2707 557 2736 quaestio
578 2707 603 2729 in
622 2707 669 2731 Ed.
695 2707 767 2730 15:1⁸3.
788 2708 865 2730 deest
885 2707 926 2739 (εἰ
952 2709 1006 2731 not.
1032 2707 1092 2737 i7.).

278 2751 321 2779 ¹2³)
342 2749 477 2777 hominis]
498 2749 545 2772 Ed.
568 2749 639 2773 1538.
661 2750 805 2775 bonorum.

2201 148 2250 184 32

1266 243 1320 264 sas
1358 231 1547 275 opiniones
1577 238 1717 265 ornant.
1779 230 1858 266 Iure
1895 232 2002 276 igitur
2029 231 2251 277 vituperatur

1265 281 1366 314 Valla
1386 282 1450 328 n')‚
1487 283 1547 328 qui
1582 296 1660 316 cum
1691 283 1830 317 rabiose
1855 283 2080 316 maledixerit
2107 284 2252 318 caeteris

1267 331 1488 378 philosophis
1516 334 1699 373 omnibus,
1728 335 1880 379 assurgit
1903 335 1965 368 uni
1987 335 2163 378 Epicuro,
2191 335 2253 381 qui

1266 392 1305 419 ut
1336 385 1373 417 in
1398 385 1543 418 caeteris
1574 383 1820 430 philosophiae
1845 387 2005 430 partibus
2028 387 2132 430 plane
2157 398 2253 419 scur-

1266 442 1386 476 ratur,
1421 435 1469 468 ita
1496 435 1532 469 in
1562 433 1628 469 hac
1655 437 1824 480 opinione
1850 438 1892 470 de
1915 438 2098 481 voluptate
2123 437 2256 482 longis-

1267 488 1352 521 sime
1381 486 1529 520 discedit
1554 499 1572 519 a
1598 487 1691 520 veris
1716 488 1914 522 rationibus
1940 496 1973 522 et
1997 489 2057 521 illo
2085 490 2172 530 fine,
2207 490 2253 522 ad

1268 552 1372 585 quem
1390 545 1518 571 natura
1535 535 1693 572 hominis
1709 539 1850 572 condita
1870 546 1932 574 est.
1986 540 2130 573 Diluam
2147 541 2255 585 igitur

1268 591 1424 624 rationes
1440 589 1699 634 Epicureorum
1717 590 1903 633 diligenter
1920 592 2093 626 collectas.

1368 641 1502 676 Prima.
1542 640 1606 674 Illa
1629 641 1720 674 actio
1740 648 1791 675 est
1814 642 1910 682 finis,
1938 644 1982 675 ad
2001 655 2108 688 quam
2124 648 2254 675 natura

1268 694 1362 727 ultro
1380 694 1492 726 fertur
1504 720 1512 734 ‚
1542 698 1575 726 et
1592 705 1666 726 non
1683 699 1815 727 coacta.

1369 744 1425 777 Ad
1447 745 1666 788 voluptatem
1683 744 1778 777 ultro
1796 744 1988 788 rapiuntur
2001 741 2165 777 homines
2180 756 2255 776 ma-

1269 795 1363 829 ximo
1382 796 1528 840 impetu,
1554 796 1597 828 ad
1614 796 1781 829 virtutem
1802 796 1859 829 xix
1875 795 1950 838 cogi
1969 801 2128 839 possunt.
2158 794 2254 839 Ergo

1269 848 1432 892 voluptas
1451 854 1502 881 est
1521 847 1599 880 linis
1616 845 1790 887 hominis,
1818 860 1891 880 non
1909 847 2032 881 virtus.

1371 899 1446 931 lloc
1478 905 1726 942 argumentum
1753 911 1827 931 non
1855 898 1956 931 facile
1983 897 2070 931 dilui
2094 903 2210 942 potest
2235 908 2255 930 a

1271 947 1490 994 philosophis
1502 977 1510 990 ,
1529 950 1610 995 quia
1627 947 1853 994 philosophia
1869 962 1942 982 non
1960 949 2084 988 cernit,
2100 950 2194 982 unde
2212 948 2258 982 sit

1270 999 1336 1034 hoc
1360 1001 1542 1035 dissidium
1568 1002 1690 1046 ingens
1717 1001 1866 1034 rationis
1888 1008 1921 1034 et
1940 1000 2199 1045 appetitionum
2219 999 2256 1032 in

1271 1059 1397 1085 natura
1427 1051 1602 1092 hominis,
1636 1053 1695 1086 sed
1722 1051 1923 1086 Christiana
1957 1051 2121 1085 doctrina
2152 1063 2257 1084 mon-

1271 1110 1359 1136 strat
1389 1116 1510 1137 causas
1537 1102 1642 1137 huius
1675 1104 1829 1143 dissidii,
1858 1111 1891 1136 et
1916 1109 2063 1136 testatur
2088 1109 2256 1136 naturam

1271 1153 1427 1188 hominis
1444 1155 1607 1188 vitiosam
1628 1162 1662 1187 et
1679 1161 1883 1199 corruptam
1903 1168 1986 1188 csse.
2021 1154 2141 1199 Quare
2160 1154 2256 1187 iuxta

1272 1204 1513 1239 Christianam
1544 1206 1742 1238 doctrinam
1774 1206 1886 1240 facilis
1918 1212 1968 1239 est
1993 1205 2179 1251 responsio
2211 1206 2256 1238 ad

1271 1257 1468 1295 minorem,
1511 1258 1606 1301 quod
1641 1257 1772 1289 scilicet
1807 1269 1871 1301 per
1907 1257 2066 1290 accidens
2101 1258 2179 1296 fiat,
2217 1263 2258 1290 ut

1271 1319 1364 1339 nunc
1382 1306 1428 1353 ⁴²⁰)
1457 1313 1585 1339 natura
1611 1307 1647 1338 in
1678 1305 1743 1340 hac
1767 1308 1995 1352 corruptione
2021 1320 2094 1341 non
2122 1309 2257 1341 obtem-

1271 1364 1369 1401 peret
1392 1357 1536 1391 rationi.
1589 1357 1681 1391 Nun
1700 1358 1728 1390 si
1745 1364 1833 1391 esset
1848 1358 1985 1402 integra
2003 1366 2129 1392 natura
2141 1385 2150 1398 ,
2178 1371 2257 1404 per-

1271 1409 1358 1441 fecta
1377 1408 1578 1441 obedientIa
1598 1415 1632 1441 et
1650 1409 1839 1441 concordia
1859 1410 2019 1443 omnium
2037 1409 2168 1444 virium
2187 1409 2257 1443 exi-

1271 1466 1396 1499 steret,
1424 1466 1458 1492 et
1481 1466 1653 1504 perpetuo
1678 1461 1834 1505 quodam
1859 1460 2013 1505 impetu,
2039 1467 2112 1494 tota
2128 1468 2256 1494 natura

1272 1517 1457 1555 raperetur
1488 1512 1531 1543 ad
1563 1511 1742 1545 virtutem.
1795 1511 2029 1544 Considerent
2061 1512 2168 1555 igitur
2188 1510 2257 1545 hoc

1272 1563 1351 1595 loco
1376 1561 1542 1601 studiosi,
1574 1568 1747 1607 quantum
1775 1560 2023 1607 philosophiae
2050 1563 2137 1596 lucis
2160 1575 2258 1597 acce-

1273 1614 1334 1646 dat
1357 1613 1483 1646 collata
1509 1613 1670 1646 doctrina
1688 1611 1907 1653 Christiana,
1935 1621 1969 1647 et
1989 1620 2183 1660 utrumque
2200 1627 2258 1659 ge-

1273 1677 1338 1698 nus
1373 1662 1439 1698 hae
1473 1664 1662 1697 collatione
1696 1666 1734 1697 fit
1765 1665 1963 1699 iucundius.
2024 1663 2257 1711 Philosophia

1273 1716 1431 1761 agnoscit
1455 1722 1488 1749 et
1509 1717 1638 1749 fatetur
1651 1713 1860 1749 horribilem
1884 1716 2161 1751 imbecillitatem
2184 1730 2257 1752 esse

1273 1768 1310 1800 in
1327 1774 1453 1800 natura
1478 1765 1652 1808 hominis,
1680 1774 1713 1800 et
1729 1768 1912 1801 dissidium
1928 1768 2078 1802 rationis
2100 1775 2134 1801 et
2151 1781 2258 1814 appe-

1274 1819 1460 1858 titionum,
1495 1819 1558 1852 etsi
1589 1831 1730 1852 causam
1761 1832 1835 1852 non
1858 1820 1964 1853 videt.
2018 1819 2065 1853 At
2095 1820 2258 1854 doctrina

1275 1868 1474 1904 Christiana
1493 1871 1645 1903 ostendit
1660 1883 1792 1905 causas.
1847 1870 2034 1904 Caeterum
2054 1868 2259 1916 philosophi

1274 1922 1319 1955 ad
1339 1922 1516 1954 minorem
1534 1922 1747 1966 respondere
1765 1929 1913 1966 possunt
1937 1920 2005 1955 hoc
2026 1923 2148 1957 modo.
2189 1923 2259 1956 Mi-

1274 1985 1342 2006 nor
1365 1973 1528 2016 neganda
1557 1980 1627 2013 est,
1654 1973 1736 2019 quia
1755 1986 1829 2006 non
1846 1979 1919 2006 tota
1936 1980 2065 2007 natura
2082 1974 2196 2007 fertur
2213 1976 2258 2008 ad

1275 2025 1516 2069 voluptatem,
1550 2026 1610 2058 sed
1633 2037 1715 2069 pars
1746 2024 1894 2058 inferior
1925 2031 1959 2058 et
1981 2025 2098 2059 bruta.
2150 2026 2257 2059 Ratio

1275 2089 1358 2109 vero
1374 2088 1435 2109 seu
1451 2075 1619 2109 iudicium
1637 2076 1765 2109 mentis
1777 2103 1786 2116 ,
1810 2088 1899 2121 quae
1917 2083 1968 2110 est
1983 2088 2066 2121 pars
2083 2077 2258 2121 superior,

1274 2128 1444 2160 reclamat
1462 2134 1495 2160 et
1512 2127 1691 2171 improbat
1708 2127 1961 2171 appetitiones,
1991 2140 2081 2174 quae
2099 2140 2172 2161 non
2196 2129 2257 2162 ob-

1274 2185 1492 2223 temperant,
1517 2186 1550 2211 et
1566 2179 1688 2212 statuit
1704 2179 1872 2212 virtutem
1889 2180 2058 2225 quiddam
2077 2186 2258 2224 praestan—

1276 2230 1343 2264 tius
1361 2242 1433 2263 esse
1445 2257 1453 2269 ,
1482 2230 1619 2263 etiamsi
1640 2243 1713 2263 non
1730 2230 1890 2276 sequitur
1904 2231 2079 2275 voluptas.

1377 2281 1577 2315 Secundum
1613 2289 1874 2325 argumentum.
1934 2282 2069 2316 Natura
2106 2282 2257 2316 maxime

1275 2332 1410 2377 appetit
1442 2333 1748 2366 conservationem
1780 2333 1845 2367 sui.
1898 2332 2070 2377 Voluptas
2100 2339 2151 2366 est
2175 2346 2258 2366 con-

1275 2384 1427 2418 servatio
1452 2391 1619 2424 naturae,
1646 2384 1769 2418 Virtus
1789 2385 2000 2426 destructio,
2029 2383 2117 2418 sicut
2134 2384 2258 2418 Socra·

1312 2500 1356 2531 19)
1375 2500 1540 2524 Laurentius
1556 2500 1655 2526 Valla.
1675 2500 1805 2530 patricius
1820 2500 1974 2529 nonanus,
1991 2499 2146 2530 theologiae
2164 2500 2259 2525 doctor

1346 2538 1373 2558 et
1397 2536 1543 2559 canonicus
1575 2537 1602 2558 s.
1628 2535 1738 2558 loannis
1762 2535 1977 2562 Latet-asnensis,
2014 2538 2095 2558 natus
2119 2540 2144 2558 a.
2173 2536 2258 2560 14¹5..

1345 2573 1468 2593 mortuus
1491 2570 1580 2597 146³:
1607 2570 1640 2593 εἰ.
1665 2569 1716 2593 lac.
1737 2569 1868 2592 nruckeri
1894 2569 1957 2592 hist.
1985 2569 2044 2592 crit.
2064 2569 2258 2600 philosophiae.

1346 2605 1418 2627 Tum.
1439 2604 1484 2627 lv.
1505 2604 1533 2628 P.
1557 2604 1575 2628 l.
1595 2610 1619 2633 p.
1634 2604 1760 2627 32—34.
1784 2603 1897 2632 eiusque
1916 2603 2006 2632 operis
2026 2603 2138 2633 append.
2159 2611 2183 2633 p.
2198 2604 2256 2628 6³2.

1347 2642 1373 2661 et
1393 2639 1423 2661 G.
1441 2639 1502 2662 Chr.
1520 2638 1699 2668 flammi-geri
1717 2637 1885 2667 guncttdffige
1899 2636 2059 2664 mndvridmn
2078 2643 2126 2663 von
2141 2637 2186 2663 ben
2201 2643 2259 2663 νοτ-

1345 2671 1471 2701 nebmtten
1496 2671 1696 2703 &ditiftsteuetn
1725 2677 1782 2697 vom
1808 2671 1925 2702 unfnnge
1953 2671 1994 2697 bct
2018 2671 2088 2698 {Bm
2116 2673 2155 2697 bis
2183 2673 2258 2697 1500.

1345 2706 1373 2730 P.
1393 2706 1440 2732 IV.
1461 2713 1485 2736 p.
1504 2706 1556 2730 74³
1573 2714 1631 2736 sqq.

1276 2776 1280 2777 ⁷
1310 2748 1358 2779 20)
1380 2750 1463 2778 nunc]
1483 2748 1523 2772 sic
1542 2748 1590 2772 Ed.
1614 2748 1702 2779 {bulg
1722 2748 1770 2773 Ed.
1793 2748 1866 2773 ¹546.
1888 2750 1957 2773 tunc.
