2347 3000
226 114 301 150 487

227 212 341 245 neque
357 212 463 244 penes
479 212 591 234 unum
609 200 761 245 aliquem
780 207 971 244 tyrannum
989 209 1073 237 esse,
1098 208 1214 241 neque

229 264 335 295 penes
362 252 603 295 promiscuum
629 253 772 295 vulgus,
805 251 863 283 sed
889 260 995 293 penes
1008 247 1215 286 Ecclesiam,

231 302 266 335 id
289 309 358 341 est,
393 303 521 335 electos
545 315 585 335 ex
610 303 728 335 multis
752 301 882 345 peritos
906 301 948 333 ad
974 299 1215 333 iudicandum.

229 353 326 386 Sicut
342 353 377 385 in
392 353 487 387 Actis
507 366 582 396 cap.
601 352 658 391 15,
680 352 749 397 (6.)
779 352 925 385 dicitur:
963 351 1056 385 Conx
1067 356 1217 383 enernut

229 404 392 448 Apostoli
417 411 450 437 et
474 405 628 437 seniores
649 404 691 435 de
715 404 822 435 verbo
840 402 917 436 hoc.
972 401 1056 435 lteul
1085 403 1117 435 1.
1135 402 1216 434 Cor.

232 455 290 495 14,
315 455 425 501 (30.);
470 455 504 487 Si
534 454 640 486 suerit
673 454 808 488 sedenti
844 453 1060 494 revelatum,
1105 459 1218 486 taceat

230 519 341 550 prior.

332 555 381 588 lta
404 553 614 587 Antiochiae
639 555 674 587 in
697 566 799 587 causa
825 554 1031 597 gravissima
1057 555 1098 587 de
1124 554 1217 586 (licto

231 606 372 640 Ioannis
393 606 447 651 (l,
467 607 534 651 1.):
564 605 603 639 ln
626 605 802 650 principio
829 612 905 638 erat
928 606 1095 645 verbum,
1122 605 1219 637 insti-

230 664 325 691 tutus
344 663 393 690 cst
414 669 596 700 processus
616 663 738 689 contra
764 657 879 700 ipsum
904 657 1129 700 episcopum,
1165 656 1219 688 cui

228 720 361 741 nomen
385 714 461 740 erat
482 708 614 741 Paulus
637 708 888 741 Samosatenus
898 707 956 752 ⁸⁶).
1019 707 1065 741 Et
1089 707 1220 741 iudices

228 760 371 792 fuerunt
388 758 455 791 vlri
471 759 669 802 gravissimi
685 758 721 791 in
738 760 859 792 eadem
870 758 1042 798 Ecclesia,
1069 759 1218 792 etmulti

230 809 389 843 accersiti
421 822 462 842 cx
495 810 636 851 xicinis,
681 816 720 843 ut
747 810 994 856 Gregorius⁸⁷)
1025 810 1220 844 Neocaesa—

232 861 376 901 riensis,
405 867 439 894 et
460 861 532 895 alii.

333 912 515 951 Secundo,
554 909 611 944 hic
641 923 800 955 expresse
832 912 870 943 fit
900 911 1035 943 mentio
1067 912 1220 945 testium.

231 962 285 997 Ex
301 961 369 996 hoc
386 964 482 995 sonte
500 963 631 995 multae
648 963 738 1006 leges
756 968 860 995 natae
878 968 959 995 sunt
971 989 980 1002 ‚
1013 975 1103 1007 quae
1120 975 1221 1007 prae-

231 1014 367 1059 cipiunt
383 1015 425 1047 de
440 1014 548 1046 modo
568 1013 803 1057 cognoscendi
821 1014 1094 1047 controversias.

335 1065 385 1098 Ac
402 1065 502 1097 valde
517 1065 749 1098 memorabile
767 1065 899 1098 dictum
917 1072 989 1105 est,
1015 1066 1111 1110 quod
1129 1070 1223 1097 extat

231 1116 268 1148 in
294 1116 352 1151 17.
371 1128 445 1160 cap.
476 1116 524 1162 (v.
541 1115 592 1161 4.)
617 1115 874 1149 Deuteronom.
900 1114 954 1150 his
979 1116 1112 1150 verbis:
1150 1115 1222 1148 Au-

231 1167 326 1206 dias,
355 1167 514 1212 inquiras
530 1168 637 1208 bene,
664 1173 697 1200 et
714 1180 792 1201 cum
810 1168 916 1201 fuerit
934 1180 1057 1201 verum
1075 1173 1222 1207 certum,

231 1218 358 1262 punias
376 1225 440 1252 etc.

332 1278 417 1311 Vult
434 1278 539 1311 iudici
562 1278 608 1311 ita
636 1284 757 1311 notam
782 1290 854 1311 csse
878 1278 1082 1318 veritatem,
1117 1285 1155 1312 ut
1178 1278 1222 1311 sit

231 1334 363 1368 certus,
392 1342 454 1361 nec
471 1336 640 1374 sequatur
658 1336 795 1362 tantum
813 1329 1030 1372 suspiciones
1043 1356 1050 1369 ‚
1086 1336 1146 1362 aut
1171 1329 1222 1361 in-

231 1385 342 1413 certas
360 1380 546 1424 opiniones
559 1407 568 1420 ,
595 1381 684 1414 sicut
699 1392 802 1423 saepe
820 1380 857 1412 in
874 1380 1126 1414 controversiis
1141 1380 1223 1413 reli-

231 1430 346 1474 gionis
376 1443 474 1475 reges
497 1438 531 1464 et
555 1431 711 1476 episcopi
735 1437 933 1476 sequuntur
959 1432 1146 1476 opiniones
1169 1444 1221 1464 cr-

230 1494 312 1514 rore
328 1482 565 1516 multitudinis
582 1484 807 1516 confirmatas
820 1509 829 1523 ,
853 1495 929 1515 nou
945 1483 1132 1529 inquirunt
1149 1495 1221 1516 cer-

232 1539 305 1566 tam
326 1534 526 1568 xeritatem.

331 1591 444 1626 Exod.
463 1594 511 1628 23
521 1592 579 1638 S3),
596 1592 664 1638 (2.)
682 1593 895 1626 nominatim
918 1593 1156 1638 praecipitur,
1183 1599 1219 1625 ut

232 1654 440 1684 caveamus,
481 1657 524 1677 ne
557 1644 777 1688 decipiamur
802 1645 940 1678 iudiciis
963 1644 1219 1677 multitudinis:

229 1693 311 1728 Non
327 1696 486 1740 sequaris
502 1696 642 1729 turbam
662 1695 699 1728 in
716 1696 859 1729 iudicio.

333 1754 543 1798 Congruunt
561 1761 679 1788 autem
700 1753 768 1788 huc
791 1755 901 1788 multa
927 1755 1037 1794 (licta,
1070 1761 1109 1787 ut
1135 1755 1218 1787 illud

230 1805 474 1839 Platonicum:
517 1804 576 1840 δεῖ
601 1804 741 1852 κρίνειν
763 1804 807 1841 οὐ
830 1803 982 1851 πλήθει,
1025 1804 1117 1840 ἀλλὰ
1145 1805 1219 1840 ἐπι-

234 1853 351 1901 στήμη]
363 1856 420 1902 89).

263 1990 312 2018 86)
332 1990 410 2014 Conf.
430 1996 513 2020 supra
532 1997 556 2019 p.
572 1990 630 2015 479.
652 1991 717 2013 nota
730 1990 773 2014 63.

262 2041 310 2073 67)
330 2041 495 2071 Gregorius]
515 2040 555 2063 sic
572 2041 640 2063 Edit.
657 2041 748 2071 1552.;
785 2041 866 2064 Editt.
884 2041 974 2065 1554..
1003 2040 1075 2065 1557.
1098 2041 1124 2063 et
1146 2041 1219 2064 15⁶0.

299 2076 443 2103 Georgius.
458 2087 491 2092 —-
510 2075 679 2104 Gregorius,
700 2075 810 2104 proprie
820 2076 995 2099 Theodorus.
1016 2081 1063 2104 per
1073 2075 1220 2105 Origenein

297 2110 462 2134 christianae
487 2109 627 2132 doctrinae
653 2110 810 2137 cognitione
835 2110 952 2132 imbutus
976 2115 1000 2132 a.
1013 2109 1072 2132 240.
1095 2110 1219 2132 Neocae-

297 2150 410 2174 sareae,
439 2143 626 2172 Cappadociae
645 2144 758 2173 oppido,
790 2144 833 2167 uhi
861 2146 940 2166 natus
965 2146 1040 2169 erat,
1074 2144 1217 2172 episcopus

297 2179 385 2202 sactus
404 2179 462 2203 est,
489 2180 521 2199 οι)
541 2178 687 2207 miracula,
712 2184 780 2207 quae
801 2180 927 2207 patrasse
946 2177 1100 2202 dicebatur,
1128 2178 1217 2200 Thau-

294 2214 437 2239 maturans
456 2212 671 2237 cognominatus.
708 2212 736 2235 ln
755 2213 870 2242 synodis
888 2218 913 2236 a.
927 2212 985 2236 264.
1002 2214 1028 2235 et
1041 2211 1100 2235 269.
1118 2212 1217 2235 Antio-

295 2247 371 2270 chiae
390 2246 487 2268 habitis
504 2245 581 2268 Pauli
596 2247 767 2269 samosateni
782 2253 893 2269 errores
907 2239 1084 2276 impugnavit.
1115 2246 1215 2271 A.270.

295 2282 418 2305 mortuus
437 2282 487 2302 est.
538 2280 630 2302 Vitam
655 2280 712 2303 eius
732 2282 882 2311 Gregorius
902 2281 1044 2310 Nyssenus
1063 2280 1216 2309 descripsit.

296 2315 403 2344 scripta
423 2314 481 2337 eius
501 2315 578 2336 sunt:
611 2314 799 2344 Panegyricus
818 2316 843 2338 in
864 2315 1026 2345 Origeneu13
1058 2315 1216 2344 Metaphra-

295 2350 335 2372 sis
355 2350 380 2371 in
398 2349 598 2377 Ecclesiasten3
623 2349 764 2378 Expositio
785 2350 863 2375 fidei:
891 2349 1014 2379 Epistola
1034 2349 1164 2372 canonica
1183 2349 1215 2372 ad

297 2384 396 2412 Papam
415 2389 461 2405 scu
483 2383 646 2411 Episcopum
665 2384 797 2412 quendam
818 2384 897 2407 Ponti
925 2384 1006 2413 (quae
1026 2383 1052 2405 iu
1072 2383 1143 2407 Gna.
1164 2385 1215 2406 Bc-

295 2417 398 2442 vereex'i
413 2417 540 2439 Pandcct.
554 2422 650 2439 canon.
670 2418 742 2442 Toni.
756 2418 786 2442 ΙΙ,
807 2426 830 2448 p.
848 2419 889 2441 24.
909 2418 1071 2447 reperitur).
1099 2418 1216 2440 Tracta-

294 2453 338 2474 tus
357 2452 388 2472 ‹iff-
412 2451 503 2474 anima
526 2450 560 2473 ad
580 2451 722 2475 Tatianuin
748 2456 774 2475 et
796 2455 913 2482 quatuor
939 2452 1065 2475 homiliae
1091 2452 1162 2474 salso
1189 2451 1214 2474 ei

294 2485 496 2508 adscribuntur.
545 2486 635 2513 Opera.
663 2486 720 2508 eius
747 2488 881 2514 (genuina.
900 2488 926 2510 et
945 2487 1051 2517 spuria)
1079 2492 1132 2509 uua
1156 2492 1215 2509 cum

295 2519 355 2542 vita
374 2518 414 2541 cd.
435 2519 499 2543 (ier.
520 2519 647 2542 Vossius.
674 2521 833 2550 Moguntiae
856 2521 930 2545 1604.
956 2522 980 2545 4.

258 2569 305 2600 88)
327 2569 410 2592 Exod.
424 2568 481 2596 233
502 2569 542 2592 sic
561 2570 643 2595 Editt.
666 2571 754 2603 1552,
783 2573 856 2596 1551.
877 2574 903 2595 et
926 2571 1010 2602 1557.;

293 2604 379 2628 Exod.
393 2603 434 2626 32.

256 2656 304 2683 89)
324 2654 393 2678 Plat.
411 2653 514 2676 Laches
539 2656 594 2683 (op.
623 2656 664 2678 ed.
685 2657 716 2679 H.
737 2658 828 2686 Steph.
848 2657 922 2682 1211.
948 2664 972 2687 p.
988 2657 1044 2681 ¹84.
1061 2664 1083 2681 e.
1102 2669 1135 2673 -
1169 2657 1210 2680 ed.

291 2689 397 2718 Bipont.
419 2688 481 2712 ΥοΙ.
497 2688 530 2710 V.
552 2695 576 2717 p.
595 2689 681 2719 173.):
708 2688 855 2723 Έῑιιστὴαῃ
877 2690 947 2722 γάρ,
977 2687 1072 2722 οἶμαι,
1097 2690 1139 2715 δεῖ
1155 2693 1214 2722 κρί-

290 2724 402 2750 νεσθαι,
424 2717 482 2744 (ΞΗ.)
503 2718 533 2744 οὐ
554 2721 667 2753 πλήθει,
694 2723 722 2748 ιὸ
740 2718 842 2755 ,amm
862 2725 951 2753 καλῶς
972 2727 1127 2756 κρίνεσθαι.

1050 2572 1121 2596 Edit.
1139 2572 1213 2596 1560.

501 113 702 148 SCRIPTA
727 114 802 149 PH.
829 113 940 148 MEL.
967 112 1032 145 AD
1059 108 1268 145 ETHICEN
1296 108 1360 143 ET
1387 107 1644 145 POLITICEN
1672 106 1982 146 SPECTANTLA.

2181 111 2257 148 488

1524 195 1728 230 Secunda
1756 196 2002 231 conclusio.

1372 260 1463 294 Cum
1479 262 1651 295 sententia
1671 262 2067 303 excommunicationis,
2102 265 2197 308 quod
2214 266 2258 298 ad

1272 323 1383 357 ipsam
1417 324 1558 346 causam
1590 320 1735 353 attinet,
1777 313 1906 347 iniusta
1939 321 2006 354 est,
2046 325 2184 349 necesse
2209 322 2260 350 est

1272 365 1547 397 condemnatum
1570 370 1688 398 tamen
1713 365 1866 398 retinere
1889 365 2146 400 consessionem
2170 366 2261 400 veri-

1273 415 1374 455 tatis,
1416 416 1511 448 iuxta
1537 416 1624 448 illud
1651 415 1783 461 (Galat.
1804 418 1836 456 l,
1863 417 1931 463 8.):
1973 417 2009 450 Si
2035 417 2190 461 Angelus
2216 418 2260 451 de

1273 467 1370 500 coelo
1387 467 1483 500 aliud
1498 466 1732 509 Evangelium
1750 468 1892 508 doceat,
1921 467 2109 502 anathema
2128 469 2184 504 sit.

1375 517 1440 549 Hic
1458 515 1640 550 antithesis
1658 517 1911 552 consideretur.
1946 519 2041 564 Papa
2059 533 2262 554 excommu-

1273 567 1394 601 nicans
1425 581 1490 602 nos
1522 566 1769 607 anathemata,
1798 568 1832 601 i‹l
1858 575 1926 609 est,
1961 571 2147 605 maledicta
2176 584 2262 612 esse,

1274 617 1493 652 lmrribssiter
1511 621 1678 652 damnata
1697 631 1716 651 a
1735 618 1831 659 Deo,
1860 625 1893 652 et
1916 628 2061 665 propter
2085 635 2169 663 nos,
2196 636 2261 656 110-

1273 671 1325 704 bis
1344 677 1378 703 et
1395 671 1459 703 toti
1479 671 1599 713 generi
1616 669 1774 703 humano
1792 682 1925 714 poenas
1951 671 2092 706 attrahi.
2146 674 2201 707 Sic
2227 680 2261 708 et

1273 721 1395 756 loann.
1416 722 1474 762 16,
1493 721 1562 768 (2.)
1577 722 1721 755 dicitur:
1751 721 1921 767 Quisquis
1939 724 2074 757 occidet
2091 735 2175 765 vos,
2198 737 2263 769 pu-

1274 773 1361 807 tabit
1378 786 1414 806 se
1429 773 1637 807 sacrificium
1656 773 1783 805 offerre
1806 773 1890 806 Deo.

1379 825 1467 858 Cum
1499 832 1617 858 autem
1651 838 1723 857 non
1752 825 1826 858 siue
1852 836 1982 868 magno
2008 825 2131 859 dolore
2151 826 2263 870 possit

1275 874 1382 909 homo
1406 877 1483 921 pius
1500 877 1672 910 sustinere
1701 876 1952 916 contumelias,
1981 889 2186 923 quanquam
2210 877 2264 910 in-

1275 927 1400 966 iustas,
1441 940 1519 960 cum
1544 928 1770 972 pontificum,
1813 939 1955 971 regum,
1997 933 2030 960 ct
2061 929 2262 973 sapientum

1276 979 1413 1012 iudiciis
1429 978 1761 1023 cmulenmaturffl),
1791 984 1825 1010 et
1841 979 1937 1011 venit
1955 978 1990 1011 in
2008 979 2088 1012 odia
2112 987 2145 1013 et
2168 980 2263 1024 peri-

1275 1029 1371 1069 cula,
1403 1029 1557 1063 x·icissi111
1580 1042 1644 1062 nos
1667 1029 1870 1062 consolatur
1895 1030 2045 1069 Paulus,
2079 1030 2262 1077 inquiens:

1276 1079 1350 1113 lmo
1369 1080 1432 1120 illi,
1461 1080 1521 1126 qui
1537 1081 1720 1113 veritatem
1740 1080 1990 1120 condemnant,
2017 1088 2099 1114 sunt
2117 1080 2263 1116 anathe-

1276 1138 1371 1165 mata
1392 1138 1425 1164 ct
1442 1132 1641 1171 maledicta,
1665 1129 1885 1164 horribiliter
1902 1132 2028 1165 reiecta
2045 1138 2079 1165 et
2095 1133 2263 1166 damnata

1276 1196 1295 1216 a
1313 1182 1411 1222 Deo,
1444 1190 1591 1227 propter
1618 1196 1708 1228 quae
1733 1183 1959 1217 cumulantur
1983 1195 2119 1227 poenae
2137 1184 2264 1228 'generi

1276 1233 1452 1274 humano,
1480 1247 1553 1267 non
1570 1246 1634 1267 nos
1655 1234 1716 1278 qui
1734 1234 1917 1266 veritatem
1937 1235 2159 1269 confitemur.

1375 1285 1425 1318 Ac
1443 1297 1580 1318 necesse
1601 1291 1652 1317 cst
1670 1284 1746 1328 pios
1763 1290 1881 1318 tencre
1899 1297 2078 1329 expressas
2102 1287 2263 1321 consola-

1276 1336 1389 1369 tiones
1407 1342 1529 1369 contra
1547 1335 1671 1381 iniqua
1690 1335 1818 1369 iudicia
1830 1362 1839 1376 ,
1867 1342 1906 1369 ut
1924 1336 2067 1369 vincant
2088 1337 2263 1379 dolorem,

1276 1394 1309 1420 et
1325 1394 1480 1421 statuant
1496 1400 1531 1421 se
1550 1399 1776 1432 nequaquam
1794 1393 1940 1432 propter
1956 1387 2102 1422 iniustas
2125 1395 2265 1423 sentcn-

1275 1439 1341 1473 tias
1356 1439 1453 1472 rciici
1471 1451 1488 1471 a
1508 1439 1583 1471 Deo
1596 1466 1604 1478 ,
1632 1446 1691 1471 aut
1711 1439 1846 1471 excludi
1864 1452 1882 1471 a
1900 1452 1980 1471 vcra
2000 1438 2166 1475 Ecclesia.

1375 1490 1453 1523 Sint
1470 1490 1575 1531 igitur
1593 1490 1629 1522 in
1650 1497 1837 1535 conspectu
1860 1488 1945 1523 haec
1964 1491 2073 1524 dicta:
2102 1491 2264 1528 Psalmus

1279 1540 1417 1587 10991),
1444 1542 1555 1587 (28.):
1599 1541 1813 1574 Maledicent
1835 1541 1903 1581 illi,
1938 1548 1971 1575 ct
2005 1548 2043 1575 tu
2066 1543 2262 1579 benedices.

1275 1592 1548 1625 Consundentur
1566 1593 1699 1625 inimici
1718 1593 1799 1632 mei,
1823 1605 1943 1626 servus
1961 1600 2076 1627 autem
2096 1600 2175 1628 tuus
2192 1595 2262 1628 lae-

1275 1644 1417 1678 tabitur.
1470 1644 1553 1677 Esai
1569 1642 1628 1683 51,
1653 1643 1738 1689 (7.):
1774 1643 1826 1677 Ne
1851 1644 1969 1677 timete
1994 1646 2124 1688 probra
2147 1643 2263 1679 homi-

1274 1708 1371 1729 num.
1436 1693 1562 1727 Mattb.
1581 1694 1615 1733 5,
1642 1695 1753 1740 (11.):
1788 1694 1888 1727 Beati
1911 1696 2011 1735 estis,
2048 1709 2127 1730 curn
2153 1698 2262 1731 male-

1274 1746 1426 1780 dixerint
1444 1746 1543 1779 vobis
1561 1743 1723 1779 homines
1741 1746 1950 1780 mentientes
1971 1754 2116 1792 propter
2131 1760 2199 1783 me.

1374 1799 1423 1829 Ac
1441 1798 1476 1830 in
1498 1797 1624 1830 talibus
1647 1797 1897 1830 certaminibus
1921 1805 2046 1831 notum
2071 1798 2116 1833 sit
2141 1799 2262 1834 discri-

1275 1861 1354 1882 men
1374 1861 1476 1881 verae
1487 1848 1683 1888 Ecclesiae,
1712 1855 1745 1881 et
1763 1848 1854 1882 illius
1873 1849 2035 1893 agminis,
2063 1851 2159 1896 quod
2172 1852 2260 1886 salso

1273 1901 1337 1934 sibi
1363 1900 1503 1933 titulum
1525 1899 1700 1933 Ecclesiae
1728 1906 1890 1944 arrogat,
1923 1913 2001 1934 cum
2028 1902 2260 1936 certissimum

1273 1952 1334 1992 sit,
1363 1950 1480 1984 hostes
1499 1951 1656 1984 veritatis
1673 1963 1746 1984 non
1765 1963 1835 1984 esse
1846 1950 2037 1986 Ecclesiam
2050 1952 2136 1994 Dei,
2163 1954 2259 1988 iuxta

1274 2003 1358 2037 haec
1387 2003 1477 2035 dicta
1504 2001 1643 2048 (Ioann.
1663 2004 1728 2042 10,
1752 2003 1848 2049 27.):
1892 2003 1986 2038 Oves
2014 2017 2113 2038 meae
2137 2018 2260 2040 vocem

1273 2068 1388 2088 meam
1420 2054 1578 2088 audiunt.
1645 2053 1732 2087 Item
1765 2055 1807 2087 de
1841 2051 2000 2090 hostibus
2034 2055 2174 2102 (Ioann.
2200 2058 2258 2098 10,

1272 2106 1366 2150 26.);
1395 2105 1467 2139 Vos
1485 2118 1557 2138 non
1579 2107 1658 2139 estis
1675 2118 1716 2139 ex
1733 2105 1857 2139 ovibus
1874 2107 1971 2141 meis.
2013 2106 2098 2141 Item
2117 2107 2256 2154 (loann.

1272 2160 1306 2198 8,
1325 2157 1420 2201 44.):
1456 2157 1527 2191 Vos
1551 2169 1591 2190 ex
1614 2163 1713 2201 patre
1737 2157 1879 2190 diabolo
1908 2159 1999 2192 estis.
2052 2158 2186 2192 Interea
2205 2165 2255 2192 ta-

1271 2223 1352 2243 men
1376 2210 1469 2242 Deus
1497 2209 1633 2254 aliquas
1658 2208 1825 2254 reliquias
1849 2221 1952 2242 verae
1969 2209 2140 2243 Ecclesiae
2167 2223 2255 2243 sem-

1270 2275 1332 2307 per
1349 2267 1484 2299 servat,
1513 2260 1608 2294 iuxta
1631 2257 1716 2293 haec
1740 2260 1850 2293 dicta:
1885 2261 1961 2294 Nsi
1979 2260 2153 2295 Dominus
2175 2262 2256 2295 reli-

1270 2314 1400 2359 quisset
1429 2312 1531 2345 nobis
1554 2324 1673 2346 semen
1697 2312 1786 2345 sicut
1809 2312 1961 2345 Sodoma
1994 2318 2026 2343 et
2051 2312 2255 2346 Gomorrha

1270 2378 1433 2397 essemus.
1486 2362 1574 2396 ltem
1599 2361 1743 2409 (Matth.
1761 2363 1820 2402 28,
1838 2363 1932 2407 20.):
1967 2362 2056 2396 Ecce
2085 2376 2147 2406 ego
2176 2377 2254 2398 sum

1269 2417 1449 2448 vobiscum
1468 2427 1579 2459 usqne
1599 2416 1641 2447 ad
1662 2414 2004 2447 consummationem
2023 2415 2142 2449 seculi.

1368 2466 1410 2499 lit
1431 2466 1466 2498 in
1484 2466 1646 2510 symbolo
1672 2466 1880 2510 profitemur
1903 2466 2107 2499 conservari
2130 2478 2256 2500 veram

1267 2518 1475 2552 Ecclesiam:
1507 2517 1621 2551 Credo
1637 2516 1830 2550 Ecclesiam
1855 2523 2011 2549 sanctam
2030 2515 2251 2552 catholicam.

1299 2612 1346 2640 90)
1367 2610 1576 2638 condemnatur]
1601 2609 1643 2632 sic
1667 2607 1751 2633 Editt.
1775 2607 1864 2638 1552,
1897 2607 1970 2632 1557.
1998 2610 2025 2631 et
2052 2608 2143 2639 1560.;
2179 2608 2251 2635 Edit.

1338 2647 1411 2669 1554.
1431 2647 1626 2668 contemnatur.

1299 2687 1555 2747 fflirpsamhtisoa]
1576 2685 1658 2709 Editt.
1678 2690 1771 2709 omnes
1796 2685 1958 2714 (secuudum
1976 2685 2065 2710 Lxx.
2090 2687 2117 2709 et
2137 2683 2250 2716 Vulg.):

1359 2722 1468 2747 satm.l
1509 2738 1515 2745 .
