2347 3000
209 116 281 150 563
782 105 904 139 Pulli.
941 104 1053 137 MliL.
1087 101 1287 135 scutPTA
1314 99 1649 135 Pl-HLOLOGICA.
2157 103 2230 137 864

209 203 310 234 siteor
342 196 464 231 aetatis
492 206 590 228 meae
625 199 762 235 tempus
795 188 1037 222 abhorruisse:
1073 199 1194 219 earum

211 264 329 286 rerum
356 248 516 281 omnium
542 245 598 276 vel
623 243 658 275 in
684 240 807 285 primis
833 239 889 272 hic
913 241 1023 272 Aulus
1040 238 1198 271 Licinius

213 305 364 336 fructum
390 312 408 332 a
434 310 490 331 me
514 300 672 338 repetere
698 304 810 336 prope
837 303 900 324 suo
929 291 1002 323 iure.
1027 291 1140 322 debet.

316 368 411 402 Haec
435 371 485 398 est
501 361 635 395 exordii
654 359 871 403 propositio,
901 371 990 403 quae
1010 358 1044 389 in
1061 368 1197 389 summa

215 421 318 460 dicit,
358 414 566 450 industriam
592 410 772 444 Ciceronis
795 410 922 441 debere
945 410 1110 453 prodesse
1136 407 1200 439 Ar-

217 471 327 506 diiae.
380 467 426 500 Et
449 472 489 499 ut
514 464 559 497 sit
581 461 729 496 nitidior
755 461 882 499 oratio,
910 459 1103 493 industriae
1121 470 1202 502 par-

217 531 267 556 tes
284 523 525 555 recensentur;
553 514 679 547 deinde
699 512 857 557 seqnitur
876 524 977 544 causa
997 509 1101 543 huius
1120 521 1201 552 pro-

220 571 423 618 positionis:
471 566 562 611 Quia
603 562 752 597 Archias
788 563 902 595 studia
941 574 1017 594 mea
1056 559 1202 593 adiuvit.

220 625 285 657 Sed
311 622 391 667 qnia
417 618 503 652 haec
532 615 688 649 breviter
717 614 832 653 dicta,
864 613 1048 657 frigidiora
1079 616 1204 648 essent,

220 687 275 708 res
306 674 429 707 eadem
468 673 606 701 tantum
639 667 772 699 adiecta
813 665 982 708 temporis
1023 662 1204 695 mentione

222 725 370 762 dicitur,
404 728 444 755 ut
475 719 519 753 sit
551 717 703 751 ambitus
737 716 888 759 longior.
961 714 1051 748 Nam
1086 712 1204 758 quoad

221 775 424 819 longissime
455 774 571 816 potest
602 781 701 802 mens
732 779 810 802 mea
844 766 1016 810 respicere
1051 763 1204 807 spatium

222 824 404 874 praeteriti
427 820 618 865 temporis,
652 825 687 852 et
718 818 889 863 pueritiae
920 815 1129 848 memoriam
1153 825 1207 845 re-

224 877 364 913 cordari
378 875 553 911 ultimam,
579 871 661 904 inde.
677 882 787 914 usque
805 874 978 912 repetens,
994 865 1087 899 lmnc
1106 866 1206 897 video

225 928 313 963 mihi
337 925 533 972 principem
556 928 590 954 et
612 923 654 954 ad
679 920 936 964 suscipiendam
962 925 995 950 et
1023 919 1066 949 ad
1095 918 1208 958 ingre-

226 981 393 1016 diendam
423 975 599 1009 rationem
641 971 770 1005 horum
808 970 1006 1004 studiorum
1046 967 1209 1001 extitisse..

227 1031 394 1077 Sequitur
412 1025 602 1062 conclusio,
630 1036 719 1068 quae
739 1028 801 1059 est,
828 1028 866 1054 ut
884 1021 919 1052 in
936 1018 1210 1063 enthymemate,

229 1083 320 1117 ratio
343 1075 632 1121 consequentiae:
662 1073 893 1105 Iustissimum
918 1077 968 1103 est
995 1069 1112 1101 autori
1134 1068 1211 1100 red-

229 1136 311 1168 dere
338 1129 487 1175 gratiam
510 1124 763 1162 necessariam,
797 1123 823 1155 si
847 1134 887 1154 eo
913 1132 1079 1159 munere,
1117 1118 1213 1163 quod

230 1186 303 1230 ipse
327 1181 442 1219 dedit,
471 1183 581 1221 egeat.
633 1175 713 1208 Mea
744 1174 889 1206 facultas
922 1171 1056 1203 exculta
1091 1176 1142 1202 est
1171 1168 1213 1199 ab

232 1232 373 1271 Archia,
396 1242 478 1273 ergo
495 1227 561 1272 ipsi
578 1225 767 1271 praecipue.
783 1225 949 1268 prodesse
966 1223 1079 1254 debet.
1121 1220 1215 1252 Haec

233 1289 278 1320 ita
305 1285 399 1317 dicit.
451 1280 557 1325 Quod
583 1278 611 1311 si
637 1275 723 1310 baec
747 1289 813 1309 vox
832 1273 935 1307 huius
954 1271 1099 1305 hortatu
1116 1282 1216 1314 prae-

234 1337 411 1382 ceptisque
434 1332 668 1367 conformata,
695 1326 876 1359 nonnullis
899 1324 1091 1369 aliquando
1113 1321 1217 1355 saluti

233 1389 316 1423 fuit:
347 1398 366 1418 a
391 1395 462 1430 quo
485 1382 523 1415 id
543 1379 753 1424 accepimus,
781 1390 851 1423 quo
877 1375 1022 1408 caeteris
1039 1371 1218 1418 opitulari,

237 1447 271 1474 et
300 1438 388 1471 alios
415 1445 555 1468 servare
585 1441 786 1476 possemus,
832 1426 915 1460 huic
947 1426 1106 1470 profecto
1139 1422 1219 1466 ipsi,

237 1495 410 1537 quantum
435 1491 485 1518 est
508 1483 613 1517 situm
639 1482 676 1514 in
699 1480 814 1519 nobis,
837 1486 871 1511 et
891 1490 996 1522 opem
1021 1483 1054 1509 et
1071 1475 1220 1509 salutern

237 1544 328 1576 ferre
353 1538 532 1571 debemus.

340 1596 417 1630 Hoc
438 1594 547 1627 modo
572 1591 660 1625 serie
683 1589 928 1623 membrorum
946 1586 982 1619 in
1001 1583 1222 1618 orationibus

240 1647 420 1684 Ciceronis
435 1644 668 1681 considerata,
694 1641 795 1674 facile
812 1638 958 1678 intelligi
976 1635 1118 1680 poterit,
1137 1634 1222 1678 quid

241 1706 342 1735 vocet
373 1694 670 1730 consecutionem.
729 1692 817 1725 Cmn
854 1688 1015 1721 videlicet
1047 1692 1079 1718 et
1116 1685 1221 1716 verba

240 1758 333 1786 recte
350 1751 468 1782 iuncta
484 1752 585 1785 sunt,
614 1745 797 1777 observata
816 1741 954 1773 ratione
974 1736 1224 1781 grammaticae

242 1800 416 1849 syntaxis,
459 1804 493 1830 et
525 1808 604 1829 cum
636 1795 731 1826 velut
765 1793 801 1825 in
833 1790 990 1823 aedificio
1023 1800 1141 1820 reruni
1175 1792 1225 1819 est

244 1849 503 1897 coagmentatio
524 1859 664 1885 earum,
692 1857 780 1889 quas
796 1849 924 1876 natura
942 1847 976 1873 et
993 1851 1113 1873 sensus
1131 1850 1225 1870 com-

243 1904 360 1939 munis
382 1900 480 1943 iungi
503 1898 669 1943 postulat.

343 1959 523 1994 Absolutis
549 1963 666 1990 autem
685 1954 752 1987 illis
769 1953 879 1986 tribus
896 1949 1072 1995 periodis,
1101 1948 1226 1980 deinde

248 2013 345 2048 addit
370 2009 644 2045 adversativam:
687 2006 752 2038 Sed
781 2004 931 2036 miretur
955 2000 1101 2045 aliquis,
1141 2012 1227 2044 quo-

249 2065 355 2098 modo
374 2068 494 2095 orator
515 2072 532 2092 a
551 2065 652 2103 poeta
672 2055 832 2088 adiuvari
849 2053 969 2098 possit.
1016 2051 1105 2083 Huic
1123 2062 1228 2095 quae-

249 2115 355 2150 stioni
380 2112 587 2156 respondet:
623 2120 724 2153 posse
757 2112 935 2138 oratorem
961 2116 979 2135 a
1004 2108 1108 2146 poeta
1131 2100 1228 2133 adiu-

249 2167 337 2205 vari,
366 2163 448 2210 quia
464 2163 657 2195 multarum
676 2157 941 2202 disciplinarum
965 2154 1057 2185 inter
1072 2165 1107 2185 se
1124 2164 1229 2208 quae-

250 2220 331 2251 dam
356 2215 519 2258 cognatio
544 2218 606 2251 cst,
633 2217 671 2244 ut
696 2207 904 2242 statuarium
931 2218 948 2237 a
972 2204 1106 2249 pictore
1132 2204 1229 2235 adiu-

250 2269 327 2301 vari
350 2278 424 2299 non
448 2270 498 2298 est
523 2263 742 2295 inusitatum.

352 2334 447 2366 Haec
472 2329 653 2375 diligentia
683 2324 930 2361 considerandi
958 2324 1091 2356 formas
1115 2321 1231 2366 perio-

253 2388 379 2419 dorum
398 2390 431 2417 et
448 2383 622 2421 ordinem,
640 2378 880 2422 multipliciter
897 2376 1040 2420 prodest
1057 2373 1232 2407 studiosis.

253 2437 343 2471 Nam
368 2442 401 2468 et
423 2434 551 2467 rectius
576 2431 773 2474 intelligent
796 2429 1023 2464 Ciceronem,
1051 2431 1083 2457 et
1098 2423 1232 2456 facilins

254 2487 509 2524 imitabuntur,
536 2490 570 2516 et
593 2482 705 2525 magis
730 2478 952 2513 cohaerentia
979 2476 1131 2510 scribent
1157 2474 1233 2518 ipsi,

256 2538 285 2572 si
309 2536 487 2569 Ciceronis
511 2533 709 2568 orationem
735 2530 802 2564 hoc
825 2530 932 2563 modo
960 2533 1091 2560 attente
1119 2527 1234 2568 legent

256 2595 289 2621 et
313 2587 521 2630 expendent.
573 2585 644 2619 Nec
674 2581 821 2625 intelligi
859 2578 944 2613 haec
976 2584 1160 2622 praecepta
1193 2577 1235 2607 de,

258 2637 504 2671 consecutione
543 2641 707 2679 possunt,
759 2632 827 2665 nisi
867 2629 1070 2664 monstratis
1112 2628 1236 2659 talibus

257 2688 434 2732 exemplis.

1353 186 1548 220 Multorum
1584 187 1734 219 aliorum
1769 186 1884 219 oratio
1921 193 1972 220 est.
2001 188 2230 221 tumultuaria

1252 238 1452 280 congeries,
1489 238 1546 282 qui
1580 238 1635 270 vel
1665 238 1933 281 grammaticam
1961 239 2134 282 syntaxim
2160 251 2232 272 non

1253 289 1462 327 observant,
1498 289 1552 320 vel
1583 301 1637 321 res
1661 302 1732 321 non
1765 287 1991 322 cohaerentes
2016 296 2146 321 temere
2170 302 2234 322 un-

1253 340 1358 384 dique,
1384 345 1599 371 converrunt
1622 339 1656 371 in
1684 352 1791 371 unum
1819 341 2016 373 cumulum:
2047 340 2159 385 qualis
2185 346 2236 373 est

1256 391 1515 434 propemodum
1541 389 1692 421 Senecae
1717 390 1844 424 oratio.

1358 440 1468 473 Multa
1496 446 1639 484 possent
1663 441 1820 484 exempla
1854 441 2037 474 Ciceronis
2050 440 2225 476 ,Isocratis

1255 498 1288 523 et
1332 491 1482 523 aliorum
1527 491 1700 523 luculenta
1740 498 1773 523 et
1808 492 1912 534 digna
1947 493 2049 524 laude
2085 491 2238 524 recitari.

1255 542 1322 574 Sed
1347 543 1472 574 addam
1502 554 1610 574 unum
1638 553 1677 574 ex
1702 541 1957 574 Demosthene:
1989 549 2026 575 ut
2042 541 2239 576 scholastici

1257 593 1500 632 considerent,
1534 604 1605 624 non
1633 594 1744 625 solum
1771 599 1902 637 quanta
1936 594 2037 625 suerit
2064 593 2097 625 in
2125 593 2238 625 verbis

1258 643 1426 686 eligendis
1451 649 1484 675 et
1511 643 1664 686 puritate
1691 643 1885 683 sermonis,
1918 645 2047 676 tuenda
2080 650 2239 676 veterum

1258 694 1456 738 diligentia;
1491 695 1549 727 sed
1577 694 1701 734 etiam,
1737 701 1868 738 quanta
1900 694 2092 738 sapientia,
2131 706 2241 738 quan-

1259 752 1332 778 tum
1359 745 1515 782 consilii,
1545 751 1677 789 quanta
1706 758 1788 777 cura
1816 757 1870 777 res
1892 757 1949 777 eas
1975 744 2126 782 dicendi,
2153 756 2243 789 quae

1259 796 1411 829 maxime
1437 802 1683 837 congruerent.
1744 795 1787 827 Et
1818 796 1974 840 profecto
2002 796 2046 828 ita
2074 802 2138 828 est:
2176 795 2243 827 Re-

1259 848 1325 880 bus
1353 846 1455 879 bonis
1480 853 1511 879 et
1541 847 1630 890 aptis
1657 847 1806 879 inventis
1832 847 1942 880 facilis
1971 853 2020 880 est
2045 845 2243 890 explicatio,

1260 904 1300 931 ut
1324 898 1371 930 ait
1397 897 1565 929 Horatius
1585 897 1646 941 η);

1305 956 1462 992 Verbaque
1486 954 1704 993 praevisamlss)
1735 964 1796 982 rein
1820 965 1875 982 non
1907 955 1994 982 invita
2017 960 2178 991 sequuntur
2191 953 2248 990 ¹3),

1263 1007 1392 1049 Magna
1420 1005 1527 1047 igitur
1554 1017 1635 1037 eura
1661 1012 1736 1037 erat
1761 1012 1939 1045 veterum,
1975 1017 2029 1037 res
2055 1012 2153 1048 aptas
2177 1005 2248 1049 pri-

1264 1069 1383 1095 mum,
1412 1062 1444 1087 et
1471 1055 1635 1097 negotio,
1665 1056 1901 1099 temporibus,
1937 1056 2095 1098 personis
2123 1067 2249 1088 conve-

1265 1108 1401 1140 nientes
1426 1106 1635 1147 excogitare.

1369 1156 1580 1200 Exemplum
1606 1170 1645 1189 ex
1670 1156 1841 1189 orationis
1866 1153 2161 1189 Demosthenicae
2184 1167 2249 1199 pro

1269 1205 1497 1251 Ctesiphonte
1530 1208 1694 1240 exordio:
1744 1207 1904 1239 Primum
1951 1207 2041 1239 Deos
2081 1219 2165 1245 oro,
2211 1213 2251 1239 ut

1270 1264 1402 1304 quanta
1429 1270 1506 1290 mea
1532 1258 1598 1290 suit
1622 1265 1793 1302 perpetuo
1824 1270 1904 1301 erga
1933 1258 2108 1290 civitatem
2133 1264 2167 1290 et
2189 1269 2251 1290 vos

1270 1310 1454 1344 universos
1483 1309 1749 1348 benevolentia,
1785 1315 1882 1341 tanta
1918 1308 2070 1341 vicissim
2101 1320 2120 1340 a
2151 1307 2251 1340 vobis

1271 1362 1309 1393 in
1326 1359 1392 1393 hoc
1409 1360 1602 1392 certamine
1620 1358 1708 1392 mibi
1726 1359 1970 1392 benevolentia
1991 1358 2253 1404 praesteturn).

1372 1411 1467 1443 llaec
1491 1418 1542 1444 est
1565 1411 1679 1455 prima
1706 1411 1903 1455 propositio
1927 1409 2074 1447 exordii,
2102 1409 2253 1441 maxime

1273 1462 1487 1495 conveniens
1512 1462 1575 1494 tali
1598 1462 1696 1501 viro,
1732 1462 1791 1506 qui
1824 1462 1884 1494 diu
1914 1460 2169 1505 rempublicam
2195 1461 2254 1492 ad-

1274 1513 1559 1553 ministraverat,
1587 1519 1621 1546 et
1643 1525 1741 1546 suani
1768 1512 1892 1551 tidem,
1929 1524 1968 1544 ac
1991 1511 2145 1545 studium
2172 1522 2254 1553 erga

1275 1564 1450 1609 patriam,
1486 1570 1519 1597 et
1542 1565 1634 1597 cives
1668 1564 1706 1596 in
1729 1563 1984 1607 gubernatione
2019 1562 2255 1595 maximarum

1275 1628 1394 1648 rerum
1417 1615 1523 1657 longo
1549 1622 1708 1658 tempore
1735 1615 1987 1646 declaraverat.
2040 1613 2138 1645 Talis
2154 1612 2208 1644 vir
2224 1618 2258 1644 et

1275 1666 1559 1698 benevolentiam
1581 1678 1680 1698 suam
1711 1665 1804 1708 apud
1830 1664 1920 1697 cives
1952 1664 2026 1697 iure
2053 1664 2256 1707 praedicare

1276 1723 1391 1760 potcst
1423 1722 1457 1748 et
1488 1722 1538 1748 est
1571 1714 1885 1753 humanissimum,
1919 1727 1983 1758 pro
2013 1714 2258 1747 benevolentia

1277 1778 1459 1811 reposcere
1492 1773 1650 1799 mutuam
1684 1766 1980 1798 benevolentiam.
2033 1765 2114 1798 'Non
2145 1764 2261 1809 potuit

1279 1819 1386 1862 igitur
1411 1823 1471 1850 aut
1496 1818 1636 1861 gravius
1661 1823 1721 1849 aut
1744 1817 1938 1849 modestius
1961 1816 2083 1848 ordiri.

1380 1868 1546 1913 Sequitur
1570 1869 1679 1900 altera
1702 1867 1958 1911 propositionis
1983 1879 2063 1911 pars
2085 1866 2194 1910 magis
2215 1867 2258 1898 ad

1280 1926 1500 1964 praesentem
1527 1932 1665 1952 causam
1694 1919 1890 1962 pertinens:
1929 1918 2065 1950 Deinde
2100 1930 2186 1956 oro,
2221 1923 2260 1949 ut

1282 1971 1339 2004 Dii
1367 1970 1466 2004 vobis
1498 1968 1589 2003 lianc
1618 1976 1771 2002 mentem
1806 1972 1909 2007 deut,
1945 1969 2089 2012 dignam
2118 1968 2260 2012 pietate,

1282 2029 1312 2055 et
1335 2022 1445 2065 gloria
1474 2028 1608 2060 vestra,
1640 2034 1683 2054 ne
1709 2021 1952 2053 adversarium
1975 2032 2093 2053 meum
2118 2019 2156 2052 in
2179 2031 2261 2051 con-

1281 2074 1397 2107 silium
1422 2070 1637 2111 adhibeatis,
1665 2084 1710 2104 an
1733 2070 1821 2104 mihi
1847 2072 2109 2104 concedendum
2133 2069 2196 2109 sit,
2223 2075 2262 2102 ut

1282 2137 1347 2169 pro
1373 2136 1427 2156 me
1451 2123 1578 2156 dicam.
1631 2123 1806 2156 Acerbum
1832 2122 1925 2155 enim
1951 2121 2076 2161 suerit,
2112 2133 2152 2154 ex
2185 2132 2261 2153 sen·

1285 2175 1391 2208 tentia
1417 2174 1611 2208 adversarii
1634 2186 1673 2207 ea
1697 2174 1739 2206 de
1765 2186 1803 2206 re
1825 2180 1996 2210 statuere;
2031 2173 2089 2206 sed
2114 2172 2204 2213 leges
2229 2178 2262 2203 et

1285 2226 1531 2260 iusiurandum
1559 2232 1714 2258 vestrum
1747 2224 1935 2264 consulite,
1969 2224 2005 2256 in
2029 2234 2098 2268 quo
2124 2230 2262 2266 praeter

1323 2384 1370 2412 12)
1391 2384 1487 2406 Horat.
1505 2387 1552 2405 ars
1572 2383 1643 2412 poet.
1661 2382 1720 2406 31¹.

1322 2435 1367 2462 13)
1386 2433 1543 2463 praevisam
1564 2450 1570 2456 .
1617 2452 1622 2456 .
1643 2433 1820 2462 sequuntuin]
1845 2431 1883 2454 sic
1908 2431 1947 2453 liic
1973 2431 2140 2462 somment.;
2170 2433 2265 2457 Horat,

1357 2469 1398 2492 ed.
1418 2468 1504 2492 Beutt.
1525 2468 1621 2491 habet:
1641 2468 1779 2497 provisam
1799 2484 1805 2490 .
1826 2483 1831 2488 .
1851 2485 1855 2489 .
1876 2469 2032 2494 sequentur.

1324 2521 1368 2547 Η)
1387 2518 1575 2542 Demosthenis
1594 2517 1679 2547 ipsius
1692 2518 1784 2542 verba.
1802 2521 1819 2539 a
1837 2516 1930 2546 quihus
1949 2516 2098 2540 orationem
2111 2523 2160 2547 pro
2174 2518 2268 2542 Ctesi-

1357 2555 1455 2583 phonte
1477 2559 1498 2575 s.
1519 2553 1550 2575 tle
1569 2557 1670 2576 eoi-oua
1688 2551 1803 2575 orditur.
1822 2551 1845 2573 11.
1865 2551 1880 2582 Ι..
1901 2550 1926 2573 in
1944 2551 1989 2573 lat.
2006 2557 2156 2574 sermonem
2172 2554 2267 2575 trans-

1357 2588 1590 2611 iat:111;1e‹:s=111t:
1620 2585 1734 2616 Πρῶτον
1758 2583 1827 2615 μὲν,
1858 2583 1878 2607 ιι]
1910 2582 2007 2615 ἅνδρες
2028 2581 2183 2614 Ἀθηναῖοι,
2213 2588 2267 2613 ταῖς

1357 2622 1431 2646 ἐμοῖς
1449 2618 1567 2651 Ηῖχομαι
1587 2618 1654 2642 πᾶσι
1678 2617 1724 2640 καὶ
1747 2617 1864 2645 πάσαις,
1891 2615 1959 2646 fictir
1983 2616 2094 2642 εὔνοιαν
2118 2617 2188 2649 ἔχων
2212 2619 2266 2652 {711}

1361 2654 1472 2678 ὣτιτιλιιῖ
1499 2654 1527 2685 'li
1554 2660 1580 2676 τε
1605 2651 1681 2676 πόλει
1705 2651 1749 2674 καὶ
1775 2660 1860 2675 ‘timu‘
1884 2651 1967 2682 ὑμῖν,
1991 2651 2125 2682 roe-utinm
2148 2650 2268 2686 ὑπάρξαι

1360 2698 1406 2719 μαι
1425 2685 1491 2718 παρ’
1510 2686 1589 2718 ὑμῶν
1608 2687 1643 2714 et,-
1662 2685 1770 2710 τουτονί
1791 2684 1839 2710 τὸν
1857 2683 1960 2717 ἀγῶνα.
