2347 3000
57 95 155 132 1165

51 189 111 216 est.
167 182 235 215 Ubi
258 182 388 226 incepit
411 193 531 215 rursus
558 193 722 215 excusare
747 195 850 216 suum
876 184 1042 223 officium,

49 235 240 277 respondet
258 233 401 277 plenum
420 245 492 266 esse
504 230 735 267 humanitatis
749 233 970 267 innocentem
983 236 1042 267 ‹le-

48 286 203 318 fendere.
244 283 513 317 Iurisconsultus
531 283 662 330 inquit:
693 284 807 317 Semel
825 287 936 319 malus
953 299 1042 319 sein-

50 335 497 379 perpraesumiturnialus.
524 335 722 379 Respondit
736 343 854 369 antem
875 337 1040 381 colligens

47 386 361 424 dissilnilitlnlines,
385 393 504 430 postea
522 386 645 430 incipit
661 393 809 420 triu-tare
829 388 934 428 locos,
951 387 1039 421 nibil

48 439 92 470 ad
112 436 203 470 hanc
220 449 363 471 cansam
381 437 620 481 pertinentes,
650 440 708 471 sed
727 439 838 483 magis
855 440 899 472 ad
920 452 1039 483 perso-

47 500 132 521 nam
156 488 356 527 Ciceronis,
399 501 487 534 quos
512 489 615 522 diluit
638 489 774 523 ordine.
836 490 867 524 1.
896 490 939 523 Se
965 502 1038 523 non

49 552 120 573 esse
148 540 387 584 peregrinum.
447 542 481 574 2.
509 540 552 573 Se
574 552 647 572 non
673 552 744 574 esse
771 553 900 585 regem.
961 542 1038 574 Pri-

46 603 144 623 mum
164 591 314 635 opponit
333 603 413 624 suos
432 591 571 624 labores
584 591 779 625 invidiosae
795 593 1037 636 appellationi.

46 641 112 674 Hic
131 649 249 675 autem
266 642 378 675 utitur
392 643 546 687 quadam
564 643 835 677 asseveratione.
898 643 960 677 Est
976 656 1036 676 au-

46 700 116 725 tem
135 693 368 731 asseveratio,
396 706 475 726 cum
500 694 719 726 confidenter
740 694 873 739 aliquid
900 706 1035 728 asseve-

46 756 182 778 ramus:
215 743 291 785 Ego
310 744 398 785 gessi
415 741 477 778 has
496 756 569 783 res,
598 751 631 777 et
646 756 719 776 non
738 745 896 788 poenitet
915 758 970 777 me
987 746 1035 777 se-

44 796 141 828 cisse.
210 794 391 828 Secundus
415 795 511 828 locus
537 801 587 828 est
619 795 914 828 communicatio:
957 795 1032 839 Ego

45 846 128 879 istas
144 857 218 885 res,
248 859 334 891 quas
358 846 466 889 gessi,
502 851 615 878 tecum
639 846 748 887 gessi,
783 858 865 880 usus
892 859 968 879 sum
997 847 1033 879 in

42 895 95 930 his
110 897 271 940 gerendis
290 897 480 940 plurimum
500 901 559 928 tua
577 901 611 928 et
627 897 737 940 patris
756 897 805 929 tui
824 909 944 941 opera.
995 898 1031 930 Si

44 948 129 992 quid
150 947 307 991 peccavi,
336 953 373 979 tn
391 959 532 992 quoque
548 947 709 990 peccasti.
759 946 810 980 lta
833 948 1031 981 communi-

42 1005 97 1032 cat
115 1011 192 1031 cum
211 1010 272 1038 eo,
300 998 427 1043 siquid
444 998 479 1030 in
505 995 558 1031 bis
586 998 657 1031 suis
681 998 785 1032 rebus
811 999 914 1043 gestis
937 999 1030 1033 visus

42 1050 87 1083 sit
101 1061 258 1093 peccare.
302 1051 418 1093 Atque
436 1048 483 1081 ita
504 1050 644 1081 tandem
663 1050 797 1082 accedit
814 1052 857 1083 ad
876 1063 1028 1084 causam.

40 1100 165 1139 ἄλλως.
219 1100 406 1133 Praefatur
425 1107 592 1144 tanquam
614 1100 651 1132 in
673 1108 836 1144 poemate
860 1103 1028 1146 quodam,

40 1152 122 1197 quia
141 1151 217 1184 vult
233 1163 432 1184 asseverare
451 1158 484 1183 et,
503 1152 686 1184 ostendere
700 1178 709 1192 ,
737 1164 772 1185 se
795 1165 868 1185 non
893 1153 1027 1197 impro-

39 1203 124 1235 bare
142 1214 201 1241 ea,
229 1215 318 1247 quae
336 1202 498 1245 gesserit,
525 1214 599 1234 non
616 1203 798 1247 poenitere
818 1216 853 1237 se
877 1203 1024 1237 istorum

41 1253 267 1286 consiliorum
281 1279 289 1292 ,
316 1254 443 1298 quibus
466 1253 501 1285 in
519 1254 703 1286 consulatu
724 1267 787 1287 suo
813 1255 1027 1299 oppresserit

39 1304 289 1350 seditiososffi).
367 1306 521 1337 lucensio
544 1305 678 1338 urbium
694 1303 769 1352 8³)]
797 1305 1025 1339 Distributio-

38 1368 118 1396 nes,
147 1356 229 1401 quia
253 1367 316 1399 per
340 1361 457 1399 partes
480 1354 629 1399 explicat
653 1358 839 1390 commoda
866 1357 1025 1390 beneficii

35 1407 146 1440 istius.
199 1406 267 1440 Ista
295 1413 345 1439 est
367 1406 541 1439 sententia
563 1407 848 1441 asseverationis:
875 1408 950 1452 Ego
975 1410 1024 1441 sa-

35 1464 114 1491 teor
136 1470 192 1490 me
217 1458 280 1491 ista
306 1457 444 1497 secisse,
470 1460 536 1490 nec
552 1457 691 1501 defugio
706 1459 882 1502 pericula,
909 1472 1023 1505 neque

35 1509 195 1554 poenitet
211 1522 266 1541 ine
287 1521 448 1541 meorum
466 1509 761 1555 consiliorumffl).
884 1554 888 1558 η

138 1559 167 1603 ἓ.
188 1559 247 1594 34.
275 1563 332 1594 Αη
358 1572 408 1592 me
430 1558 658 1606 em‘stimusn]
685 1557 924 1607 qujctitsmm:
952 1562 1020 1594 Pu-

36 1617 89 1644 tas
112 1623 167 1643 me
191 1623 262 1643 non
287 1611 350 1644 ista
374 1610 525 1643 libenter
546 1611 680 1650 dicere,
724 1624 801 1644 cum
834 1618 951 1645 tamen
981 1625 1019 1645 ea

33 1661 125 1701 dixi,
169 1663 312 1707 quando
345 1661 507 1694 abdicavi
535 1662 768 1696 consulatum.
834 1663 925 1696 'Nam
954 1676 1019 1707 pro

35 1713 204 1746 concione
232 1713 354 1746 Cicero
387 1713 554 1745 abdicans
584 1713 805 1746 consulatum
838 1714 942 1754 dixit,
985 1727 1019 1748 se

34 1764 169 1808 optimo
187 1764 333 1797 consilio
356 1764 475 1796 omnia
494 1764 529 1796 in
553 1763 797 1797 coniuratione
823 1766 949 1808 egisse,
984 1778 1019 1799 se

31 1814 122 1848 nihil
138 1822 322 1859 spectasse,
340 1814 405 1847 nisi
426 1815 601 1858 publicam
618 1815 819 1855 utilitatem,
847 1828 881 1849 se
899 1817 1016 1849 omnia

30 1867 151 1900 fecisse
171 1873 329 1899 coactum
347 1865 481 1908 legibus
492 1865 549 1911 313).
636 1868 727 1906 Quae
744 1869 876 1901 iteratus
894 1870 927 1900 ἱη
945 1881 1018 1900 nnc-

30 1920 128 1952 xima
145 1918 314 1962 concione]
331 1917 459 1950 scilicet
478 1918 620 1962 quando
638 1917 845 1950 abdicabam
864 1931 918 1950 nie
936 1930 1017 1951 con-

27 1970 155 2003 sulatu.

131 2020 217 2063 Cap.
234 2017 306 2052 XII.
337 2016 365 2062 §-
385 2017 443 2052 34.
477 2020 701 2064 Aiqueeiz‘am
718 2017 819 2066 illinc]
849 2020 1016 2053 Commu-

26 2071 158 2105 nicatio
175 2070 323 2103 ironica.
376 2068 540 2113 Aspergit
563 2069 655 2102 enim
676 2072 845 2114 quasdam
870 2071 1015 2111 ironias,

25 2129 66 2156 ut
98 2121 212 2155 oratio
238 2121 283 2154 sit
310 2121 482 2154 urbanior
506 2127 539 2153 et
563 2121 721 2154 festivior
737 2120 795 2166 36).
909 2124 1015 2163 Quum

26 2174 171 2218 siynse'ser
193 2170 297 2219 esset]
332 2171 471 2204 Dicitur
495 2171 599 2204 etiam
626 2173 789 2216 princeps
812 2172 1014 2213 iuventutis,

58 2291 108 2319 32)
127 2284 267 2322 παρῥησιά
286 2294 338 2319 qua
356 2288 452 2312 Cicero
465 2300 496 2305 —-
512 2288 684 2318 oppresserit
703 2288 866 2317 seditiosos]
885 2295 934 2319 pro
962 2290 1012 2313 hae

92 2326 176 2354 longa
199 2325 264 2347 nota
288 2322 423 2346 Editionis
444 2323 516 2347 1568.
543 2324 650 2346 ceterae
676 2322 692 2346 3
712 2323 794 2346 Etlitt.
820 2324 918 2346 liabent
944 2325 1012 2348 haue

92 2360 215 2382 brevem:
244 2354 399 2389 πιιῤῥησία,
420 2362 471 2386 qua
487 2358 679 2380 commemorat
698 2358 724 2380 et
743 2358 881 2386 praedicat
898 2364 944 2381 res
961 2365 1012 2389 ge-

88 2395 147 2417 stas
165 2392 208 2415 sui
226 2393 398 2422 consulatus,
419 2394 445 2414 et
464 2391 569 2415 orditur
587 2391 662 2415 velut
680 2391 708 2415 in
726 2394 859 2422 poemate.

55 2443 104 2471 33)
123 2442 253 2466 lucensio
271 2442 402 2470 urbium]
422 2441 461 2465 sic
480 2441 529 2464 Ed.
551 2441 642 2471 1568.;
670 2441 720 2466 Ed.
736 2442 822 2466 Orell.
847 2442 1011 2468 incensione

89 2477 196 2502 urbem.

51 2529 100 2557 34)
120 2529 193 2552 Haec
211 2528 276 2551 nota
294 2525 321 2550 in
340 2527 402 2552 sola
420 2527 469 2550 Ed.
485 2526 558 2550 1568.
579 2526 728 2552 invenitur.

50 2578 98 2606 35)
116 2575 283 2609 lnnpvjvwcc
302 2588 335 2594 -
353 2578 475 2601 coactum
493 2577 626 2607 legibus]
651 2577 691 2601 sie
709 2577 758 2602 Ed.
775 2577 867 2608 1568.;
899 2578 1008 2602 ceterae

84 2613 102 2637 3
119 2613 204 2636 Editt.
222 2612 321 2635 liabent
339 2611 425 2635 solam
445 2618 555 2636 vocem:
580 2609 755 2644 ἐπιφώνημα.

46 2663 94 2692 36)
113 2661 325 2688 communicatio
343 2673 378 2679 —·
395 2661 549 2690 festiviora
584 2661 625 2685 sic
651 2663 699 2686 Ed.
724 2662 815 2690 1568.;
852 2662 960 2687 ceterae
989 2664 1006 2687 3

80 2698 162 2722 Editt.
180 2698 280 2721 habent
298 2697 403 2720 tantum
421 2697 522 2721 verba:
548 2695 765 2721 Communieatio
786 2696 898 2721 ironica.

409 92 500 130 xlv,
551 92 832 132 ENARRATIO
869 94 1129 135 ORATlOMS
1163 101 1411 138 elefflzoMs
1446 103 1544 138 PRO
1578 103 1741 140 SYLLA.

1989 106 2084 139 1166

1096 194 1129 221 et
1150 188 1175 222 is
1192 189 1331 228 dieitur,
1361 202 1464 235 quem
1484 189 1666 224 constItuit
1683 191 1802 223 consul
1819 191 2086 233 signiserumffl).

1095 240 1298 287 Iuventutis]
1330 241 1381 273 lte
1406 242 1539 282 Bruto,
1574 241 1789 274 Germanico
1815 248 1848 273 et
1872 242 1910 276 C,
1933 244 2082 275 (Iar-sare

1094 290 1253 333 legimus,
1272 294 1366 337 quod
1386 293 1516 325 suerint
1532 292 1708 337 principes
1724 292 1883 329 iuvenes;
1913 300 1943 325 et
1963 293 2085 325 dieun-

1094 348 1151 374 tur
1182 343 1250 381 illi,
1294 344 1421 388 ‹piilnus
1445 344 1567 378 consul
1591 351 1651 378 aut
1676 356 1834 378 suumms
1860 344 2084 387 magistratus

1093 393 1230 435 signum
1252 395 1369 428 tradit.

1195 443 1223 487 ξ.
1250 444 1310 479 35,
1356 448 1436 479 Vide
1467 445 1587 493 oze³⁸)]
1623 443 1845 491 ἐπιφώνημα
1876 442 2080 490 εἴρωνικόν.

1091 496 1160 528 Sed
1181 498 1247 529 ium
1271 495 1385 543 redeo]
1412 497 1607 531 Transitio.
1662 498 1753 529 Tota
1778 495 1863 529 llaec
1887 496 2081 540 disputatio

1093 549 1350 589 propemodum
1379 546 1466 580 nibil
1490 549 1692 592 pertinebat
1715 549 1758 581 ad
1787 560 1927 581 causam
1952 548 2080 592 Syllae.

1092 597 1154 628 llic
1172 598 1287 630 reddit
1304 598 1494 637 rationem,
1518 612 1580 632 cur
1596 600 1663 632 illis
1680 599 1766 632 loeis
1783 612 1865 632 usus
1883 599 1937 633 sit.
1989 602 2081 632 Nam

1088 651 1119 681 si
1140 647 1342 696 Torquatus]
1370 649 1493 683 Brevis
1511 650 1707 691 excusatio,
1742 662 1803 684 cur
1829 649 2000 694 proliXius
2028 661 2081 681 re-

1089 701 1273 742 sponderit
1291 700 1478 745 Torquato
1489 701 1548 746 39).

1191 750 1275 794 Cap.
1296 750 1383 785 Xlll.
1420 750 1527 795 §.36
1562 749 1812 798 Allobroyibus]
1851 750 2076 793 Consulat‘ffl)

1088 800 1241 843 primum
1266 809 1535 845 argumentum,
1570 804 1665 848 quod
1686 803 1779 847 Sylla
1805 803 1849 835 sit
1873 802 2078 834 nominatus

1086 852 1129 883 ab
1146 852 1409 896 Allobrogibus.
1464 853 1592 892 ἄλλως.
1646 852 1685 886 In
1711 851 1776 885 bac
1803 854 1964 885 oratione
1987 852 2072 886 sicut

1085 903 1295 948 plerumque
1312 904 1401 937 solet
1420 904 1496 938 fieri
1520 904 1556 936 in
1579 905 1849 949 respondendo,
1883 910 1921 937 ut
1947 903 2075 939 oratio,

1085 960 1257 998 quantum
1275 961 1408 999 potest,
1432 955 1589 989 imitetur
1605 955 1766 988 ordinem
1786 955 1926 998 prioris.
1982 954 2074 986 Con-

1083 1006 1236 1038 firmatio
1266 1019 1338 1038 non
1369 1007 1529 1052 sequitur
1571 1007 1875 1051 propositionem,
1924 1007 1983 1038 sed
2021 1004 2075 1037 bi(-

1083 1057 1287 1100 praeposuit
1308 1058 1599 1091 confutationem.
1660 1057 1753 1090 lnfra
1773 1063 1890 1090 autem
1908 1062 2074 1101 sequetur

1082 1109 1254 1152 quaedam
1273 1109 1508 1142 confirmatio.
1570 1108 1659 1142 Illud
1678 1115 1795 1142 autem
1820 1114 1871 1141 est
1886 1120 2072 1150 argumen-

1083 1165 1168 1191 tum.
1229 1158 1284 1191 Sic
1309 1159 1403 1191 enim
1427 1166 1695 1203 argumentatus
1716 1161 1830 1193 suerat
1847 1159 2071 1203 Torquatus:

1080 1210 1288 1253 Allobroges
1307 1211 1586 1244 nominaverunt
1604 1212 1749 1256 Syllam,
1778 1222 1861 1253 ergo
1880 1209 2070 1242 verisimile

1080 1267 1130 1293 est
1152 1261 1361 1304 Allobroges
1394 1262 1498 1294 etiam
1532 1262 1634 1296 scisse
1669 1262 1804 1307 aliquid
1834 1262 1876 1294 de
1906 1260 2072 1294 societate

1079 1312 1194 1356 Syllae
1226 1324 1304 1344 cum
1335 1313 1539 1347 coniuratis.
1600 1313 1729 1352 ἄλλως.
1789 1312 1935 1345 Refutat
1967 1323 2071 1354 argu-

1077 1369 1236 1396 mentum
1261 1375 1323 1407 per
1346 1364 1629 1404 distinctionem,
1664 1365 1759 1409 quod
1784 1364 1992 1407 Allobroges
2016 1362 2069 1394 in-

1077 1415 1337 1458 terrogaverint
1354 1416 1396 1448 de
1413 1416 1528 1460 Sylla,
1556 1428 1628 1447 non
1649 1415 1916 1448 affirmaverint.
1959 1413 2068 1446 Aliud

1077 1472 1128 1499 est
1144 1472 1261 1498 autem
1280 1465 1521 1510 interrogare,
1549 1467 1646 1499 aliud
1671 1467 1868 1506 affirmare,
1903 1471 1937 1497 et
1961 1464 1996 1496 in
2020 1471 2069 1496 te-

1076 1517 1244 1550 stimonio
1262 1518 1457 1563 requiritur
1472 1518 1697 1551 asseveratio.
1758 1516 1826 1551 lsta
1851 1522 1932 1550 sunt
1960 1515 2066 1558 ἄτεχ-

1075 1580 1135 1608 να,
1165 1569 1247 1613 quia
1266 1581 1340 1601 non
1357 1575 1521 1602 constant
1536 1569 1707 1613 peculiari
1724 1570 1878 1613 quadam
1896 1574 1929 1600 et
1947 1566 2067 1600 subtili

1075 1619 1230 1658 ratione,
1276 1619 1357 1664 quia
1377 1626 1458 1653 sunt
1483 1620 1597 1663 posita
1621 1620 1658 1652 in
1681 1620 1781 1652 omni
1803 1619 1895 1657 vita,
1937 1617 2067 1660 etam).

1075 1672 1157 1710 Quis
1181 1669 1360 1717 neyat'fflfl
1390 1671 1424 1703 id
1449 1677 1517 1710 est,
1553 1672 1708 1704 concedo
1732 1671 1847 1716 Syllae
1880 1669 2063 1706 iudicium,

1074 1721 1169 1765 quod
1194 1723 1236 1753 de
1261 1721 1354 1765 Sylla
1379 1722 1666 1765 interrogaverit.
1778 1723 1961 1755 Amlt'sseni
1990 1717 2064 1765 eos]

1072 1771 1201 1804 scilieet
1219 1772 1350 1816 Syllani
1379 1779 1412 1805 et
1432 1772 1718 1817 Autroniumw).
1794 1774 1847 1806 De
1870 1772 1988 1817 ‘lctibus
2012 1771 2063 1803 illo·

1070 1820 1218 1868 aliquid]
1247 1823 1431 1868 scilicot'ffl)
1450 1826 1544 1869 quod
1564 1836 1678 1869 neque
1697 1823 1836 1856 Cassius
1851 1827 2037 1856 asseveret.

1174 1879 1203 1924 ξ.
1223 1882 1282 1915 37.
1312 1885 1442 1916 Etenim
1460 1882 1562 1930 esset]
1582 1883 1676 1916 Haec
1691 1889 1741 1916 est
1757 1882 1941 1916 sententia.
1978 1880 2062 1913 Cas-

1070 1932 1140 1965 sius
1158 1932 1243 1965 dicit
1258 1945 1293 1966 se
1309 1932 1397 1966 nibil
1415 1934 1502 1967 scire
1530 1936 1570 1967 de
1588 1934 1682 1979 Sylla
1695 1961 1703 1974 ‚
1739 1935 1820 1979 quia
1846 1940 1948 1976 turpe
1972 1937 2059 1965 esset

1070 1983 1113 2023 ei,
1141 1983 1169 2016 si
1184 1990 1287 2016 antea
1305 1985 1523 2019 nominasset
1539 1985 1637 2025 alios,
1666 1983 1758 2018 bunc
1776 1982 2060 2029 praeterisset'ffi).

1102 2117 1150 2146 37)
1170 2118 1245 2142 Haec
1264 2119 1329 2142 nota
1348 2117 1375 2141 in
1393 2118 1453 2141 sola
1472 2118 1519 2142 Ed.
1540 2118 1613 2142 1568.
1635 2118 1782 2142 invenitur.

1101 2162 1149 2188 38)
1172 2161 1241 2185 I'irle
1259 2161 1306 2190 ne]
1327 2161 1367 2184 sic
1381 2160 1561 2191 Editt.1539.‚
1584 2161 1668 2193 1553,
1690 2162 1775 2191 1554„
1796 2159 1885 2190 1568.;
1904 2159 1953 2183 Ed.
1970 2158 2056 2183 Orell.

1141 2197 1267 2220 Videsne.

1099 2237 1147 2265 39)
1166 2239 1242 2261 Hane
1260 2238 1353 2261 notam
1372 2237 1433 2261 sola
1451 2237 1501 2260 Ed.
1518 2236 1591 2261 1568.
1611 2237 1725 2261 exhibet.

1099 2281 1147 2308 40)
1167 2280 1312 2307 confutat]
1333 2279 1392 2302 huie
1413 2279 1472 2303 voci
1492 2279 1519 2302 in
1540 2280 1586 2302 Ed.
1604 2280 1678 2305 1568.
1704 2279 1852 2310 praefixum
1872 2280 1915 2302 est
1933 2276 2054 2302 auctoris

1134 2321 1248 2338 nomen:
1280 2313 1375 2343 Philip.
1395 2314 1527 2337 Melanch.

1098 2358 1146 2384 41)
1165 2357 1218 2380 Pro
1239 2356 1287 2380 hac
1306 2358 1371 2380 nota
1390 2356 1531 2385 prolixiori
1550 2356 1684 2379 Editionis
1704 2357 1778 2381 1568.
1804 2358 1912 2380 ceterae
1935 2355 1951 2379 3
1971 2356 2054 2379 Editt.

1133 2392 1231 2415 liabent
1254 2392 1322 2414 hatte
1343 2391 1509 2414 breviorem:
1530 2390 1695 2415 confutatio.
1734 2391 1844 2414 Resntat
1863 2396 2053 2418 :imminentem

1131 2432 1180 2455 per
1206 2425 1423 2452 distinctionem,
1457 2425 1526 2454 qnod
1553 2425 1718 2455 Allobroges
1750 2425 1984 2453 interrogaverint
2018 2425 2050 2446 tte

1131 2460 1227 2489 Sylla,
1258 2465 1312 2483 nou
1337 2459 1544 2482 affirmaverint.
1589 2459 1668 2482 Aliud
1695 2461 1737 2482 est
1757 2460 1946 2489 interrogare,
1977 2459 2049 2482 aliud

1131 2495 1286 2524 affirmat-«33
1312 2494 1338 2516 et
1357 2493 1382 2516 in
1404 2493 1557 2516 testimonio
1578 2494 1726 2522 requiritur
1744 2494 1910 2518 asservatio.

1095 2536 1142 2565 42)
1162 2537 1231 2566 Quis
1249 2537 1349 2566 nequi]
1375 2536 1414 2559 sic
1440 2536 1578 2559 Ed.1568.
1604 2537 1629 2558 et
1656 2537 1703 2560 Ed.
1727 2536 1828 2567 ore11.;
1861 2535 2048 2560 Editt.1539..

1132 2571 1221 2599 1553,
1243 2571 1316 2594 1554.
1336 2571 1406 2600 Quis
1424 2572 1511 2600 neunt
1532 2570 1636 2599 syllae.

1093 2613 1141 2641 43)
1163 2613 1236 2636 Haec
1255 2615 1321 2637 nota
1339 2613 1365 2636 iu
1385 2613 1446 2636 sota
1465 2614 1513 2635 Ed.
1532 2614 1603 2637 1568.
1625 2613 1773 2638 invenitur.

1093 2657 1139 2683 44)
1160 2656 1278 2685 seilicet]
1298 2656 1339 2679 sic
1356 2655 1405 2680 Ed.
1426 2656 1499 2679 1563.

1090 2700 1138 2728 45)
1159 2699 1236 2722 Hanc
1255 2699 1347 2722 notam
1367 2700 1393 2722 et
1414 2699 1481 2722 duas
1502 2704 1576 2728 seqq.
1597 2699 1656 2722 sota
1674 2699 1722 2723 Ed.
1740 2699 1811 2724 ¹503.
1832 2701 1919 2725 habet.
