2347 3000
230 155 299 190 155

226 254 329 287 quein
344 241 416 285 ipsa
435 240 536 273 nobis
553 238 724 272 autoritas
736 236 864 281 publici
879 236 963 269 iuris
973 232 1211 278 praescripsit,

225 300 259 325 nt
281 294 322 325 de.
340 291 510 324 fructibus
534 289 742 334 patrimonii
770 289 927 321 iuvemus
952 285 1057 324 alios,
1086 284 1133 317 ita
1162 290 1211 316 ta-

227 357 319 382 men,
348 356 390 375 ne
409 343 472 386 ipsi
492 340 710 386 patrimonio
729 350 911 372 exuamur.
948 336 1050 369 Hunc
1065 336 1210 368 modum

226 403 258 428 et
276 393 519 427 xeuustissime
539 391 762 437 praescripsit
779 390 968 427 Salomon,
997 399 1075 421 cum
1096 386 1213 432 inquit

226 447 349 491 (Prox'.
368 444 410 485 5,
435 445 491 478 16.
518 444 608 489 17.):
646 442 775 474 Fontes
801 440 852 473 tui
876 439 1081 472 deriventur
1106 439 1213 478 soras,

226 504 257 530 et
277 504 313 530 tu
330 497 495 529 dominus
511 496 653 527 illorum
671 498 828 532 maneto,
843 497 875 524 et
886 490 1074 523 nonalieni
1087 496 1212 523 tecum.

225 549 405 592 Significat
428 548 521 579 enim
549 558 589 577 ex'
620 545 717 576 sonte
743 543 838 576 rivos
870 543 1095 575 deducendos
1128 553 1213 581 esse,

227 601 354 645 quibus
381 599 486 630 etiam
520 596 578 628 alii
604 595 787 634 fruantur,
824 592 891 627 hoc
915 601 984 633 est,
1018 594 1150 626 fructus
1173 604 1213 624 ex

226 651 342 683 lundis
360 647 674 681 counnunicandos
689 658 760 679 esse
778 659 855 679 cum
875 645 1076 689 egentibus,
1104 651 1137 677 et
1162 650 1213 676 ta-

228 715 305 734 men
324 700 462 732 iuterim
481 698 733 743 praestandum
751 710 835 737 esse,
865 710 908 729 ne
924 703 1070 742 propter
1087 696 1213 728 immo-

226 754 319 785 dicas
347 751 570 795 profusiones
592 750 720 782 fundos
746 749 838 793 ipsos
867 749 1082 781 amittamus.
1161 745 1211 778 lta

225 803 428 837 suavissime
445 802 559 846 pingit
576 806 761 845 praecepta
781 802 823 833 de
840 801 960 833 multis
977 798 1125 843 egregiis
1143 797 1213 830 vil*-

227 855 369 888 tntibus.
432 854 543 886 Docet
570 852 664 884 enim
693 858 727 884 et
753 859 926 897 quatenus
951 850 1144 884 exercenda
1169 849 1213 881 sit

228 906 417 938 liberalitas
446 917 526 948 erga
557 910 714 947 egentes,
742 909 773 935 et
801 904 896 948 qnod
920 901 1006 935 haec
1030 900 1211 944 diligentia

226 959 331 990 etiam
358 956 553 990 necessaria
578 955 619 987 sit
646 955 860 998 reipublicae
878 967 917 986 ac
935 953 1050 992 nobis,
1073 964 1212 985 conser-

228 1009 332 1042 xandi
373 1007 590 1052 patrimonii.
670 1006 765 1038 Han-c
797 1006 979 1048 diligentia
1014 1005 1126 1037 xirtus
1151 1009 1213 1043 est,

226 1074 332 1106 quam
369 1065 496 1091 xocant
529 1057 805 1102 parsimoniam,
850 1057 963 1089 xicina
996 1054 1212 1088 liberalitati.

226 1114 290 1145 Sed
312 1112 420 1144 altera
440 1109 678 1143 communicat
696 1110 828 1142 fructus
846 1107 1072 1153 patrimonii:
1102 1107 1211 1138 altera

228 1163 481 1208 patrimonium
516 1167 724 1199 conservat,
758 1167 909 1205 utraque
948 1171 1032 1191 xero
1066 1158 1212 1190 colenda

227 1222 277 1248 est
302 1214 402 1246 bonis
428 1213 530 1251 siris,
573 1224 647 1244 nou
671 1212 785 1244 solum
814 1217 961 1255 propter
986 1209 1097 1242 cixilis
1122 1209 1213 1240 vitae

227 1265 537 1303 consuetudinem,
572 1264 631 1296 sed
668 1263 773 1294 ctiam
807 1268 953 1306 propter
984 1260 1212 1303 religionem:

226 1319 283 1350 sed
304 1318 345 1349 de
363 1317 470 1348 altera
492 1315 596 1359 paulo
618 1319 696 1357 post
715 1314 871 1346 dicemus
889 1313 1011 1356 plura,
1039 1323 1133 1343 nnnc
1158 1322 1214 1343 or-

226 1370 307 1402 dine
327 1368 453 1413 quibus
471 1365 693 1408 largiendum
710 1365 765 1403 sit,
783 1363 1052 1408 praecipienms.
1101 1361 1213 1406 Saepe

225 1419 428 1453 monuinms
445 1418 556 1461 legem
573 1423 721 1449 naturae
737 1415 894 1448 dixinam
910 1425 1114 1459 esse‚quare
1128 1413 1214 1446 scia-

227 1484 302 1504 mus
327 1470 489 1502 ordinem
515 1481 533 1499 a
559 1474 684 1500 natura
712 1467 941 1500 constitutum
968 1465 1045 1497 Deo
1072 1477 1214 1510 quoque

226 1522 382 1567 probari.
438 1520 549 1552 Docet
568 1525 686 1551 autem
704 1525 832 1551 natura
851 1523 1034 1562 parentes,
1071 1517 1214 1556 liberos,

227 1581 332 1619 atque
351 1573 398 1605 ita
415 1571 580 1614 deinceps
598 1570 915 1613 cognatos,deinde
933 1568 1024 1602 cives
1041 1569 1214 1601 anteferre

228 1624 362 1658 alienis.

329 1675 430 1707 Ilunc
451 1673 611 1706 ordinem
631 1679 663 1705 et
681 1672 810 1705 Paulus
827 1672 967 1716 probat,
994 1683 1073 1703 cum
1093 1670 1136 1703 ad
1154 1669 1214 1702 Ti-

229 1725 410 1760 motheum
428 1724 548 1758 scribit
566 1725 616 1769 (1.
635 1723 733 1768 epist.
750 1722 792 1763 5,
811 1723 880 1769 8.):
908 1723 942 1755 Si
961 1722 1039 1767 quis
1055 1734 1214 1761 suornm,

228 1786 259 1811 et
278 1778 430 1811 maxime
451 1775 727 1809 domesticorum
747 1787 866 1807 curam
882 1786 956 1806 non
974 1772 1092 1812 habet,
1109 1773 1213 1805 fidem

228 1829 433 1871 abnegavit,
462 1834 495 1860 et
516 1826 649 1859 infideli
668 1826 824 1859 deterior
842 1832 903 1859 est.
957 1824 1042 1858 Item
1069 1822 1214 1869 (Ephes.

227 1880 249 1915 5
262 1909 270 1919 ,
287 1879 382 1924 29.):
413 1880 563 1912 Carnem
582 1890 680 1911 suam
698 1890 804 1910 nemo
823 1877 906 1910 odio
924 1875 1041 1910 habet.
1089 1876 1135 1908 Et
1153 1876 1215 1908 ali-

228 1932 365 1977 quoties
378 1930 425 1977 95)
465 1930 643 1974 vituperat
671 1926 888 1976 ἀστόργους.
973 1928 1063 1961 Sunt
1096 1933 1213 1960 autem

227 1983 403 2030 ἄστοργοι
420 1982 481 2027 qui
498 1981 675 2014 naturales
700 1980 844 2014 affectus
868 1991 948 2023 erga
973 1985 1154 2023 parentes,
1182 1986 1213 2011 et

229 2035 376 2072 liberos,
400 2039 457 2066 aut
477 2039 644 2075 cognatos
662 2038 803 2064 exuunt.
863 2031 957 2063 Haec
977 2037 1093 2063 autem
1112 2031 1214 2063 hene-

227 2085 385 2118 ficeutiae
419 2084 569 2128 species,
604 2096 694 2128 qnae
724 2088 884 2115 versatur
916 2082 1007 2114 inter
1038 2088 1214 2125 parentes,

228 2138 357 2169 liberos
376 2142 409 2168 et
427 2142 614 2179 cognatos,
642 2135 755 2178 pietas
779 2140 938 2166 xocatur.
991 2133 1083 2165 Hinc
1108 2133 1213 2165 etiam

229 2190 318 2230 leges
337 2187 527 2220 extiterunt
543 2186 584 2219 de
610 2185 785 2229 legitima,
814 2197 920 2230 quam
946 2184 1068 2217 dicunt
1094 2185 1213 2217 deberi

230 2240 303 2272 iure
328 2238 482 2271 naturali
505 2237 645 2276 liberis,
680 2237 760 2282 quia
787 2234 1029 2283 φιλοστοργία
1057 2242 1106 2268 est
1129 2236 1214 2270 iuris

230 2290 417 2328 naturalis,
454 2295 489 2322 et
513 2290 603 2321 inter
627 2289 761 2321 alienos
791 2287 927 2331 primus
955 2288 1052 2320 loeus
1078 2289 1215 2321 dandus

230 2348 276 2373 est
313 2340 528 2384 l1‹›spiti}›us‚
564 2339 661 2374 cuius
692 2340 743 2372 rei
772 2339 903 2372 multae
936 2345 1017 2371 sunt
1046 2339 1214 2373 rationes.

228 2392 389 2425 Primum
415 2392 530 2430 enim,
557 2391 638 2437 quia
664 2389 750 2424 haec
775 2390 844 2422 vita
870 2390 1156 2434 peregrinatione
1183 2398 1215 2423 et

231 2443 506 2475 counnutatione
527 2456 614 2486 opus
629 2440 754 2481 habet,
781 2453 919 2475 necesse
938 2448 1007 2479 est,
1035 2448 1074 2474 ut
1091 2449 1212 2475 mutua

229 2493 372 2538 hospitIi
391 2494 465 2526 iura
484 2494 650 2527 colamus.
690 2493 842 2539 Ideoque
861 2492 937 2526 iure
953 2493 1109 2537 gentium
1126 2506 1215 2526 sem-

231 2558 293 2590 per
309 2546 404 2577 nefas
420 2544 485 2577 l'uit
503 2542 656 2588 hospites
672 2545 817 2578 violare.
864 2544 1054 2577 Praeterea
1072 2551 1215 2578 natura-

232 2598 270 2629 lis
287 2596 434 2630 societas
454 2608 525 2627 non
544 2601 679 2628 tantum
699 2596 832 2639 obligat
853 2608 918 2629 nos
935 2596 1055 2640 paucis
1073 2597 1215 2642 quibus—

231 2650 313 2681 dam
330 2647 472 2685 nostris‚
500 2647 558 2679 sed
575 2646 640 2678 toti
657 2648 776 2690 generi
795 2645 965 2681 humano.
1019 2648 1139 2693 Quare
1157 2649 1215 2681 de-

265 2765 311 2795 ⁹⁵)
332 2763 390 2791 nis,
411 2763 486 2786 nom.
508 2763 536 2792 ι,
556 2763 596 2786 31.
633 2764 657 2787 2.
677 2763 741 2788 Tim.
764 2764 795 2788 3.
817 2765 842 2788 3.

515 150 716 187 SCRIPTA
739 150 813 185 PH.
837 149 949 184 MEL.
977 148 1042 182 AD
1069 143 1278 181 ETHICEN
1305 143 1369 179 ET
1396 141 1651 180 POLITICEN
1679 142 1987 182 SPECTANTIA.

2186 146 2257 181 156

1267 230 1388 270 sertis,
1414 237 1448 263 et
1465 231 1509 264 ad
1525 237 1685 265 nostram
1706 231 1811 264 fidem
1837 230 2120 275 confugientibus
2138 232 2256 266 deesse

1266 294 1340 315 non
1357 282 1538 316 debemus.
1574 282 1669 315 llaec
1685 283 1937 316 beneficentiae
1953 283 2085 328 species
2102 281 2257 328 hospita-

1267 334 1346 366 litas
1366 340 1525 373 vocatur,
1542 339 1576 366 et
1592 331 1699 366 habet
1716 335 1854 378 egregia
1871 341 2072 379 praecepta,
2100 341 2134 368 et
2150 335 2186 368 in
2202 348 2254 369 sa-

1267 385 1334 418 cris
1364 384 1493 425 literis,
1522 390 1556 417 et
1582 385 1617 417 in
1643 385 1720 418 aliis
1743 385 1882 430 scriptis
1907 392 1942 419 et
1960 385 2119 420 moribus
2135 399 2257 420 earum

1266 435 1443 480 gentium,
1477 448 1567 480 quae
1593 437 1737 468 suerunt
1760 437 1931 470 mitiores.
1993 437 2049 470 Sic
2074 437 2123 470 ait
2145 438 2199 471 lex
2221 438 2256 471 in

1267 487 1366 520 Mose
1388 486 1518 531 (Exod.
1542 486 1606 527 19,
1624 487 1683 520 33.
1701 486 1796 533 34.):
1825 488 1862 521 Si
1884 486 2097 522 habitaverit
2121 490 2258 522 advena

1266 539 1302 571 in
1326 545 1419 571 terra
1444 544 1579 578 xestra,
1614 549 1687 571 non
1712 539 1930 582 exprobretis
1955 539 2006 579 ei,
2034 542 2093 573 sed
2119 541 2254 584 diligite

1267 603 1345 623 eum
1375 589 1465 623 sicut
1488 602 1551 622 vos
1579 589 1672 633 ipsos
1697 595 1774 629 etc„
1796 596 1830 622 et
1853 590 1936 623 alibi
1955 591 2080 636 (Hebr.
2101 592 2165 632 13,
2184 591 2254 638 2.):

1266 641 1526 685 Hospitalitatis
1560 653 1603 673 ne
1631 640 1912 681 obliviscamini,
1946 654 2010 686 per
2038 640 2129 676 hanc
2161 644 2258 676 enim

1267 693 1412 739 quidam
1454 698 1661 725 meruerunt
1702 693 1845 735 angelos
1890 691 2044 737 hospitio
2084 694 2256 739 excipere.

1266 745 1380 777 Porro
1405 743 1441 776 in
1466 743 1590 788 primis
1617 744 1716 776 decet
1734 742 1956 778 Christianos
1979 742 2071 778 hanc
2090 745 2256 780 virtutem

1266 808 1405 829 summo
1425 795 1541 828 studio
1558 795 1684 828 colere.
1738 795 1830 829 *Nam
1853 794 2009 829 Ecclesia
2034 796 2106 829 sere
2129 797 2166 830 in
2189 795 2256 830 hoc

1267 848 1401 880 nmndo
1420 845 1546 890 hospes
1562 853 1595 879 et
1617 846 1695 879 exul
1713 853 1784 887 est,
1811 859 1921 892 qnare
1946 854 2108 880 amanter
2129 854 2255 882 tracte-

1268 911 1345 931 mus
1364 896 1519 942 hospites
1536 904 1706 943 tanquam
1725 898 1818 930 exilii
1835 898 1970 938 socios,
2000 905 2039 931 ut
2058 912 2137 933 cum
2154 900 2257 934 nobis

1268 949 1498 994 tranquillum
1518 947 1711 992 hospitium
1732 949 1798 981 Dei
1816 950 2034 993 benignitate
2053 951 2257 996 contingere

1267 1008 1448 1045 optamus,
1476 1000 1627 1033 vicissim
1647 1001 1879 1044 praebeamus
1901 1000 2094 1045 hospitium
2115 1009 2149 1035 et.
2165 1002 2255 1042 aliis,

1266 1060 1299 1085 et
1315 1051 1405 1085 hanc
1423 1052 1588 1084 virtutem
1606 1052 1701 1085 Deus
1718 1058 1822 1084 ornat
1838 1051 2062 1095 amplissimis
2076 1054 2254 1097 praemiis.

1270 1105 1301 1137 1.
1325 1104 1463 1147 Regum
1490 1103 1534 1136 17
1549 1103 1616 1148 ³⁶),
1638 1103 1866 1148 (lo—16.):
1895 1104 2091 1147 Sareptana
2116 1105 2255 1144 mulier,

1267 1168 1345 1187 eum
1364 1155 1400 1186 iu
1418 1154 1611 1187 arctissima
1638 1166 1779 1187 annona
1799 1154 1973 1198 exciperet
1987 1154 2124 1196 Eliam,
2152 1156 2254 1202 eique

1267 1206 1384 1238 cibum
1408 1206 1602 1249 praebens,
1629 1203 1696 1237 hoc
1721 1212 1833 1238 totum
1860 1207 1956 1251 quod
1979 1207 2156 1252 reliquum
2181 1214 2257 1241 erat

1266 1257 1434 1289 frumenti
1453 1262 1487 1288 et
1504 1256 1584 1295 olei,
1613 1256 1843 1301 absumptura
1862 1264 1961 1297 esset,
1980 1258 2076 1291 Deus
2093 1259 2139 1291 ita
2160 1259 2257 1292 auxit

1268 1308 1666 1346 oleumetfrumentum,
1681 1314 1719 1339 ut
1735 1308 1888 1340 triennio
1906 1310 2090 1343 sufficeret.
2118 1309 2255 1343 Deinde

1267 1359 1363 1392 Elias
1384 1359 1489 1391 etiam
1507 1359 1618 1391 filium
1636 1356 1797 1402 hospitae
1813 1352 1972 1392 mulieris
1995 1367 2177 1395 mortuum
2203 1374 2255 1394 re-

1267 1410 1380 1444 stituit
1404 1410 1439 1442 in
1465 1409 1572 1442 vitani
1600 1409 1701 1454 (ibid.
1722 1410 1788 1449 17,
1808 1410 2013 1456 17—23.).
2064 1411 2206 1445 Revixit
2223 1419 2257 1445 et

1268 1461 1358 1494 filius
1392 1459 1553 1505 hospitae
1586 1461 1713 1500 Llisei,
1740 1463 1775 1495 2.
1794 1461 1880 1504 Reg.
1899 1461 1940 1501 4,
1965 1463 2196 1509 (32—36.)‚
2222 1470 2256 1496 et

1267 1512 1422 1546 Abadias
1435 1512 1481 1557 ⁰⁷)
1503 1511 1552 1546 50
1582 1510 1780 1556 Prophetas
1804 1513 1988 1546 abscondit
2010 1514 2046 1546 in
2068 1515 2256 1559 speluncis,

1268 1571 1305 1598 ut
1321 1565 1525 1597 defenderet
1542 1576 1600 1596 eos
1617 1565 1678 1595 adx
1689 1576 1784 1597 ersus
1799 1564 1981 1596 saevitimu
1996 1565 2154 1599 mulieris
2163 1564 2256 1599 Ieza-

1267 1617 1334 1650 bel.
1370 1615 1415 1648 Εἰ
1433 1613 1592 1648 Christus
1611 1615 1725 1660 inquit
1744 1613 1889 1660 (Matth.
1905 1614 1973 1655 25,
1993 1614 2088 1662 35.):
2117 1617 2254 1662 Hospes

1269 1680 1384 1706 eram,
1413 1673 1446 1699 et
1469 1666 1650 1710 excepistis
1677 1678 1745 1699 me.
1798 1665 1885 1699 ltcm
1911 1665 2056 1712 (Matth.
2076 1669 2141 1709 10,
2159 1667 2253 1714 42.);

1269 1719 1479 1764 Quicunque
1512 1718 1649 1750 dederit
1680 1724 1817 1750 tantum
1844 1730 1956 1763 aquae
1981 1725 2107 1762 potum
2130 1720 2194 1753 uni
2215 1732 2255 1753 ex

1268 1770 1443 1809 minimis,
1471 1782 1543 1802 non
1559 1770 1682 1813 perdet
1701 1770 1908 1803 mercedem.
1963 1770 2177 1804 Huiusmodi
2199 1783 2255 1804 ex-

1269 1828 1363 1860 tant,
1392 1828 1426 1854 et
1443 1822 1636 1854 sententiae
1655 1826 1687 1852 et
1705 1821 1862 1864 exempla
1890 1821 1958 1853 alia
1976 1822 2087 1854 multa
2110 1822 2147 1854 in
2172 1822 2255 1856 scri-

1268 1872 1399 1918 pturis,
1428 1884 1518 1917 quae
1536 1871 1726 1904 hortantur
1742 1884 1807 1905 nos
1824 1872 1869 1904 ad
1885 1870 2161 1916 hospitalitatem
2173 1900 2182 1913 ,
2216 1886 2255 1906 ac

1268 1924 1475 1969 praesertim
1500 1925 1544 1956 ad
1573 1923 1797 1967 excipiendos
1821 1936 1860 1956 ac
1894 1925 2061 1967 tegendos
2086 1936 2165 1964 eos,
2194 1925 2253 1970 qui

1268 1988 1330 2020 per
1348 1975 1516 2008 iniuriam
1534 1975 1622 2019 pulsi
1643 1981 1788 2018 propter
1807 1975 1961 2008 studium
1990 1988 2094 2008 verae
2115 1976 2256 2020 religio-

1268 2028 1321 2060 nis
1341 2027 1494 2060 exulant.
1550 2026 1671 2071 ltaque
1697 2027 1912 2070 sperandum
1937 2033 1985 2059 est
2009 2033 2043 2059 et
2065 2027 2254 2072 principes,

1268 2079 1327 2124 qui
1347 2091 1409 2112 suo
1428 2078 1585 2122 periculo
1611 2078 1787 2111 studiosos
1801 2077 1987 2122 Evangelii
2008 2085 2148 2122 tegunt,
2175 2079 2252 2112 Deo

1268 2136 1406 2174 gratum
1429 2129 1581 2162 officium
1600 2131 1725 2167 lacere,
1754 2142 1792 2161 ac
1809 2130 1923 2162 Deum
1942 2136 2252 2164 remuneraturum

1268 2194 1341 2215 esse
1369 2179 1460 2213 hanc
1486 2181 1751 2213 beneficentiam
1779 2181 1979 2224 ingentibus
2002 2181 2186 2225 praemiis,
2221 2188 2255 2214 et

1267 2234 1481 2277 sperandum
1506 2239 1556 2265 est
1582 2233 1676 2271 sore,
1711 2239 1751 2265 ut
1775 2246 1834 2265 eos
1858 2233 2009 2266 vicissim
2031 2233 2196 2265 defendat
2218 2233 2255 2265 in

1268 2283 1322 2318 his
1340 2283 1517 2328 periculis,
1535 2297 1624 2329 quae
1643 2291 1790 2328 propter
1806 2282 1873 2316 hoc
1891 2285 1988 2328 pium
2008 2284 2161 2317 officium
2181 2296 2254 2318 sus-

1268 2337 1392 2369 tinent.
1447 2336 1633 2368 Caeterum
1674 2336 1742 2368 loci
1776 2337 1817 2368 de
1840 2333 1904 2368 hac
1934 2335 2082 2375 xirtute‚
2110 2335 2172 2381 qui
2197 2348 2252 2369 ex-

1268 2394 1345 2420 tant
1365 2388 1459 2431 apud
1487 2394 1609 2431 potitas
1631 2393 1664 2419 et
1696 2384 2001 2431 historiographos
2028 2387 2193 2420 omnibus
2217 2388 2253 2419 in

1268 2446 1438 2484 promptu
1457 2445 1549 2472 sunt.
1584 2438 1719 2471 Deinde
1737 2451 1806 2484 quo
1824 2438 1948 2471 ordine
1964 2438 2252 2472 benefaciendum

1268 2491 1312 2525 sit
1336 2491 1478 2529 alienis,
1512 2490 1613 2523 facile
1638 2490 1786 2523 iudicari
1812 2495 1946 2534 potest,
1981 2488 2180 2523 adhibenda
2204 2496 2252 2523 est

1269 2543 1363 2575 enim
1381 2543 1416 2574 in
1436 2542 1620 2575 consilium
1636 2542 1792 2586 ipsorum
1814 2541 2000 2574 necessitas
2012 2568 2020 2580 ,
2048 2542 2109 2575 sed
2125 2541 2183 2574 illa
2200 2553 2252 2574 re-

1269 2595 1347 2639 gula
1364 2594 1400 2626 in
1417 2594 1582 2626 omnibus
1600 2593 1787 2626 virtutibus
1800 2594 1950 2625 tenenda
1968 2599 2034 2626 est:
2052 2591 2148 2627 Nihil
2161 2599 2253 2626 recte

1301 2688 1348 2719 96)
1371 2689 1391 2711 Ι.
1412 2689 1517 2719 Regum
1533 2687 1590 2718 17‚]
1609 2686 1690 2710 Editt.
1712 2685 1785 2710 1540.
1805 2688 1831 2708 et
1860 2685 1950 2708 154&
1977 2684 2001 2710 3.
2017 2685 2120 2715 Regum
2139 2686 2254 2713 (secun-

1337 2723 1399 2746 dum
1417 2723 1504 2748 Lxx.
1524 2724 1550 2746 et
1570 2722 1667 2751 vulg.)
1690 2720 1728 2743 19.
1766 2720 1831 2743 ltein
1851 2720 1977 2749 deinceps
1997 2721 2020 2742 4.
2039 2720 2108 2749 Beg.
2128 2721 2150 2742 4.

1303 2765 1350 2795 97)
1371 2766 1388 2789 i.
1408 2772 1430 2789 e.
1452 2765 1562 2790 obadia.
1580 2777 1614 2782 —
1635 2765 1657 2789 1.
1676 2763 1743 2794 neg.
1764 2763 1811 2793 18,
1833 2762 1871 2786 13.
2189 2750 2201 2756 ⁸
