2347 3000
57 159 129 196 281

437 239 497 272 De
526 245 664 272 textu.

160 310 303 344 Initium
332 306 472 340 ducitur
498 318 515 339 e
550 305 838 339 communissima
869 304 1040 338 sententia

58 364 101 396 de
118 362 256 395 finibus.
307 358 413 402 Quod
427 364 466 391 ut
482 357 649 402 cuiusque
665 363 830 397 naturae,
866 356 913 388 ita
928 354 1041 388 homi-

57 414 112 447 nis
129 413 173 447 sit
190 408 316 456 aliquis
332 408 421 442 finis.
473 408 550 441 Hoc
573 419 695 442 verum
724 407 865 441 initium
888 413 939 441 est
964 404 1040 451 phi-

125 511 207 540 longe
225 509 282 534 alia
300 510 452 540 profitetur.
498 508 558 532 Non
583 507 653 532 enim
677 507 753 532 veuit
772 507 897 532 Christus
916 506 942 530 in
962 512 1040 529 mun-

126 544 203 572 dum,
235 546 264 567 ut
287 545 432 574 praecepta
459 543 492 566 de
516 543 635 566 moribus
660 543 785 569 doceret,
818 548 886 572 quae
905 541 958 564 iam
977 542 1040 563 ante

125 580 207 602 norat
227 578 313 609 ratio,
333 579 381 601 sed.
401 580 429 600 ut
447 577 600 600 remitteret
620 578 745 607 peccata,
773 578 801 599 ut
819 576 993 599 credentibus
1013 574 1038 596 in

126 613 212 643 ipsum
227 613 342 636 donaret
358 612 486 641 spiritum
499 612 629 634 sanctum.
665 611 699 633 Et
718 611 824 637 tamen,
844 611 872 632 ut
890 609 1038 638 magistra-

125 650 171 671 tus
194 648 343 676 approbat,
372 646 411 669 ita
442 645 549 669 civilem
577 643 798 667 consuetudinem
826 643 900 666 vitae
932 643 1038 672 probat,

125 682 186 705 vult
204 687 294 704 mores
312 687 372 704 esse
391 680 503 707 civiles,
533 679 561 701 et
585 678 730 705 humanos,
762 678 811 700 hoc
830 678 886 707 est,
914 683 967 700 non
988 683 1038 706 pu-

127 718 244 747 gnantes
262 722 320 738 eum
339 714 445 737 ratione
469 712 602 741 naturali,
633 717 681 734 seu
706 718 765 734 cum
790 711 886 734 iudicio
913 711 1037 735 rationis.

127 752 164 774 Ut
185 750 255 773 euim
273 748 395 772 iudicium
413 746 527 769 rationis
545 745 571 768 in
589 745 650 768 aliis
668 745 855 774 corporalibus
881 747 962 769 rebus
988 750 1039 768 va-

127 785 181 813 let,
207 785 233 808 iu
251 780 433 811 aedificando,
458 780 485 803 in
504 779 688 810 numerando,
714 779 752 803 ita
771 780 845 803 valet
864 779 891 803 in
909 779 1038 810 regendis

125 819 242 843 moribus
259 816 390 839 civilibus.

195 853 350 881 Quanquam
371 847 441 871 enim
466 847 537 871 ratio
561 847 594 871 de
619 848 761 872 voluntate
781 848 831 871 Dei
856 847 977 871 iudicare
1004 853 1035 871 ae

129 888 248 911 statuere
266 884 324 906 sine
343 883 426 905 verbo
445 882 510 912 Dei,
530 884 557 905 et
575 882 633 905 sine
652 883 703 905 tide
723 884 854 915 nequeat,
884 883 974 906 tamen
996 883 1038 905 est

127 923 195 945 hona
208 918 257 942 Dei
275 917 401 940 creatura
419 916 527 939 condita
546 916 580 939 ad
599 916 740 940 iudicanda
759 923 806 945 ea,
827 923 894 947 quae
912 917 1038 940 sensibus

127 954 243 978 subiecta
268 952 346 979 sunt,
377 956 498 980 quaeque
521 950 556 973 ad
580 951 649 974 hanc
673 952 845 980 corporalem
865 951 949 974 vitam
970 951 1037 974 reti-

124 987 240 1012 nendam
257 992 289 1009 ae
307 984 455 1015 regendam
474 984 641 1008 conducunt:
673 985 767 1015 quibus
793 986 819 1008 in
839 986 919 1009 rebus
938 985 961 1008 si
979 985 1038 1015 quis

124 1027 158 1045 ea
176 1027 243 1052 quae
262 1019 331 1043 ratio
350 1021 425 1042 certa
444 1018 676 1042 demonstratione
690 1019 883 1049 deprehendit,
903 1025 1037 1049 asperna-

125 1057 186 1085 tur,
213 1055 236 1078 is
251 1054 413 1083 aspernatur
433 1052 482 1076 Dei
501 1058 577 1082 opus.
612 1054 714 1076 Mansit
732 1054 802 1077 enim
822 1054 849 1077 iu
868 1054 975 1077 ratione
994 1054 1037 1076 iu-

125 1090 220 1113 dicium
239 1096 286 1112 seu
304 1087 402 1111 notitia
420 1087 453 1110 de
470 1087 607 1117 nioribuS,
640 1094 791 1117 quanquam
809 1089 922 1111 all'ectus
943 1094 1038 1112 omnes

123 1125 195 1154 sint,
214 1130 263 1146 nee
282 1123 309 1145 et
327 1121 439 1152 impuri,
459 1122 646 1151 obtemperent
666 1123 719 1150 [sic
735 1124 845 1152 typogr.
861 1129 956 1146 errore
972 1129 1035 1151 pro:

125 1164 187 1189 q.a.
209 1163 302 1181 omues
320 1156 374 1178 sint
392 1155 503 1184 impuri,
536 1161 586 1179 nec
614 1157 813 1185 obtemperent]
833 1157 929 1180 iudicio
949 1157 1036 1180 ratio-

125 1193 184 1222 nis,
203 1194 344 1221 postquam
361 1191 458 1212 natura
477 1189 656 1219 degeneravit
673 1193 801 1219 corrupta
820 1193 929 1220 peccato
950 1191 1036 1221 origi-

124 1227 176 1250 niS.
214 1226 335 1249 Haerent
354 1224 380 1247 in
399 1224 514 1253 natura,
539 1230 615 1247 amor
634 1225 738 1253 nostri,
763 1231 839 1248 amor
858 1225 1036 1254 voluptatum,

125 1263 154 1285 et
171 1260 274 1284 similes
292 1259 355 1282 mali
373 1257 502 1287 affectuS,
530 1264 597 1287 quos
615 1264 670 1281 non
688 1259 810 1282 eximunt
828 1259 926 1282 animis
943 1259 1036 1282 Philo*

125 1295 235 1325 sophia,
255 1294 301 1317 aut
319 1293 410 1322 legeS,
430 1293 534 1315 tantum
554 1293 705 1322 reprimunt
722 1299 770 1315 seu
789 1294 942 1316 cohercent.
970 1293 1036 1316 Vult

124 1331 216 1353 autem
234 1329 307 1352 Deus
330 1326 422 1356 aliqua
447 1326 589 1355 disciplina
612 1327 751 1350 coherceri
775 1327 838 1351 illos
863 1328 960 1355 etiam,
992 1327 1036 1356 qui

123 1363 242 1387 nondum
261 1361 363 1390 &piritu
381 1362 475 1383 sancto
495 1361 697 1391 gubernantur,
728 1361 797 1384 sieut
816 1361 905 1384 docuit
925 1362 1035 1391 Paulus,

128 1404 208 1428 quum
225 1397 279 1420 ait:
299 1396 356 1418 Lex
375 1395 415 1417 est
435 1394 541 1416 iniustis
560 1395 655 1423 posita.
694 1395 727 1417 Ut
742 1395 824 1424 igitur
837 1396 912 1423 leges
929 1401 1035 1418 rerum-

124 1432 289 1463 publicarum
309 1435 362 1452 non
381 1430 503 1458 pugnant
520 1434 578 1451 cum
596 1428 714 1459 pietate,
743 1429 781 1451 ita
805 1435 891 1458 neque
914 1430 1035 1458 philoso-

125 1466 203 1496 phica
226 1463 380 1494 praecepta.
428 1463 495 1485 Sunt
519 1463 608 1485 autem
632 1464 713 1485 natae
741 1464 767 1485 et
794 1464 869 1493 leges
894 1463 973 1491 illae,
1009 1464 1036 1486 et

125 1498 298 1528 Philosophia
317 1497 375 1526 ipsa
393 1502 427 1519 ex
445 1496 600 1525 quibusdam
620 1497 779 1524 sententiis,
812 1503 880 1527 quae
905 1498 1036 1520 divinitus

124 1534 241 1563 scriptae
259 1532 322 1554 sunt
341 1531 367 1553 in
385 1530 482 1553 animis
500 1531 639 1561 humaniS,
660 1537 728 1560 quae
746 1537 827 1560 saepe
846 1538 974 1554 vocamus
995 1532 1035 1554 le-

124 1575 173 1598 ges
191 1569 322 1595 naturae,
347 1566 376 1587 ut
394 1565 472 1595 sunt,
497 1570 663 1588 communem
681 1565 839 1588 societatem
858 1572 919 1589 esse
936 1566 1035 1589 iuvan-

123 1597 199 1630 dam,
233 1600 366 1624 neminem
391 1605 450 1621 esse
475 1598 649 1629 laedendam,
682 1600 802 1623 sobolem
821 1606 881 1623 esse
899 1600 1035 1630 alendam,

122 1636 272 1668 parendum
294 1640 355 1657 esse
379 1633 600 1663 magistratibuS,
630 1634 748 1664 gratiam
776 1640 837 1657 esse
860 1634 1034 1663 reddendam,

123 1672 203 1702 pacta
221 1674 281 1693 esse
298 1668 451 1693 servanda,
482 1667 537 1690 vim
561 1674 621 1691 esse
648 1668 856 1698 prohibendam,
889 1670 915 1691 et
933 1669 1036 1691 similes

124 1706 203 1729 aliae.
238 1704 293 1727 Nec
311 1701 386 1726 aliud.
406 1703 447 1724 est
465 1701 652 1731 Philosophia,
674 1708 751 1731 quam
771 1703 864 1725 harum
882 1703 1035 1726 sententia-

122 1746 182 1763 rum
205 1737 335 1768 quaedam
356 1735 500 1765 explicatio
520 1737 547 1758 et
564 1736 712 1760 enarratio.
758 1737 895 1759 Enarraut
915 1743 977 1766 caS,
1009 1738 1035 1760 ct

123 1775 183 1798 iura
201 1773 349 1796 civitatum.
390 1770 445 1793 sed
464 1769 617 1799 Philosophi
636 1770 793 1800 diligentius
811 1772 990 1794 excusserunt
1009 1772 1035 1794 et

122 1807 295 1832 illustrarunt
314 1810 368 1828 eas.
404 1804 497 1833 itaque
513 1804 651 1834 aliquanto
666 1805 744 1833 plura
756 1805 938 1835 praecipiunt,
957 1811 1035 1835 quani

121 1843 214 1872 legum
240 1839 410 1867 conditoreS,
446 1838 490 1867 qui
516 1844 548 1861 ea
572 1840 676 1862 tantum
695 1845 728 1861 ex
746 1840 860 1862 naturae
883 1839 1035 1869 praeceptis

123 1876 288 1904 excerpunt,
314 1878 382 1902 quae
405 1872 439 1895 ad
463 1872 561 1895 civium
586 1872 825 1903 tranquillitatem,
856 1875 882 1896 et
906 1874 941 1897 ad
966 1873 1035 1896 diri-

123 1910 236 1934 mendas
253 1907 473 1935 controversiaS,
493 1907 650 1930 necessaria
667 1908 736 1930 sunt.
773 1907 926 1937 Philosophi
945 1910 1035 1931 autem

122 1944 214 1968 omnia
232 1943 363 1971 honesta,
385 1941 473 1970 quoad
491 1941 561 1964 ratio
581 1941 736 1970 perspicere
755 1943 860 1971 potest,
891 1943 1033 1972 colligunt,

123 1979 204 2003 etiam
223 1977 246 2000 si
264 1975 394 2006 quaedam
413 1981 468 1998 non
486 1975 595 1998 omnino
613 1975 771 1998 necessaria
788 1976 842 1998 sint
867 1976 901 1998 ad
926 1983 1033 2005 paceni:

122 2014 152 2036 nt
170 2012 211 2035 ius
229 2010 361 2041 publicum
380 2015 434 2032 non
459 2009 532 2039 cogit
558 2009 623 2032 dare
649 2009 755 2039 egenti,
786 2010 828 2033 cui
855 2010 919 2033 nihil
944 2011 1033 2033 (lebes.

121 2048 158 2071 At
177 2044 354 2073 Philosophus
378 2043 449 2066 iubet
474 2044 501 2066 te
524 2044 615 2067 colere
641 2044 853 2067 beneficentiam.
899 2045 961 2067 lura
980 2051 1034 2067 non

121 2081 218 2110 ubique
242 2079 366 2108 ingratos
391 2077 512 2106 puniunt.
565 2078 719 2107 Philosophi
744 2078 839 2107 ubique
866 2079 1034 2108 praecipiunt

122 2113 324 2145 gratitudinem.
369 2112 411 2135 Ex
430 2111 471 2133 his
489 2111 605 2141 intelligi
624 2113 729 2141 potest,
755 2118 809 2135 uon
829 2118 950 2142 puenare
969 2113 1033 2136 Phi-

122 2148 273 2177 losophiam
292 2152 350 2170 cum
368 2145 534 2175 Evangelio,
559 2146 611 2169 imo
630 2148 658 2169 ut
677 2147 780 2174 legibus
799 2147 910 2175 publicis
928 2148 1033 2170 obtem-

121 2188 220 2213 perare
238 2182 340 2205 rectum
360 2181 415 2210 est,
442 2179 481 2202 ita
507 2181 610 2203 rectum
636 2181 678 2203 est
698 2182 723 2203 et
742 2181 932 2210 philosophicis
951 2187 1034 2210 prae-

119 2217 205 2246 ceptis
225 2221 336 2245 parere:
368 2215 394 2237 et
419 2214 568 2242 probantur
592 2216 739 2244 praecepta
764 2215 799 2239 ad
813 2215 889 2239 Rom.
904 2215 928 2239 2.
953 2216 1034 2239 vocat

122 2251 195 2275 enim
212 2250 313 2273 Paulus
331 2248 475 2272 veritatem
493 2247 552 2272 Dei.

174 2300 361 2326 Dit't'erunt
386 2298 616 2356 Christitantae
640 2300 672 2322 et
695 2298 973 2330 Philosophieae

461 2339 513 2355 Vir
539 2340 555 2355 u
580 2339 622 2357 .

185 2378 323 2402 Hactenus
349 2377 381 2400 de
400 2375 540 2399 doetrinae
567 2382 616 2398 usu
641 2375 771 2403 dixinmS,
802 2377 873 2400 unde
891 2377 981 2407 aliqua
1000 2385 1033 2401 ex

123 2413 200 2442 parte
223 2411 339 2442 intelligi
363 2411 469 2440 potest,
503 2410 566 2439 quiet
591 2410 663 2433 inter
688 2410 805 2434 virtutes
824 2411 895 2441 ipsas
914 2411 1032 2436 intersit.

124 2445 327 2475 philosophicae
345 2446 461 2468 virtutes
479 2445 556 2473 sunt,
576 2450 644 2473 quae
663 2445 777 2468 honesta
796 2452 893 2477 opera,
920 2447 947 2469 et
965 2452 1032 2470 eon-

124 2480 253 2502 sentanea
272 2479 388 2509 rationi,
419 2485 467 2502 seu
486 2478 592 2508 legibus
610 2478 678 2501 foris
697 2479 865 2508 exprimunt,
899 2480 925 2503 et
950 2481 1032 2504 eflicit

124 2514 190 2536 haec
208 2514 321 2536 humana
339 2514 466 2536 voluntas
485 2513 540 2535 suis
559 2513 618 2542 ipsa
636 2512 748 2536 viribus.
786 2516 854 2536 sunt
873 2516 962 2537 autem
982 2516 1030 2538 hae

123 2548 151 2570 in
170 2547 246 2570 tanta
264 2547 445 2571 imbecillitate
468 2548 599 2575 naturae,
631 2549 657 2569 et
682 2547 709 2569 in
736 2547 776 2569 his
801 2548 906 2571 insidiis
926 2549 1032 2572 Diaboli

125 2581 253 2608 exiguae:
283 2587 365 2610 quare
388 2581 558 2604 sentiendum
580 2582 621 2604 est
640 2581 677 2604 ita
698 2584 808 2604 nostras
828 2583 903 2605 vires
922 2583 1032 2606 efficere

123 2621 203 2645 posse
221 2615 333 2638 honesta
350 2621 447 2645 opera,
476 2617 504 2638 ut
522 2621 607 2645 aegra
626 2621 741 2645 corpora
760 2616 884 2639 incedere
903 2619 1030 2646 possunt:

123 2651 188 2673 haec
206 2649 276 2671 enim
295 2650 321 2671 et
338 2655 387 2678 per
405 2655 434 2672 se
453 2649 545 2672 statim
570 2649 756 2679 defatigantur
805 2652 832 2673 et
857 2651 954 2673 leviter
978 2651 1029 2674 im-

122 2684 201 2713 pulsa
219 2683 325 2706 cadunt.
361 2684 400 2705 lta
418 2684 549 2706 humanae
574 2683 649 2706 vires
672 2690 753 2713 saepe
777 2685 919 2707 affectuum
944 2685 1030 2708 vehe-

122 2717 223 2741 mentia
246 2718 424 2745 superantur,
460 2723 540 2747 saepe
571 2723 587 2741 a
613 2717 724 2741 Diabolo
758 2719 969 2748 praecipitantur
1000 2720 1029 2741 ut

120 2753 210 2776 ruant.
251 2751 306 2775 Nec
325 2751 496 2781 Philosophia
519 2752 655 2776 adversus
678 2753 743 2777 haec
768 2753 886 2777 ostendit
910 2753 1030 2777 efficacia

430 153 486 190 .
532 151 814 188 ENARRATIO
848 150 974 186 LIBRI
1002 149 1026 185 .
1058 148 1347 183 ETHICORUM
1380 147 1701 182 ARISTOTELIS.

1053 2734 1058 2776 l

2009 147 2084 182 282

1096 233 1280 279 losopliiae
1296 234 1451 268 moralis.
1500 234 1590 267 Nam
1609 232 1749 278 physica
1769 233 1908 278 plaerit
1925 239 2078 266 caeteras

1097 284 1393 325 causasliominis,
1408 282 1629 329 philosophia
1649 285 1792 318 moralis
1809 283 1946 329 quaerit
1960 284 2078 323 finem,

1097 341 1130 367 ct
1146 343 1319 369 monstrat
1341 338 1404 370 ilcr
1422 338 1465 369 ad
1481 336 1579 369 illum
1597 337 1725 376 finem,
1761 342 1934 381 quatenus
1952 340 1985 366 ct
2004 334 2076 377 ipsa

1095 387 1201 418 linem
1225 389 1381 430 agnovit.
1440 386 1490 420 Ita
1514 400 1554 420 ex
1578 385 1720 432 physica
1742 387 1906 419 oriuntur
1923 385 2077 429 disputa-

1095 436 1208 470 tiones
1225 436 1471 482 philosophiae
1487 439 1651 478 moralis,
1682 439 1869 472 observent
1886 436 1991 479 igilur
2007 442 2077 468 stu-

1094 487 1185 520 diosi
1212 489 1371 521 ordinem
1397 489 1695 533 propositionum.
1769 489 1906 522 Primm
1932 487 1979 519 ait
2006 499 2077 519 esse

1094 538 1248 583 aliquem
1266 541 1385 574 finem.
1420 540 1556 573 Deinde
1574 541 1728 584 applicat
1744 546 1909 584 oportere
1926 550 1998 571 csse
2016 537 2077 569 ali-

1094 601 1200 634 quem
1219 589 1385 623 ultimum
1403 592 1522 630 tinem,
1539 591 1574 622 in
1592 589 1701 637 quo)
1722 598 1848 623 natura
1869 590 2077 635 acquiescat.

1094 640 1221 673 Postea
1252 642 1354 674 docet
1384 639 1477 674 hunc
1503 642 1609 674 sinent
1631 655 1703 675 csse
1727 642 1901 674 actionem
1925 639 2076 673 xirtutis.

1093 691 1254 724 Tandem
1273 692 1396 724 definit
1411 692 1578 725 virtutem
1591 718 1600 732 ,
1629 699 1661 725 ct
1679 699 1862 725 enumerat
1886 692 2016 736 speeies
2045 696 2077 722 et

1093 743 1223 777 affinia.
1276 743 1342 777 Hic
1358 742 1561 777 dialecticus
1578 744 1666 776 ordo
1683 743 1922 777 observandus
1939 749 2000 776 est.

1495 836 1634 890 Caput
1651 837 1682 878 1.

1192 915 1232 949 In
1249 917 1366 962 primo
1383 918 1496 963 capite
1513 919 1562 952 ait
1579 931 1652 952 esse
1669 918 1824 964 aliquem
1840 919 1958 951 finem.
2006 918 2075 962 Qui

1092 979 1171 1000 cum
1189 968 1234 1001 sit
1253 969 1365 1010 actio,
1393 970 1561 1003 discernit
1578 970 1744 1004 actiones.
1792 970 1977 1014 Quaedam
1997 975 2078 1001 sunt

1090 1018 1310 1060 effectiones,
1351 1027 1431 1065 post
1464 1034 1551 1066 quas
1588 1021 1763 1066 reliquum
1788 1020 1846 1065 Zest
1882 1032 1989 1064 opus,
2040 1025 2078 1052 ut

1090 1070 1306 1110 aedificatio,
1335 1084 1443 1117 quam
1466 1072 1626 1118 sequitur
1648 1074 1786 1106 domus.
1838 1071 1938 1104 Aliae
1956 1070 2078 1104 dicun-

1090 1126 1147 1153 tur
1162 1120 1370 1168 p10prie'*)
1390 1124 1558 1163 actiones,
1574 1130 1654 1167 post
1670 1137 1756 1169 (pias
1772 1136 1846 1155 non
1862 1129 1983 1155 manet
1996 1121 2076 1153 reli-

1090 1184 1159 1217 qua
1182 1174 1404 1214 manufacta,
1443 1181 1482 1207 ut
1508 1175 1555 1207 ita
1582 1175 1716 1214 dicam,
1751 1175 1881 1214 moles,
1915 1180 1954 1207 ut
1974 1172 2077 1212 belle,

1090 1223 1204 1256 sobrie
1214 1221 1309 1270 ,
1338 1231 1429 1259 caste
1447 1225 1578 1260 vivere.
1619 1226 1742 1259 Tertio
1761 1226 1819 1259 alii
1834 1226 1919 1258 fines
1937 1231 1971 1258 et
1986 1223 2075 1257 aliae

1157 1324 1285 1348 remedia.
1323 1324 1390 1347 Nam
1411 1324 1522 1347 effectus
1542 1324 1640 1347 eiicere
1660 1331 1692 1347 cx
1712 1324 1801 1348 animo
1820 1324 1890 1348 ratio
1904 1330 1958 1347 non
1974 1326 2075 1354 potest,

1156 1360 1186 1380 nt
1205 1364 1324 1381 amorem
1344 1359 1449 1388 gloriae
1468 1360 1513 1382 aut
1533 1359 1718 1388 voluptatum,
1753 1360 1898 1382 cohercere
1916 1359 2072 1388 aliquantu-

1157 1392 1213 1415 lum
1232 1394 1337 1422 potest,
1371 1394 1397 1415 et
1419 1393 1523 1422 quidem
1542 1395 1655 1421 apparet
1673 1399 1755 1422 saepe
1773 1393 1867 1416 mirari
1885 1393 2074 1425 Philosophus,

1157 1426 1229 1449 unde
1247 1428 1324 1449 tanta
1343 1426 1378 1448 sit
1397 1427 1582 1454 imbecillitaS,
1606 1428 1682 1449 tanta
1703 1428 1832 1450 malorum
1850 1427 1991 1450 affectuum
2010 1434 2074 1451 sae-

1156 1459 1224 1483 vitia
1243 1460 1269 1482 in
1288 1460 1400 1489 animis,
1420 1461 1487 1483 hanc
1505 1460 1670 1483 christianae
1690 1461 1785 1483 literae
1807 1461 1903 1484 docent
1918 1467 1950 1484 ex
1964 1465 2075 1491 peccato

1158 1493 1274 1524 originis
1292 1494 1419 1518 existere.
1462 1495 1512 1517 Est
1530 1495 1600 1517 enim
1618 1494 1808 1517 maledictione
1826 1495 1918 1518 divina
1936 1496 2075 1520 debilitata

1156 1530 1270 1556 natura,
1291 1530 1464 1558 posteaquam
1484 1528 1569 1551 Adam
1590 1528 1680 1557 lapsus
1699 1529 1756 1557 est,
1783 1531 1808 1551 et
1830 1529 1861 1551 de
1881 1530 1986 1553 Diaboli
2006 1531 2075 1553 insi-

1157 1562 1210 1585 diis
1235 1563 1311 1585 solae
1335 1563 1500 1585 christianae
1526 1562 1623 1585 literae
1650 1562 1755 1585 dorent.
1803 1563 1958 1592 Philosophi
1987 1572 2073 1594 quan-

1159 1603 1237 1626 quam
1257 1597 1383 1620 viderent
1401 1597 1530 1626 quosdam
1553 1597 1698 1626 designare
1725 1597 1852 1620 immania
1876 1598 2014 1625 facinora,
2047 1602 2074 1622 et

1157 1636 1174 1653 a
1192 1631 1325 1654 communi
1344 1632 1442 1654 natura
1460 1631 1651 1659 abhorrentia,
1685 1632 1774 1654 tamen
1799 1633 1937 1655 auctorem
1954 1634 2073 1663 flagitio-

1157 1671 1217 1688 rum
1236 1665 1330 1688 talium
1349 1671 1402 1688 non
1423 1665 1559 1689 viderunt.
1604 1665 1703 1688 Poetas
1721 1672 1767 1688 res
1787 1666 1843 1694 ipsa
1862 1667 1967 1697 coegit,
1993 1674 2071 1697 quum

1157 1700 1259 1722 nullam
1280 1700 1306 1722 in
1326 1702 1425 1722 natura
1443 1705 1550 1722 causam
1570 1701 1663 1722 tantae
1681 1699 1856 1723 immanitatis
1875 1701 2010 1729 viderent,
2030 1702 2072 1724 di-

1160 1740 1236 1761 cere,
1255 1734 1326 1757 tales
1345 1734 1445 1764 agitari
1464 1734 1557 1762 t'uriis,
1578 1735 1605 1756 ut
1626 1734 1652 1756 in
1666 1734 1815 1761 tragoediis
1829 1737 1950 1764 apparet.
1986 1737 2071 1759 Debet

1158 1768 1248 1796 itaque
1282 1768 1359 1791 nobis
1390 1768 1438 1790 hoc
1467 1774 1571 1797 quoque
1597 1769 1703 1790 nonnne
1730 1769 1836 1791 charior
1864 1776 1924 1792 esse
1949 1769 2073 1793 doctrina

1157 1802 1321 1829 christiana,
1344 1802 1414 1831 quod
1433 1804 1486 1825 tam
1505 1803 1579 1825 clare
1599 1802 1716 1825 ostendit
1736 1803 1813 1825 nobis
1833 1803 1959 1826 vitiorum
1978 1805 2072 1827 huma-

1158 1842 1254 1859 norum
1278 1842 1383 1859 causas.
1438 1836 1542 1859 Deinde
1567 1836 1636 1865 quod
1661 1836 1741 1859 etiam
1766 1837 1912 1860 remedium
1935 1838 2071 1861 adversus

1157 1870 1206 1893 illa
1225 1871 1346 1899 exhibet,
1367 1871 1499 1898 promittit
1518 1871 1587 1893 enim
1603 1870 1731 1899 Spiritum
1749 1874 1887 1901 sanctum,
1907 1872 1951 1901 qui
1971 1874 2071 1902 guber-

1157 1906 1204 1927 net
1224 1907 1249 1927 et
1268 1905 1403 1927 custodiat
1422 1911 1485 1931 eos,
1512 1905 1555 1933 qui
1575 1905 1712 1927 conlidunt
1731 1906 1850 1929 Christo.

1223 1938 1395 1961 Christianae
1415 1939 1531 1961 virtutes
1551 1939 1677 1968 propriae
1695 1942 1773 1969 sunt,
1807 1941 1885 1963 timor
1904 1941 1969 1969 Dei,
2001 1942 2071 1965 fidu-

1156 1972 1199 1996 cia.
1218 1978 1284 2002 erga
1302 1973 1403 1999 Deum,
1423 1973 1537 2002 diligere
1557 1974 1723 2003 proximum,
1748 1974 1883 2004 deponere
1902 1976 2071 2005 voluptatum

1155 2008 1182 2030 et
1208 2007 1312 2037 ,gloriae
1336 2012 1472 2032 amorem,
1507 2007 1619 2030 castitas
1644 2009 1694 2031 cte.
1739 2009 1826 2038 Atque
1851 2010 1916 2032 haec
1943 2011 2025 2033 eflicit
2044 2011 2071 2033 in

1156 2041 1207 2070 piis
1228 2041 1345 2070 Spiritus
1363 2043 1481 2064 sanctus.

1221 2076 1391 2105 Augustinus
1410 2076 1495 2105 iuquit
1522 2082 1551 2098 se.
1575 2075 1718 2105 scripsisse
1744 2077 1841 2100 alieubi
1866 2078 1999 2102 hominem
2028 2079 2070 2101 iu

1155 2110 1226 2132 stum
1253 2116 1329 2137 esse,
1359 2110 1382 2132 si
1408 2110 1483 2132 vivat
1510 2110 1655 2133 secundnm
1681 2111 1806 2139 optimam
1831 2112 1871 2134 sui
1899 2114 2018 2142 partem:
2045 2114 2071 2136 id

1157 2145 1281 2167 recantat
1300 2144 1396 2166 deinde
1415 2144 1523 2169 die-cus,
1549 2145 1665 2167 nonduin
1684 2152 1743 2167 csse
1763 2146 1860 2168 iustum
1879 2147 2027 2173 bominem,
2048 2148 2069 2170 si

1158 2179 1261 2201 tantum
1292 2178 1439 2201 secundum
1472 2179 1598 2207 optimam
1623 2186 1689 2202 suae
1715 2181 1829 2202 naturae
1853 2182 1958 2209 partem
1982 2182 2069 2211 vivat

1155 2213 1203 2235 sed
1221 2212 1244 2235 si
1262 2218 1278 2235 a
1298 2212 1398 2241 spiritu
1419 2215 1513 2235 sancto
1534 2214 1709 2240 nubet-netur.
1757 2215 1842 2237 Porro
1868 2217 2008 2238 externam
2028 2216 2070 2238 iu-

1155 2247 1257 2269 stitiam
1276 2247 1394 2276 postulat
1414 2247 1485 2269 Deus
1504 2248 1536 2269 ab
1556 2248 1695 2273 omnibus,
1727 2248 1847 2277 adeoque
1866 2250 1898 2271 ab
1918 2249 1958 2270 his
1977 2250 2068 2279 etiam,

1157 2281 1199 2310 qui
1218 2287 1272 2304 non
1291 2282 1353 2302 sunt
1373 2281 1461 2304 reniti
1481 2288 1514 2304 ex
1533 2282 1597 2305 Deo.
1648 2283 1696 2304 list
1722 2282 1805 2311 igitur
1830 2283 2011 2314 praestanda,
2041 2287 2069 2307 ut

1154 2321 1236 2344 saepe
1255 2315 1379 2339 diximus.

1224 2349 1364 2372 Postremo
1385 2356 1436 2371 non
1457 2350 1603 2373 observent
1623 2350 1735 2372 studiosi
1750 2351 1947 2380 Philosophiam
1965 2352 2069 2375 demo-

1155 2383 1229 2406 ribus
1248 2383 1370 2406 externis
1390 2384 1559 2413 praecipere,
1580 2385 1711 2406 Platonici
1731 2385 1880 2408 imitatione
1896 2386 2069 2410 Christianae

1155 2417 1295 2440 doctrinae
1313 2418 1450 2440 tinxerunt
1651 2419 1782 2447 virtutes,
1802 2420 1895 2448 quibus
1908 2421 1988 2443 animi
2004 2428 2068 2449 pur-

1155 2454 1268 2482 gentur.
1297 2452 1345 2474 sed
1363 2452 1424 2474 illas
1444 2458 1530 2479 nuens
1550 2454 1716 2474 'olllllltll[lls
1736 2454 1776 2475 est
1798 2454 1943 2483 Diabolus,
1971 2459 1999 2477 ut
2019 2458 2067 2477 ob-

1154 2488 1279 2509 scuraret
1298 2485 1447 2508 doctrinam
1464 2486 1660 2510 Christianam.
1680 2488 1706 2509 et
1726 2487 1879 2516 opinionem
1899 2488 2002 2511 faceret
2019 2490 2068 2512 im-

1153 2521 1249 2551 peritis
1268 2520 1417 2542 doctrinam
1438 2520 1619 2543 Christianam
1639 2520 1703 2542 nilul
1724 2522 1833 2544 differre
1852 2527 1868 2544 a
1886 2522 2068 2552 Philosophia,

1153 2556 1180 2578 et
1200 2554 1314 2577 rationis
1333 2554 1407 2576 vires
1426 2555 1460 2576 ad
1480 2556 1553 2577 recte
1572 2555 1718 2578 vivendum
1744 2557 1770 2578 et
1792 2556 1827 2578 ad
1846 2562 1940 2580 omnes
1959 2559 2068 2581 morbos

1154 2589 1291 2612 sanandos
1311 2588 1378 2610 satis
1397 2594 1465 2610 csse.

1118 2630 1148 2662 21)
1170 2633 1236 2661 quo]
1257 2631 1296 2654 sic
1316 2632 1390 2653 recte
1408 2631 1457 2653 Ed.
1480 2631 1570 2661 1546.
1596 2631 1643 2655 Ed.
1662 2631 1734 2656 1545.
1755 2638 1815 2662 qua.

1116 2674 1169 2703 )
1189 2664 1314 2703 proprie]
1336 2673 1375 2696 Sit:
1393 2673 1441 2696 Eil,
1462 2673 1553 2703 156.
1583 2674 1632 2697 Ed.
1654 2674 1726 2698 1545.
1746 2675 1882 2706 propriae.

1116 2716 1186 2746 ssssss)
1207 2718 1235 2739 ut
1255 2717 1291 2738 ita
1311 2716 1412 2742 lit-um,
1432 2717 1533 2741 moles.
1554 2718 1583 2739 ut
1602 2718 1688 2745 belle,
1709 2718 1825 2746 sobrie]
1846 2718 1886 2742 sic
1905 2719 1955 2743 Ed.
1976 2719 2064 2747 1546.

1150 2752 1198 2775 Ed.
1220 2751 1293 2774 1545.
1313 2752 1341 2773 ut
1360 2750 1445 2773 dicam
1465 2751 1568 2782 metm,
1591 2753 1618 2774 ut
1638 2752 1708 2775 velle
1728 2752 1830 2783 sobrie,
