2347 3000
233 135 309 171 243

335 219 511 259 Primum,
539 226 576 253 ut
591 219 635 252 sit
653 219 748 251 velut
763 230 831 250 vox
847 216 1015 260 decalogi.
1055 215 1111 249 Sic
1127 215 1221 249 enim

233 271 494 316 perspicuitatis
511 284 613 304 causa
635 270 827 315 loquimur,
850 275 883 301 et
901 267 1046 300 nomine
1064 267 1223 311 decalogi

234 335 298 367 pro
326 323 400 366 lege
425 329 574 355 naturae
598 323 752 360 utimur,
796 320 878 364 quia
904 319 940 351 in
966 319 1134 362 decalogo
1166 331 1223 352 ex-

235 386 352 418 pressa
372 386 456 406 voce
468 373 533 405 Dei
546 400 554 414 ‚
582 373 673 417 leges
691 377 840 403 naturae
858 370 1011 403 maxima
1028 370 1223 415 perspicui-

234 431 304 457 tate
323 425 492 469 repetitae
517 431 609 458 sunt.
662 422 816 467 Ideoque
843 422 1069 465 magistratus
1092 422 1222 466 princi-

237 476 362 520 paliter
385 483 435 509 est
460 475 622 507 minister
646 473 731 513 Dei,
775 473 858 518 quia
883 473 994 515 legem
1018 472 1085 505 Dei
1108 480 1223 513 sonat,

235 540 343 572 quam
360 528 433 559 vult
452 527 545 559 Deus
563 526 746 557 immotam
763 536 927 557 normam
946 537 1017 558 esse
1042 525 1221 558 actionum

235 577 490 616 humanarum,
519 576 600 621 quia
620 574 705 608 llaec
723 576 777 608 lex
804 582 855 610 est
879 588 946 609 vox
970 576 1164 620 sapientiae
1190 582 1224 609 et

237 629 389 663 iustitiae
408 628 484 661 Dei.

336 680 534 712 Secundum
554 678 708 711 osticium
732 684 802 717 est,
837 677 1000 710 attribuit
1014 677 1110 711 Deus
1133 677 1223 722 poli-

234 731 302 763 tico
326 729 549 773 magistratui
582 730 708 762 deinde
739 736 772 762 et
805 727 872 761 hoe
902 741 1051 769 munus,
1084 735 1122 762 ut
1145 742 1224 763 suas

235 783 406 828 quasdam
427 782 519 824 leges
538 782 645 819 serat,
673 781 733 814 sed
754 793 827 813 non
846 787 1042 824 pugnantes
1065 793 1144 813 cum
1162 793 1224 813 na-

236 834 422 867 turalibus.
476 832 609 865 Verum
635 839 686 865 est.
710 832 825 871 enim,
852 831 1015 875 politicos
1040 832 1224 875 magistra—

234 891 289 918 tus
321 883 451 918 habere
484 890 696 929 potestatem
729 883 903 916 condendi
933 895 1013 916 suas
1052 884 1223 928 quasdam

235 937 345 980 leges,
386 937 446 970 sed
482 948 571 982 quae
602 947 676 967 non
703 940 862 979 pugnent
886 947 964 967 cum
990 935 1225 975 naturalibus,

235 1000 359 1021 verum
399 987 469 1021 sint
511 987 826 1019 determinationes
863 985 1225 1025 circinustantiarnm,

234 1039 418 1072 addendae
443 1038 582 1081 generi,
625 1045 658 1071 et
681 1038 751 1071 sint
774 1037 875 1083 quasi
900 1037 1116 1071 adminicula
1140 1038 1226 1071 iuris

236 1090 427 1130 naturalis,
454 1096 494 1123 ut
514 1091 567 1122 lex
583 1096 731 1123 naturae
747 1089 849 1122 dicit:
879 1088 961 1121 Filii
986 1095 1020 1121 ct
1044 1089 1135 1121 tiliae
1156 1089 1227 1122 sint

234 1140 403 1175 haeredes
419 1147 620 1186 parentum.
674 1140 741 1173 Sed
774 1141 830 1173 lex
853 1140 1125 1183 magistratuum
1157 1141 1226 1174 dis-

235 1194 366 1233 cernit,
401 1205 491 1238 quae
517 1205 572 1225 res
600 1198 738 1225 tantum
771 1192 815 1224 ad
840 1203 956 1223 mares
981 1191 1227 1224 transmittan-

235 1251 311 1284 tur,
355 1256 445 1289 quae
470 1244 515 1276 ad
540 1244 693 1287 puellas,
736 1248 770 1275 et
794 1240 901 1275 habet
924 1242 1144 1286 probabilem
1171 1254 1226 1275 ra-

236 1296 383 1329 tionem.

336 1345 499 1378 Tertium
518 1344 673 1378 officium
691 1350 759 1383 est,
787 1349 825 1376 ut
843 1343 1071 1387 magistratus
1089 1343 1134 1377 sit
1150 1355 1227 1375 exe-

235 1404 335 1430 cutor
352 1397 556 1430 dlvinarum
574 1402 607 1428 et
624 1407 768 1429 suarum
785 1394 922 1438 legum,
950 1394 986 1427 id
1004 1400 1074 1434 est,
1101 1394 1223 1439 puniat

237 1455 476 1482 contumaces.
545 1446 619 1480 Lex
650 1446 745 1479 enim
772 1445 907 1479 inutilis
932 1451 983 1478 est
1005 1445 1081 1479 sine
1105 1457 1226 1479 execu-

236 1501 346 1533 tione.

340 1550 519 1596 Quartum
552 1547 727 1587 officium,
769 1555 808 1581 ut
837 1548 882 1582 sit
913 1554 1028 1581 custos
1059 1547 1226 1580 ohedien-

236 1602 344 1642 tium,
374 1601 409 1634 id
437 1607 506 1641 est,
535 1600 703 1633 defendat
728 1612 787 1633 eos
813 1605 934 1632 contra
959 1599 1127 1633 iniustam
1152 1598 1226 1630 xio-

234 1653 392 1687 lentiam.
445 1652 519 1686 Nec
535 1651 618 1685 satis
635 1651 767 1684 dictum
786 1657 855 1691 est,
883 1663 962 1684 cum
977 1650 1087 1696 aliqui
1105 1650 1152 1683 sic
1175 1650 1226 1682 lo-

237 1711 410 1750 quuntur:
454 1703 682 1747 Magistratus
707 1709 758 1736 est
782 1708 897 1736 custos
915 1714 1117 1746 corporum.
1171 1700 1226 1734 In-

236 1769 320 1800 gens
336 1755 431 1788 enim
448 1754 639 1788 discrimen
658 1760 709 1787 est
726 1754 819 1787 inter
843 1754 1089 1797 magistratum
1113 1759 1147 1786 et
1171 1765 1225 1785 ar-

237 1807 464 1840 mentarium.
518 1806 644 1839 Custos
666 1805 776 1838 boum
802 1811 941 1838 tantum
969 1804 1125 1838 defendit
1149 1816 1225 1837 cor-

236 1872 338 1904 pora,
364 1859 424 1892 sed
439 1857 665 1901 magistratus
682 1856 780 1901 prius
797 1856 842 1890 sit
857 1855 1077 1900 disciplinae,
1106 1855 1140 1887 id
1158 1861 1225 1895 est,

236 1910 344 1943 totius
361 1909 446 1953 legis
464 1915 597 1948 custos,
625 1909 722 1954 quod
739 1909 783 1940 ad
808 1913 968 1941 externas
993 1907 1148 1940 actiones
1175 1913 1226 1939 at-

238 1962 344 2001 tinet,
370 1958 559 2004 prohibeat
577 1966 610 1992 et
627 1960 752 2004 puniat
769 1957 1027 2003 blasphemias,
1055 1958 1226 2003 periuria,

238 2025 343 2057 vagas
365 2011 529 2045 libidines
548 2017 612 2044 etc.

338 2063 404 2096 Sed
426 2063 588 2096 minister
613 2061 816 2104 Evangelii,
853 2068 903 2095 est
927 2073 1079 2106 persona
1102 2073 1120 2093 a
1148 2060 1224 2093 Deo

239 2115 415 2155 ordinata,
442 2121 482 2147 ut
502 2114 596 2147 iuxta
615 2113 838 2146 vocationem
858 2120 959 2146 sonet
978 2112 1226 2145 vocemfflivan-

237 2166 316 2209 getii
329 2193 338 2206 ,
367 2179 406 2199 ac
423 2166 652 2199 Sacramenta
669 2165 913 2204 administret,
941 2164 978 2197 in
995 2176 1065 2209 qua
1081 2163 1126 2209 72)
1149 2165 1226 2196 sun-

238 2210 354 2251 ctione.
373 2218 468 2251 Deus
486 2229 568 2249 vere
588 2223 635 2250 est
658 2216 778 2249 efficax
793 2216 830 2248 in
849 2216 1093 2255 credentibus,
1131 2228 1226 2247 com—

238 2271 379 2302 mendet
403 2269 509 2302 etiam
536 2268 670 2301 vocatis
695 2267 931 2300 ministerium
956 2266 1161 2310 Evangelii,
1194 2272 1227 2299 et

237 2321 281 2353 sit
307 2321 410 2353 iudex
432 2319 636 2359 doctrinae,
669 2318 857 2351 annuntiet
879 2319 1123 2352 remissionem
1150 2330 1226 2362 pec-

239 2378 397 2404 catorum
428 2371 640 2416 petentibus.
719 2370 954 2404 Contumaces
983 2382 1067 2403 vero
1102 2369 1225 2413 puniat

239 2435 311 2455 non
335 2423 367 2454 vi
393 2422 590 2467 corporali,
625 2422 685 2456 sed
712 2422 841 2462 verbo,
884 2421 1047 2454 videlicet
1069 2420 1224 2463 legitima

237 2474 614 2508 excommunicatione.
681 2472 882 2506 Discrimen
910 2480 1028 2506 autem
1059 2472 1225 2517 politicae

236 2525 421 2569 potcstatis
446 2531 479 2557 et
498 2523 651 2558 ministri
675 2524 886 2569 evangelici,
915 2526 1107 2558 ostendunt
1130 2523 1226 2568 ipsae

238 2576 480 2614 definitiones,
523 2588 561 2608 ac
583 2575 772 2620 praecipua
799 2575 1004 2610 discrimina
1031 2581 1113 2610 sunt
1139 2573 1225 2607 haec.

239 2634 403 2674 quatuor.
462 2626 643 2660 Ditl'erunt
666 2627 832 2668 obiectis,
867 2634 1041 2672 potestate
1065 2627 1226 2659 serenda-

271 2748 318 2775 72)
339 2747 365 2771 iu
385 2747 451 2777 qua]
472 2745 510 2770 sic
529 2745 596 2771 ΕΜ.
618 2746 709 2777 1554.,
730 2746 803 2770 1557.
824 2748 850 2771 et
872 2747 964 2777 1560.;
984 2747 1032 2771 Ed.
1053 2748 1127 2771 1550.
1147 2753 1208 2777 qua.

504 132 705 166 SCRIPTA
732 132 806 166 PH.
833 131 945 166 MEL.
971 131 1037 164 AD
1064 129 1272 165 ETHICEN
1299 128 1364 163 ET
1390 128 1647 164 POLITICEN
1674 128 1985 164 SPECTANTIA.

2179 129 2257 166 244

1276 227 1356 249 rum
1380 216 1520 260 legum,
1554 215 1752 257 beneficiis,
1793 223 1827 250 ct
1850 217 1959 250 modo
1986 214 2202 250 executionis
2226 216 2264 250 in

1276 267 1412 312 poenis.

1377 318 1539 352 Potestas
1576 318 1721 363 politica
1762 325 1925 353 versatur
1957 317 2047 350 circa
2080 324 2264 352 externam

1276 369 1520 414 disciplinam,
1549 382 1656 415 quam
1672 370 1763 403 tueri
1781 370 1894 404 dehet.
1948 369 2015 403 Sed
2034 369 2264 404 ecclesiastica

1276 422 1381 454 dehet
1396 433 1523 454 sonare
1540 433 1663 453 vocem
1681 421 1886 465 Evangelii,
1911 434 2001 467 quae
2025 433 2098 453 non
2125 427 2263 455 tantum

1276 472 1366 517 regit
1384 478 1547 505 externos
1563 484 1701 512 mores,
1729 473 1789 505 sed
1806 472 1923 516 arguit
1942 479 1973 506 et
1992 479 2093 506 sanat
2112 473 2232 506 corda.

1379 524 1553 563 Secunda,
1582 529 1736 567 potestas
1751 524 1894 567 politica
1913 521 2017 557 habet
2037 524 2264 557 autoritatem

1277 587 1357 608 suas
1389 576 1560 620 quasdam
1595 575 1686 617 leges
1719 574 1914 614 condendi,
1960 582 1999 608 ut
2032 575 2163 608 dictum
2203 581 2265 609 est.

1278 626 1440 659 Minister
1455 626 1630 659 Ecclesiae
1655 638 1726 659 nou
1752 624 1855 658 habet
1881 626 2030 659 similem
2056 633 2265 670 potestatem

1278 678 1368 722 leges
1387 678 1582 717 condendi,
1610 684 1648 711 ut
1668 683 1789 721 postea
1810 677 1986 722 copiosius
2004 677 2151 712 dic'etur.

1380 729 1522 767 Tertio,
1552 741 1613 773 per
1630 742 1751 761 &ocem
1768 728 1953 772 Exangelii
1969 728 2064 762 Deus
2082 730 2142 761 dat
2156 734 2267 761 aeter-

1277 792 1322 812 na
1349 780 1463 821 bona,
1496 780 1739 813 remissionem
1765 787 2012 824 pcccatorum,
2045 786 2079 813 et
2094 779 2267 824 Spiritum

1278 838 1458 871 sanctum,
1487 838 1516 864 et
1536 831 1642 864 xitam
1665 838 1858 865 aeternam.
1899 831 1975 865 Etsi
1992 838 2110 865 autem
2128 830 2266 875 sapien-

1279 883 1325 915 tia
1350 881 1506 916 humana
1535 883 1637 915 xalde
1659 883 1810 916 miratur
1833 896 1887 916 res
1912 889 2027 916 tantas
2059 881 2126 916 hoc
2156 883 2266 915 modo

1279 932 1447 973 exhiberi,
1476 941 1594 966 tamen
1616 935 1807 968 certissime
1825 941 2033 973 statuamus,
2056 934 2172 967 Deum
2190 940 2267 966 tan-

1280 992 1354 1018 tum
1371 984 1438 1018 lioc
1455 988 1563 1018 modo
1582 986 1648 1019 sibi
1674 986 1838 1029 colligere
1862 992 2044 1019 aeternam
2059 985 2266 1023 Ecclesiam,

1279 1043 1312 1069 et
1330 1035 1395 1069 lioc
1414 1039 1519 1069 modo
1538 1050 1551 1069 x
1563 1050 1619 1070 ere
1636 1038 1809 1070 cstieacem
1826 1049 1910 1077 esse,
1928 1037 2023 1070 iuxta
2041 1037 2126 1070 illud
2144 1036 2267 1081 (Rom.

1283 1089 1314 1127 1,
1333 1087 1425 1133 16.);
1454 1088 1686 1131 lix‘angelium
1710 1095 1757 1122 est
1785 1088 1941 1133 potentia
1960 1088 2025 1121 Dei
2048 1089 2092 1121 ad
2116 1088 2266 1121 salutem

1281 1140 1381 1172 omni
1404 1140 1573 1172 credenti.
1635 1139 1739 1173 Item:
1775 1140 2008 1182 lix-angelium
2036 1147 2086 1174 est
2108 1139 2267 1172 ministe-

1280 1191 1373 1223 rium
1396 1191 1539 1235 spiritus
1554 1190 1611 1235 73).
1665 1191 1759 1224 Haec
1777 1204 1921 1236 prorsus
1940 1192 2056 1224 aliena
2071 1197 2153 1225 sunt
2171 1202 2188 1222 a
2205 1201 2267 1234 po-

1281 1248 1404 1275 testate
1426 1241 1582 1286 politica.

1384 1293 1544 1337 Quarto,
1580 1292 1746 1326 differunt
1772 1294 1880 1325 modo
1900 1292 2114 1326 executionis
2131 1292 2167 1324 in
2184 1303 2267 1336 poe-

1280 1345 1346 1378 nis.
1398 1344 1475 1377 Etsi
1493 1343 1587 1376 enim
1606 1350 1747 1388 oportet
1764 1350 1953 1389 utramque
1970 1350 2180 1388 potestatem
2205 1341 2268 1376 ha-

1280 1397 1362 1428 bere
1392 1395 1445 1428 ius
1474 1393 1707 1435 cohercendi,
1748 1401 1868 1428 tamen
1895 1393 1963 1428 hoc
1990 1395 2180 1428 discrimen
2206 1400 2268 1434 est,

1280 1447 1506 1491 magistratus
1530 1447 1694 1490 politicus
1721 1444 1885 1480 cohercet
1907 1447 1941 1478 τί
1972 1446 2168 1491 corporali,
2207 1446 2268 1479 sed

1281 1498 1509 1531 ecclesiastica
1529 1505 1684 1542 potestas
1703 1504 1840 1531 tantum
1859 1498 1961 1543 punit
1984 1499 2112 1537 verbo,
2138 1497 2266 1530 scilicet

1932 1549 2026 1582 Ilaec
2062 1547 2267 1582 discrimina

1279 1613 1418 1645 semper
1437 1601 1472 1633 in
1489 1607 1677 1645 conspectu
1699 1600 1788 1640 siut,
1816 1607 1849 1634 et
1871 1601 1969 1634 norit
1994 1607 2146 1646 utraque
2168 1606 2268 1644 pote-

1279 1659 1348 1686 stas
1364 1665 1416 1685 sui
1435 1665 1591 1686 muneris
1608 1658 1731 1685 metas.

1380 1702 1454 1736 Iam
1487 1704 1594 1746 igitur
1624 1705 1667 1735 ad
1692 1703 1933 1748 quaestionem
1959 1702 2166 1747 responderi
2190 1714 2268 1746 per-

1596 1754 1722 1788 Bullus
1736 1754 1900 1788 minister
1915 1754 2100 1799 Evangelii
2117 1754 2192 1787 iure
2216 1754 2268 1787 di-

1279 1806 1363 1838 vino
1389 1805 1491 1839 habet
1521 1813 1713 1851 utrumque
1736 1806 1913 1849 gladium,
1946 1806 2034 1839 sicut
2061 1805 2266 1838 constitutio

1279 1857 1456 1890 Bonisacii
1480 1858 1574 1890 dicit.
1628 1857 1814 1890 Manifeste
1839 1857 1933 1889 enim
1957 1863 2158 1901 repugnant
2181 1854 2268 1890 haec

1279 1909 1370 1942 dicta
1395 1908 1535 1952 (loann.
1552 1910 1613 1948 20,
1628 1908 1724 1953 21.):
1761 1909 1858 1940 Sicut
1876 1907 1969 1940 misit
1986 1921 2042 1941 me
2060 1908 2199 1947 l'ater,‘
2220 1908 2268 1941 sic

1636 1959 1724 1992 Item
1751 1957 1896 2005 (Ma-uh.
1911 1961 1972 1999 20,
1991 1958 2051 1994 25.
2067 1959 2128 1994 26.
2156 1959 2267 1993 Marc.

1281 2012 1339 2051 10,
1363 2010 1422 2046 42.
1442 2011 1537 2057 43.):
1565 2010 1678 2055 Reges
1702 2011 1858 2054 gentium
1883 2011 2115 2044 dominantur
2132 2023 2268 2051 eorum,

1280 2076 1342 2095 xos
1361 2069 1479 2096 autem
1498 2075 1570 2095 non
1589 2063 1656 2103 sic,
1684 2062 1719 2094 id
1743 2069 1813 2102 est,
1848 2074 1922 2095 non
1944 2063 2026 2095 x'olo
2053 2062 2268 2095 constituere

1280 2114 1427 2158 imperia
1448 2127 1511 2158 per
1528 2114 1763 2147 ministerium
1782 2113 1979 2157 Exangelii.
2025 2114 2131 2158 Quod
2149 2121 2267 2147 autem

1279 2166 1383 2198 multi
1417 2166 1572 2210 episcopi
1606 2166 1660 2198 x‘el
1694 2172 1852 2209 pastores
1888 2163 2020 2199 habent
2051 2165 2266 2199 iurisdictio-

1279 2230 1359 2249 nem
1391 2217 1572 2261 politicam
1607 2217 1642 2249 in
1674 2217 1852 2263 aliquibus
1882 2217 1986 2256 locis,
2026 2214 2158 2249 liabent
2187 2229 2265 2250 eam

1280 2269 1447 2301 donatam
1468 2269 1658 2301 autoritate
1676 2266 1852 2307 humana,
1879 2274 1919 2301 ut
1937 2267 2041 2300 multi
2064 2267 2122 2299 alii
2149 2275 2267 2312 patres

1279 2320 1432 2353 familias
1451 2318 1583 2353 liabent
1605 2321 1710 2353 talem
1731 2319 2008 2353 iurisdictionem
2028 2319 2062 2351 in
2079 2319 2150 2352 suis
2166 2332 2267 2365 prac-

1280 2372 1365 2412 diis,
1395 2384 1485 2417 quae
1504 2369 1609 2404 habet
1626 2384 1705 2405 suas
1725 2378 1854 2411 metas,
1882 2377 1921 2404 ut
1938 2377 2062 2403 notum
2083 2377 2144 2404 cst.

1279 1549 1435 1592 legitima
1474 1549 1852 1583 excommunicatione.

1279 1755 1398 1799 spicue
1416 1761 1543 1799 potest.

1280 1973 1343 2003 ego
1364 1960 1468 1993 mitto
1494 1973 1568 1993 vos.

1355 2456 1414 2490 De
1443 2457 1741 2491 institutione
1768 2463 1810 2490 et
1837 2455 2190 2501 approbatione.

1384 2526 1579 2571 Postquam
1604 2525 1808 2559 discrimina
1835 2531 1971 2558 ostensa
1999 2530 2097 2565 sunt,
2130 2523 2199 2557 iam
2224 2525 2266 2557 de

1279 2577 1464 2623 utriusque
1482 2577 1705 2611 institutione
1723 2576 1850 2609 dicam.
1903 2576 2134 2620 Perspicuum
2157 2582 2207 2610 est
2230 2577 2266 2608 in

1278 2642 1373 2662 novo
1399 2629 1630 2663 Testamento
1662 2627 1903 2671 evangelicum
1937 2627 2174 2661 ministerium
2210 2639 2266 2660 ex-

1313 2745 1361 2773 73)
1381 2745 1460 2770 Conf.
1478 2746 1503 2770 2.
1523 2745 1589 2770 Cor.
1602 2745 1629 2777 ³,
1647 2745 1671 2769 8.
