2347 3000
204 151 275 186 167

202 238 282 270 dem
309 245 447 279 semper
472 232 508 265 in
532 229 736 276 precatione
760 226 826 260 hae
858 222 1096 270 proprietates
1120 217 1187 252 Dei

203 287 426 332 aspiciendae
461 289 560 322 sunt,
604 287 643 315 ut
678 281 708 313 ei
737 278 911 312 honorem
941 272 1098 307 debitum
1127 270 1189 303 tri-

201 340 373 377 buamus,
406 341 440 369 et
462 341 503 368 ut
530 346 611 366 eum
636 332 876 364 discernamus
901 338 919 358 a
943 336 1017 357 non
1040 321 1189 355 viventi-

202 391 287 429 bus,
315 395 348 422 et
373 400 392 420 a
415 385 518 420 malis
541 383 721 429 spiritibus
743 376 895 413 nocendi
922 375 1056 420 cupidis
1081 380 1115 407 et
1138 373 1190 405 in-

206 440 320 475 cestis.

308 521 446 555 Tertia:
477 518 568 564 Quia
586 513 827 548 testimonium
846 518 897 545 est
913 511 955 544 de
966 509 1033 543 Dei
1049 508 1192 542 iudici0.

205 575 352 608 Frustra
388 571 482 605 enim
512 566 725 601 condidisset
749 565 843 597 Deus
869 562 1059 596 discrimen
1082 558 1193 593 hone-

207 633 343 660 storum
375 629 409 655 et
441 620 598 663 turpium
630 617 667 649 in
697 614 862 649 humanis
894 613 1090 650 mentibus,
1126 610 1195 643 nisi

207 683 329 722 postea
351 673 531 706 accederet
556 681 671 714 poena
698 667 830 700 turbati
855 666 946 698 illius
970 661 1195 697 discriminis.

206 728 292 760 Item
314 723 467 757 naturali
485 721 610 755 ordine
629 719 802 752 cruciatus
820 716 1066 750 universaliter
1082 712 1195 758 sequi-

210 786 266 811 tur
283 773 534 809 conscientiam
551 771 781 809 delictorum,
810 768 869 814 qui
887 766 1129 801 testimonium
1147 769 1198 796 cst

210 828 331 862 iudicii
354 825 478 859 divini.
547 823 635 856 Item
669 821 802 854 atrocia
831 820 961 853 scelera
987 816 1197 861 regulariter

211 879 428 913 comitantur
447 877 484 908 in
502 873 569 908 hac
587 874 658 907 vita
678 884 813 918 poenae
833 877 982 903 atroces.

316 961 404 994 Cum
429 957 492 993 has
517 965 587 991 tres
611 968 732 989 causas
755 955 797 987 de
817 953 893 986 Deo
918 949 1198 985 consideraveris

212 1014 248 1046 in
268 1013 429 1046 doctrina
447 1012 488 1043 de
503 1008 713 1046 virtutibus,
741 1012 824 1039 tunc
844 1011 878 1037 et
901 1010 1027 1049 quarta
1046 1002 1199 1040 accedat,

213 1065 392 1103 videlicet,
421 1062 503 1107 quia
521 1060 565 1094 sit
581 1071 707 1092 norma
726 1057 817 1089 vitae
833 1054 1020 1088 hominum
1038 1053 1073 1086 in
1092 1052 1199 1084 actio-

214 1117 319 1149 nibus
337 1113 509 1152 externis,
536 1124 597 1145 seu
616 1111 651 1142 in
674 1108 871 1152 disciplina.
924 1106 1059 1138 Harum
1081 1116 1199 1136 causa-

212 1179 293 1201 rum
313 1163 547 1199 consideratio
566 1162 667 1194 valde
691 1165 794 1192 ornat
810 1157 980 1196 Ethicen,
1009 1162 1042 1188 et
1058 1154 1201 1187 adducit

214 1225 348 1252 mentes
376 1217 419 1250 ad
443 1213 762 1248 considerationem
786 1211 828 1242 de
856 1209 931 1241 Deo
962 1213 995 1240 et
1033 1206 1075 1237 de
1106 1217 1201 1236 crea-

216 1270 312 1303 tione
330 1267 506 1305 hominis,
535 1271 657 1297 monet
682 1262 846 1294 mirando
872 1257 1019 1292 consilio
1038 1254 1201 1288 homines

217 1321 377 1354 conditos
395 1330 467 1351 esse
479 1343 487 1357 ,
515 1321 554 1349 ut
570 1321 696 1348 natura
713 1311 869 1345 humana
885 1316 974 1343 esset
988 1308 1105 1350 imago
1125 1305 1202 1344 Dei,

216 1373 253 1404 in
279 1382 348 1416 qua
365 1370 461 1402 velut
484 1366 575 1400 radii
597 1363 792 1410 sapientIae
814 1369 846 1395 et
872 1361 1044 1393 virtutum
1066 1357 1203 1390 divina-

215 1435 295 1456 rum
320 1422 489 1454 lucerent.
552 1417 641 1450 Cum
670 1421 788 1449 autem
813 1419 910 1446 tanta
936 1412 980 1445 sit
1004 1409 1203 1448 infirmitas,

216 1481 255 1508 ut
279 1473 378 1506 illum
405 1467 685 1516 pulcherrimum
717 1472 864 1498 naturae
900 1463 1062 1496 ordinem
1090 1460 1203 1498 facile,

217 1537 339 1569 saepe,
392 1519 636 1564 multipliciter
681 1525 713 1551 et
749 1515 969 1550 horribiliter
1010 1512 1204 1549 turbemus,

218 1581 361 1614 monet,
387 1580 427 1607 ut
450 1583 682 1618 quaeramus,
714 1569 808 1601 unde
831 1568 875 1600 sit
898 1564 982 1598 haec
1008 1563 1205 1600 infirmitas,

220 1634 255 1661 et
278 1638 367 1672 quae
390 1623 546 1658 remedia
564 1622 660 1654 Deus
679 1621 852 1653 ostendat.
907 1617 995 1650 Cum
1021 1621 1139 1648 autem
1162 1614 1204 1645 de

218 1677 285 1712 hac
303 1688 405 1710 causa
423 1673 658 1712 infirmitatis,
687 1679 719 1705 ct
744 1672 784 1704 de
807 1668 973 1702 remediis
999 1664 1089 1699 nihil
1113 1665 1207 1697 dicat

220 1725 467 1774 philosophia,
505 1724 725 1768 agnoscimus
763 1722 831 1755 alia
864 1720 1017 1766 quadam
1044 1717 1204 1749 doctrina

221 1792 327 1825 supra
346 1775 611 1824 philosophiam
639 1787 726 1818 opus
745 1786 836 1811 esse,
863 1771 994 1805 scilicet
1019 1780 1104 1801 voce
1125 1780 1207 1812 pro-

220 1830 452 1869 missionum,
487 1840 548 1861 seu
572 1824 779 1869 Evangelio.
831 1823 880 1855 Ac
904 1822 1005 1854 valde
1031 1832 1119 1864 opus
1145 1824 1206 1857 est,

220 1881 352 1916 habere
368 1881 405 1913 in
423 1884 611 1923 conspectu
627 1876 814 1910 discrimen
834 1872 1018 1917 Evangelii
1037 1878 1070 1904 et
1093 1868 1208 1915 philo-

222 1931 385 1978 sophiae,
423 1932 465 1964 de
490 1942 560 1976 quo
586 1935 620 1962 et
645 1926 701 1961 hie
730 1927 904 1965 dicemus,
939 1931 972 1957 et
994 1934 1097 1967 saepe
1123 1921 1208 1954 alias

224 1984 293 2018 dici
309 1994 449 2017 necesse
467 1987 530 2015 est.

324 2067 420 2100 Haec
434 2070 550 2098 autem
568 2063 641 2096 dixi
658 2062 773 2101 initio,
798 2068 838 2095 ut
853 2059 939 2093 haec
956 2058 1117 2092 doctrina
1135 2069 1209 2090 ma-

224 2119 275 2164 gis
292 2125 449 2157 ametur,
477 2122 512 2148 et
537 2115 740 2158 diligentius
764 2113 1026 2150 consideretur,
1055 2123 1133 2142 cum
1153 2121 1209 2141 co-

226 2170 434 2215 gitabimus,
461 2179 540 2200 eam
558 2172 591 2199 et
608 2165 768 2198 divinum
792 2163 912 2197 lumen
937 2174 1029 2201 esse,
1057 2167 1091 2194 et
1115 2172 1209 2193 com-

225 2220 523 2255 monefactionem
534 2244 543 2258 ,
569 2223 603 2251 et
619 2214 861 2250 testimonium
879 2215 921 2247 de
937 2213 1025 2246 Deo.

403 2338 502 2384 Quid
524 2342 579 2374 est
601 2334 839 2382 philosophia
859 2329 1038 2368 moralis?

329 2422 392 2457 Est
416 2419 601 2466 explicatio
628 2418 713 2462 legis
737 2423 908 2455 naturae,
936 2413 1209 2447 demonstratio-

228 2487 289 2509 nes
312 2474 435 2507 ordine
460 2473 496 2505 in
520 2471 654 2504 artibus
675 2469 804 2503 usitato
823 2467 1008 2510 colligens,
1037 2471 1208 2511 quantum

228 2526 320 2560 ratio
343 2524 497 2558 iudicare
523 2528 657 2566 potest,
685 2533 836 2566 quarum
863 2517 1107 2553 conclusiones
1129 2523 1211 2550 sunt

230 2576 452 2611 definitiones
472 2575 664 2611 virtutum,
699 2584 759 2605 seu
782 2575 968 2616 praecepta
993 2570 1035 2602 de
1057 2569 1209 2611 regenda

230 2627 415 2672 disciplina
444 2626 482 2657 in
512 2624 676 2657 omnibus
707 2620 931 2662 hominibus,
980 2619 1210 2664 congruentia

231 2692 311 2714 cum
332 2677 519 2720 decalogo,
555 2681 728 2721 quatenus
765 2675 807 2708 de
849 2680 992 2708 externa
1025 2670 1210 2716 disciplina

232 2730 474 2766 concionatur.

446 144 569 180 PIlIL.
599 142 711 178 MEL.
739 138 942 176 SCRIPTA
967 136 1032 171 AD
1059 129 1268 169 ETHICEN
1297 127 1361 162 ET
1390 125 1645 161 POLITICEN
1674 121 1973 159 SPECTANTM

2154 120 2224 154 168

1240 217 1436 263 Pugnatne
1468 211 1705 258 philosophia
1734 211 1887 245 moralis
1920 219 2005 243 cum
2039 205 2228 248 doctrina,

1409 283 1520 319 quam
1541 273 1642 307 Deus
1658 273 1851 306 Ecclesiae
1875 265 2064 304 tradidit?

1348 349 1459 392 Saepe
1477 348 1616 387 dicitur,
1643 348 1764 381 lumen
1781 359 1852 380 esse
1870 345 2051 378 doctrinae
2068 340 2231 374 inEccle-

1245 401 1294 435 sia
1322 400 1423 432 valde
1448 399 1706 439 necessarium,
1734 410 1837 432 nosse
1860 397 2048 431 discrimen
2072 392 2174 436 Legis
2199 396 2233 424 et

1245 451 1443 493 Evangelii.

1348 502 1420 534 Lex
1441 500 1587 534 moralis
1613 506 1664 533 est
1681 505 1822 532 aeterna
1842 505 1876 532 et
1892 498 2040 530 immota
2059 491 2232 539 sapientia

1247 560 1280 586 et
1296 553 1416 597 regula
1435 552 1589 585 iustitiae
1607 551 1642 583 in
1659 550 1753 590 Deo,
1781 550 1982 583 discernens
2000 553 2092 580 recta
2112 551 2144 577 et
2160 554 2233 577 non

1248 611 1362 644 recta,
1385 610 1419 636 et
1440 602 1660 636 horribiliter
1682 602 1834 634 irascens
1853 598 2115 637 contumaciae,
2144 606 2234 641 quae

1248 661 1422 700 repugnat
1445 653 1526 688 huic
1552 665 1700 687 normae
1723 653 1760 685 in
1784 653 1881 696 ipso,
1923 657 1957 683 et
1982 650 2156 694 patefacta
2183 652 2236 679 est

1249 706 1453 740 hominibus
1475 706 1511 738 in
1530 704 1728 743 creatione,
1757 710 1790 736 et
1812 708 1932 747 postea
1959 713 2061 744 saepe
2086 698 2236 743 repetita

1250 765 1283 791 et
1307 758 1481 790 declarata
1508 769 1592 789 voce
1618 755 1759 795 divina,
1794 761 1833 787 ut
1862 753 2034 791 sciamus,
2070 751 2164 796 quod
2193 749 2238 783 sit

1250 810 1345 842 Deus
1358 835 1366 848 ,
1395 814 1428 841 et
1448 808 1561 853 qualis
1576 807 1639 847 sit,
1668 806 1828 850 obligans
1845 816 1967 837 omnes
1985 808 2163 835 creaturas
2180 812 2237 833 ra-

1251 860 1418 899 tionales,
1462 865 1496 892 et
1522 858 1703 902 postulans
1727 864 1766 890 ut
1793 868 1915 889 omnes
1945 855 2016 888 sint
2038 853 2238 885 conformes

1252 911 1338 956 ipsi,
1366 917 1400 943 et
1420 911 1594 942 damnans
1612 922 1652 942 ac
1670 910 1854 942 destruens
1873 918 1995 939 omnes
2010 917 2082 937 non
2099 904 2238 937 consor-

1252 975 1345 1002 mes,
1389 961 1457 994 nisi
1484 962 1543 994 fiat
1574 959 1735 994 remissio
1763 966 1796 992 et
1822 956 2064 991 reconciliatio
2090 961 2239 1001 propter

1251 1014 1362 1047 filium
1381 1012 1616 1045 Mediatorem
1630 1011 1674 1057 2).

1353 1063 1586 1105 Evangelium
1617 1074 1701 1094 vero
1740 1067 1791 1094 est
1815 1058 2032 1105 praedicatio
2055 1056 2239 1102 poeniten-

1255 1115 1343 1153 tiae,
1378 1127 1528 1158 arguens
1553 1119 1714 1157 peccata,
1751 1118 1784 1144 et
1808 1111 1996 1156 promissio
2022 1107 2240 1142 remissionis

1254 1171 1499 1209 peccatorum,
1534 1171 1568 1196 et
1585 1163 1616 1209 3)
1641 1162 1961 1201 reconciliationis,
1999 1160 2170 1200 iustitiae,
2207 1164 2242 1192 et

1255 1216 1346 1248 vitae
1365 1222 1543 1255 aeternae,
1571 1215 1723 1257 gratuita
1742 1220 1889 1258 propter
1899 1211 2118 1252 FiliumDei,
2143 1210 2241 1244 cuius

1255 1266 1502 1311 promissionis
1520 1265 1646 1298 notitia
1671 1277 1898 1309 nequaquam
1922 1264 2104 1297 nobiscum
2129 1261 2241 1295 nasci-

1256 1324 1332 1357 tur,
1359 1318 1419 1350 sed
1437 1329 1478 1350 ex
1495 1329 1625 1349 arcano
1644 1316 1725 1349 sinu
1743 1316 1878 1348 aeterni
1894 1316 2005 1359 patris
2022 1315 2160 1359 prolata
2180 1319 2242 1353 est,

1256 1380 1361 1412 supra
1381 1374 1414 1400 et
1433 1375 1529 1401 extra
1547 1374 1773 1411 conspectum
1791 1367 1949 1399 omnium
1967 1372 2222 1399 creaturarum.

1359 1419 1454 1452 Dum
1469 1420 1500 1465 )
1519 1417 1585 1451 hoc
1609 1418 1801 1452 discrimen
1825 1418 2052 1461 intelligitur,
2077 1416 2177 1450 sacile
2199 1415 2242 1447 (le

1257 1468 1482 1515 philosophia
1502 1470 1651 1503 iudicari
1670 1476 1795 1513 potest.
1846 1466 2078 1512 Philosophia
2098 1466 2244 1500 moralis

1258 1534 1484 1566 nequaquam
1501 1528 1551 1555 est
1564 1520 1747 1563 Evangelii
1768 1519 1975 1564 promissio,
2002 1520 2061 1552 sed
2086 1530 2168 1562 pars
2193 1523 2246 1551 est

1257 1572 1362 1616 legis,
1390 1572 1478 1606 sicut
1501 1573 1555 1605 lex
1579 1579 1747 1611 naturae,
1774 1584 1864 1616 quae
1888 1572 1930 1604 dc
1952 1570 2136 1614 disciplina
2161 1580 2245 1601 con-

1259 1625 1440 1663 cionatur,
1482 1630 1515 1656 et
1539 1623 1628 1657 sicut
1650 1623 1762 1665 legem
1787 1629 1955 1659 naturae,
1997 1628 2057 1654 aut
2081 1619 2246 1653 honestas

1258 1676 1349 1718 leges
1368 1675 1600 1719 imperiorum
1620 1687 1660 1707 ex
1677 1674 1736 1706 illa
1757 1680 1869 1714 ortas,
1898 1673 2041 1712 audire,
2068 1670 2245 1716 amplecti,

1259 1726 1431 1771 probare,
1459 1731 1493 1759 et
1507 1726 1555 1759 eis
1572 1726 1623 1758 uti
1642 1725 1677 1758 in
1693 1726 1845 1768 regenda
1871 1724 2053 1768 disciplina
2076 1721 2245 1756 Christia-

1260 1790 1325 1811 nus
1342 1783 1435 1810 recte
1455 1783 1584 1821 potest:
1613 1777 1659 1809 ita
1681 1788 1802 1809 verani
1826 1773 2088 1819 philosophiam
2113 1773 2245 1818 ample-

1261 1829 1307 1862 cti
1324 1834 1357 1861 et
1372 1829 1545 1872 probare,
1572 1833 1605 1860 et
1631 1840 1669 1859 ea
1690 1827 1741 1860 uti
1761 1833 1853 1859 recte
1872 1833 1997 1871 potest.
2049 1824 2124 1858 Imo
2143 1825 2245 1857 valde

1261 1880 1451 1913 dolendum
1471 1886 1540 1920 est,
1567 1884 1806 1922 contemptum
1826 1878 2029 1922 disciplinae
2048 1876 2166 1909 multis
2183 1875 2246 1908 sal-

1261 1930 1405 1965 sissimis
1423 1930 1709 1976 persuasionibus
1724 1929 1947 1969 confirmari,
1976 1934 2122 1973 propter
2139 1939 2244 1973 quem

1261 1982 1410 2027 publicis
1435 1989 1469 2016 et
1492 1981 1640 2027 privatis
1659 1980 1917 2014 calamitatibus
1938 1978 2156 2013 horribiliter
2173 1979 2246 2024 ple-

1263 2034 1402 2067 ctimur.

1365 2084 1454 2118 Cum
1472 2089 1589 2116 antem
1606 2082 1832 2115 manifestum
1851 2082 1895 2116 sit
1909 2082 2020 2126 legem
2031 2082 2096 2115 Dei
2114 2081 2245 2115 bonam

1263 2148 1356 2175 esse,
1385 2142 1424 2168 ut
1440 2135 1572 2168 Paulus
1596 2134 1719 2180 (Rom.
1738 2133 1772 2173 7,
1791 2134 1848 2168 12.
1871 2134 1946 2180 16.)
1974 2134 2110 2179 inquit,
2138 2139 2171 2166 et
2193 2133 2246 2165 di-

1263 2187 1446 2231 sciplinam
1465 2186 1682 2220 severissime
1699 2197 1717 2217 a
1736 2184 1811 2217 Deo
1829 2185 2004 2230 praecipi,
2031 2183 2191 2231 sequitur
2213 2190 2247 2218 et

1263 2236 1329 2271 hoc
1346 2238 1571 2271 manifestum
1598 2249 1688 2276 esse,
1716 2248 1817 2270 veras
1839 2234 2084 2281 philosophiae
2107 2242 2246 2270 senten-

1264 2290 1328 2323 tias
1361 2290 1622 2334 amplectendas
1654 2294 1688 2321 et
1717 2288 1919 2333 probandas
1951 2300 2042 2328 esse,
2086 2294 2120 2321 et
2146 2284 2247 2321 Chri-

1297 2406 1326 2438 2)
1347 2408 1402 2430 Lex
1422 2405 1534 2430 moralis
1555 2406 1597 2429 est
1618 2406 1732 2429 aeterna
1808 2406 1920 2435 propter
1943 2404 2026 2428 fitium
2045 2405 2246 2434 Mediatorem]

1332 2442 1372 2465 sic
1390 2441 1456 2464 Edd.
1479 2441 1568 2467 554.
1591 2441 1664 2464 1557.
1684 2442 1710 2463 et
1732 2440 1820 2469 1560.
1840 2440 1889 2462 Ed.
1908 2440 1994 2464 1550.:
2015 2441 2069 2462 hex
2086 2442 2127 2463 est
2142 2440 2246 2463 doctri-

1331 2482 1382 2503 na,
1414 2481 1492 2505 quain
1519 2476 1590 2497 Deus
1616 2475 1643 2498 in
1668 2475 1806 2498 creatione
1836 2474 1958 2497 humanis
1984 2474 2116 2497 mentibus
2141 2473 2246 2505 indidit,

1332 2511 1447 2538 dot-ens,
1474 2510 1567 2539 quates
1592 2515 1641 2532 nos
1662 2515 1725 2532 esse
1744 2510 1886 2538 oporteat,
1907 2510 1932 2531 et
1952 2514 2020 2537 quae
2038 2509 2162 2532 facienda
2181 2509 2246 2538 sint,

1332 2547 1358 2568 et
1382 2550 1450 2574 quae
1469 2550 1521 2567 non
1543 2544 1664 2567 facienda
1681 2544 1751 2573 sint,
1775 2542 1946 2572 praecipiens
1965 2542 2099 2569 integram
2118 2543 2248 2566 obedien-

1331 2580 1411 2608 tiam,
1445 2584 1493 2607 pro
1513 2584 1565 2608 qua
1585 2580 1611 2601 et
1629 2578 1748 2607 praemia
1766 2577 1915 2607 promittit,
1940 2578 1966 2600 et
1991 2577 2154 2600 denuntians
2179 2577 2247 2600 iram

1332 2614 1398 2638 nei,
1423 2614 1450 2636 et
1468 2619 1570 2642 poenas
1595 2612 1758 2635 violantibus
1779 2612 1884 2641 legem,
1908 2614 2004 2641 estque
2029 2617 2134 2636 summa
2156 2611 2247 2642 legum

1331 2648 1472 2671 muralium
1491 2648 1607 2670 recitata
1625 2647 1651 2670 in
1670 2646 1808 2675 decalogo.

1297 2691 1328 2719 3)
1348 2692 1388 2719 et]
1408 2691 1449 2714 sic
1467 2690 1534 2714 Edd.
1558 2689 1631 2713 1557.
1650 2691 1677 2712 et
1697 2689 1787 2717 1560.
1803 2688 1831 2712 in
1849 2689 2006 2713 Edd.1550.
2022 2690 2049 2713 et
2067 2688 2140 2712 1554.
2161 2687 2248 2713 deest.

1299 2736 1330 2763 4)
1346 2735 1428 2763 Dum]
1448 2733 1488 2758 sic
1505 2732 1572 2758 Edd.
1593 2733 1684 2763 1554
1707 2731 1781 2756 1557.
1801 2733 1828 2756 et
1848 2732 1923 2756 1560.
1965 2732 2015 2756 Ed.
2035 2732 2109 2756 155.
2130 2731 2203 2756 Cum.
