2347 3000
247 120 321 156 423

246 205 380 240 iunctio
398 204 507 239 maris
529 210 563 239 et
585 204 773 239 foeminae.
831 201 916 235 Inde
940 207 1111 248 tanquam
1137 203 1232 237 colo—

246 258 345 291 niam
361 269 402 290 ex
418 256 578 297 familiis,
607 256 784 289 civitatem
800 252 953 287 deducit.

350 308 488 341 Deinde
507 307 639 349 colligit
654 306 830 345 rationes,
858 304 955 349 quod
970 301 1078 337 homo
1102 311 1229 338 natura

248 360 293 392 ad
309 359 512 392 societatem
531 360 697 397 ducatur,
724 368 798 388 non
813 361 950 388 tantum
966 355 1127 389 utilitatis
1153 368 1231 399 gra-

248 410 310 444 tia.
370 410 435 442 llic
457 410 554 442 locus
584 420 695 452 paene
727 407 851 439 iisdem
878 406 994 439 verbis
1020 413 1113 440 extat
1136 408 1230 451 apud

251 461 455 493 Ciceronem
477 456 662 504 inosficff)
690 457 797 491 Ratio
815 457 966 491 sumitur
982 469 1001 490 a
1020 457 1132 500 signo,
1148 459 1231 503 quia

246 509 386 545 homini
401 523 516 545 sermo
542 510 644 542 datus
668 515 736 549 est,
771 509 868 542 cuius
890 521 973 543 usus
995 521 1068 541 non
1093 516 1142 543 est
1164 509 1232 543 nisi

246 563 285 595 in
314 563 491 595 societate.
555 560 691 594 Natura
725 566 842 593 autem
870 558 960 593 nihil
988 560 1070 593 facit
1100 561 1230 594 srustra

247 610 411 656 οὐδένω)
433 610 526 659 γὰρ,
555 608 605 649 ὡς
628 607 772 658 φαμὲν,
799 608 922 656 μάτην
948 608 969 656 ἡ
995 608 1106 657 φύσις
1128 613 1231 648 ποιεῖ.

247 662 411 708 Additu)
429 662 629 695 encomium
645 662 820 695 societatis
837 662 965 695 cirilis:
995 661 1014 696 ὁ
1031 660 1071 696 δὲ
1088 665 1233 708 πρῶτος

247 710 432 758 συστήσας
453 710 640 760 μεγίστων
658 712 819 761 ἀγαθῶν
840 713 964 751 αἴτιος.
1017 711 1133 759 ὥςπερ
1157 711 1232 760 γὰρ

245 763 309 799 καὶ
343 761 525 799 τελεωθὲν
559 763 751 808 βέλτιστον
784 766 861 798 τῶν
896 761 1004 810 ζῴων
1031 761 1234 810 ἄνθρωπός

248 816 366 859 ἐστιν,
392 813 490 850 οὕτω
508 813 571 849 καὶ
583 812 774 859 χωρισθὲν
788 811 908 859 νόμου
924 812 986 848 καὶ
1003 812 1106 859 δίκης
1118 812 1232 861 χείρι-

248 877 337 900 στον
362 863 527 900 πάντων.
584 863 824 910 χαλεπωτάτη
851 863 925 912 γὰρ
948 863 1074 899 ἀδικία
1098 864 1233 910 ἔχουσα

247 915 360 952 ὅπλα
387 915 406 951 ὁ
424 914 458 951 ὃ
478 915 525 950 dit
530 916 680 962 Spumos-
702 914 796 950 ὅπλα
815 915 910 960 ἔχων
936 912 1068 962 φύεται
1092 928 1233 962 φροιη-

247 979 301 1002 σει
317 965 378 1001 καὶ
396 966 528 1027 c'tpsrfl,
555 970 609 1005 οἱς
622 965 677 1001 ἐπὶ
694 965 875 1001 τάναντια
890 966 963 1000 ἐστι
976 966 1164 1011 χρῆσθαι
1164 964 1233 1000 uc}-

246 1020 370 1052 λιστα
418 1015 476 1053 διὸ
508 1014 761 1052 ἀνοσιώτατον
789 1030 852 1052 και
881 1014 1114 1064 ἀγριώτατον
1145 1017 1234 1052 ἀνευ

248 1068 398 1114 ἀρετῆς,
436 1067 498 1102 καὶ
524 1067 613 1114 πρὸς
639 1066 842 1113 ἀφροδίσια
866 1067 928 1102 καὶ
953 1065 1097 1112 ἐδωδὴν
1118 1066 1233 1112 χείρι-

249 1131 350 1154 στον.
404 1117 426 1164 ἡ
452 1117 491 1154 δὲ
517 1116 733 1163 δικαιοσύνη
758 1116 965 1154 πολιτικόν·
1002 1115 1024 1163 ἡ
1049 1115 1124 1166 γὰρ
1149 1116 1232 1164 δίκη

246 1172 430 1216 πολιτικῆς
446 1182 526 1204 7011
530 1182 583 1204 w1
585 1167 642 1208 ίας
659 1168 758 1208 ταξις
777 1167 888 1204 ἐστίν.

695 1249 792 1298 11.¹⁵)

347 1319 459 1363 Saepe
489 1317 660 1351 admonui
685 1317 722 1350 in
746 1317 935 1351 Aristotele
960 1317 1147 1361 diligenter
1172 1317 1233 1350 ob—

243 1371 454 1405 servandam
466 1368 509 1414 16)
531 1381 603 1402 esse
620 1366 841 1402 methodum.
894 1368 1020 1402 Nullus
1044 1369 1137 1401 enim
1161 1381 1233 1401 rne-

244 1423 313 1456 lior
328 1428 379 1455 est
401 1421 526 1454 artifex
541 1417 720 1459 methodi,
756 1432 863 1464 quam
887 1419 1105 1453 Aristoteles.
1165 1418 1232 1452 Ita-

246 1485 314 1519 que
340 1473 395 1505 vel
421 1472 465 1504 ob
489 1469 580 1503 hanc
607 1471 719 1504 solam
745 1483 886 1503 causam
909 1471 977 1514 legi
997 1471 1167 1510 debebat,
1194 1477 1232 1503 ut

246 1525 290 1557 ab
304 1536 345 1556 eo
362 1535 580 1557 sumeremus
599 1522 757 1566 exempla
774 1519 946 1561 methodi,
973 1520 1040 1553 hoc
1057 1528 1119 1561 est,
1139 1521 1230 1554 iusto

246 1575 371 1608 ordine
391 1573 541 1607 docendi
559 1573 705 1617 aliquid.
761 1572 808 1605 Ut
825 1579 942 1605 autem
961 1572 1050 1606 aliae
1069 1578 1161 1605 artes
1180 1572 1231 1604 in-

245 1626 381 1671 cipiunt
409 1637 429 1658 a
465 1624 676 1670 quibusdam
714 1623 1011 1657 communissimis
1049 1623 1231 1667 principiis

242 1684 372 1711 natura
389 1675 501 1715 notis,
530 1675 648 1720 qualia
673 1681 755 1707 sunt
779 1675 873 1718 apud
897 1680 1105 1718 geometras.
1160 1674 1231 1706 To-

244 1735 319 1762 tum
337 1733 388 1760 est
406 1738 467 1760 sua
485 1733 585 1770 parte
604 1725 728 1759 maius.
783 1726 882 1770 Quae
899 1725 1003 1758 alicui
1023 1725 1126 1757 tertio
1150 1731 1231 1758 sunt

244 1777 425 1824 aequalia,
453 1777 546 1809 inter
569 1788 603 1809 se
626 1783 708 1810 sunt
726 1776 898 1821 aequalia.
958 1776 1013 1808 Ad
1038 1774 1132 1808 hunc
1156 1789 1230 1808 mo-

243 1831 329 1864 dum
347 1835 381 1862 et
396 1826 483 1861 haec
499 1840 556 1861 ars
571 1840 632 1861 sua
651 1825 757 1860 habet
772 1826 960 1872 principia,
988 1838 1006 1859 a
1026 1833 1153 1860 natura
1171 1840 1231 1860 scu

243 1882 312 1914 fine
329 1878 485 1914 hominis
502 1884 654 1922 sumpta.

345 1931 464 1964 Homo
482 1936 533 1963 est
551 1930 595 1962 ad
614 1929 816 1963 societatem
832 1934 959 1961 natura
981 1928 1154 1962 conditus.

344 1982 468 2015 Prima
489 1980 637 2015 societas
661 1987 712 2014 est
724 1980 880 2024 legitima
901 1979 1103 2013 coniunctio
1122 1979 1230 2012 maris

245 2040 279 2068 et
296 2033 484 2067 foeminae.

344 2085 449 2119 Nunc
467 2082 590 2116 attexit
608 2082 676 2114 alia
691 2080 878 2125 principia.

343 2135 397 2168 Ex
419 2134 535 2179 prima
559 2133 726 2167 societate
762 2133 888 2164 domus
921 2131 1054 2171 oritur,

245 2193 327 2221 sunt
341 2192 506 2230 parentes
519 2211 527 2224 ‚
552 2184 675 2223 liberi,
700 2184 802 2216 servi.

343 2236 384 2270 In
401 2236 566 2270 societate
587 2235 781 2268 multorum
798 2244 937 2267 necesse
956 2238 1006 2266 est
1026 2232 1113 2267 alios
1128 2245 1229 2277 prae—

242 2300 334 2328 esse,
362 2288 449 2322 alios
464 2298 600 2331 parere.

1092 2131 1129 2163 in
1160 2143 1227 2176 qua

280 2389 313 2417 ss)
333 2388 388 2412 Cic.
407 2388 440 2411 de
458 2387 529 2411 offic.
549 2387 567 2410 l.
582 2386 603 2410 1.
621 2391 644 2410 e.
657 2384 682 2408 7.
702 2383 784 2413 §.22

280 2432 326 2457 13)
348 2427 439 2460 οὐδὲν]
457 2430 496 2453 sie
515 2429 630 2453 Aristot.
650 2427 730 2451 Pont.
751 2427 770 2450 l.
784 2426 803 2449 1.
823 2432 847 2450 c.
864 2425 888 2449 1.
914 2424 939 2454 S.
957 2424 1012 2454 10.;
1048 2423 1132 2448 Editt.
1152 2423 1230 2447 huius

312 2464 496 2488 commentarii
516 2462 586 2488 οὔτε

280 2506 325 2537 14)
345 2507 430 2530 Arist.
451 2506 529 2530 Polit
557 2504 697 2529 1.1.c.1
724 2502 750 2531 S.
767 2502 806 2525 12.
832 2501 903 2525 Edit.
921 2501 958 2524 10
979 2500 1062 2523 Gotu.
1082 2500 1229 2524 schneider

313 2540 456 2570 [hrain-ms
475 2540 565 2563 adv.¹
580 2539 654 2562 1809.
673 2538 714 2566 8.]
733 2538 760 2560 et
777 2536 848 2559 Edit.
868 2535 918 2559 Ad.
938 2535 1028 2558 stamar
1048 2535 1136 2564 [Lips
1156 2535 1228 2558 1539.

310 2576 350 2603 4.]
376 2576 413 2602 (ι.
428 2574 452 2596 2
473 2574 543 2596 Edit.
567 2572 728 2596 Academiae
753 2571 846 2601 regiae
870 2571 982 2594 Bor.uss
1012 2576 1044 2593 ex
1067 2569 1229 2593 recensione

312 2610 423 2632 Imman.
443 2606 585 2636 Bekkeri).

279 2650 325 2678 15)
344 2650 391 2678 IL]
412 2648 450 2671 sic
471 2648 496 2671 in
516 2649 588 2672 Edit.
606 2649 696 2677 1530.;
721 2647 749 2670 in
768 2646 851 2670 Editt.
869 2645 942 2669 1535.
961 2646 987 2669 et
1006 2644 1087 2668 Basil.
1107 2644 1192 2668 deest.

278 2692 324 2719 16)
343 2690 558 2719 observandam]
577 2689 615 2714 sic
633 2691 707 2714 reete
720 2688 804 2713 Editt.
821 2687 893 2712 1530.
907 2688 934 2710 et
947 2687 1047 2718 Basil.;
1066 2686 1137 2712 Edit.
1153 2686 1227 2711 15³5.

310 2724 520 2751 observandum.

516 117 717 153 SCRIPTA
742 116 818 153 PH.
844 116 956 152 MEL.
983 116 1049 151 AD
1074 115 1286 153 ETHICEN
1312 117 1378 152 ET
1402 117 1658 156 POLITICEN
1685 120 1993 159 SPECTANTIA.

2187 124 2261 161 424

1385 203 1432 238 Et
1446 205 1579 250 colligit
1596 218 1718 241 causas
1731 208 1910 243 servitutis
1927 214 1961 242 et
1975 207 2116 252 imperii
2138 220 2179 242 ex
2203 221 2265 243 na-

1283 259 1375 289 tura.
1419 255 1554 290 Natura
1572 257 1665 291 enim
1685 259 1968 304 imprudentiora
1984 266 2018 292 et
2034 259 2265 293 imbecilliora

1283 312 1409 350 parent
1424 308 1713 351 prudentioribus
1728 317 1761 343 et
1776 311 2001 350 fortioribus,
2034 310 2117 355 quia
2135 308 2267 343 habent

1284 370 1372 401 opus
1395 358 1510 391 alieno
1538 360 1662 400 ductu,
1698 362 1865 402 consilio,
1899 361 2115 395 defensione.
2180 360 2265 394 Eius

1283 408 1334 440 rei
1351 408 1490 451 signum
1508 410 1609 443 affert
1626 423 1666 443 ex
1683 409 1836 446 hominis
1852 413 2022 457 partibus.
2068 411 2106 445 In
2122 409 2267 445 homine

1284 459 1373 492 aliae
1391 466 1507 503 partes
1523 461 1732 495 naturaliter
1748 464 1924 504 serviunt,
1951 463 2041 496 aliae
2059 462 2269 496 naturaliter

1284 517 1453 554 praesunt
1471 524 1510 544 ac
1527 512 1777 554 dominantur,
1804 514 1965 547 similiter
1989 514 2095 557 igitur
2117 514 2153 546 in
2177 513 2268 546 inul-

1286 562 1453 602 titudine,
1481 562 1729 606 prudentiores
1744 571 1869 598 natura
1888 578 2048 610 pracesse
2066 565 2206 604 debent,
2234 569 2269 596 et

1285 613 1584 658 imprudentiores
1603 614 1758 649 obedire.

1386 664 1501 709 Quem
1525 677 1598 697 non
1622 666 1770 699 delectet
1790 663 1858 699 hoc
1881 665 1959 698 loco
1983 678 2152 704 acumen,
2188 676 2267 697 cum

1285 720 1356 747 tam
1378 722 1457 759 apte
1472 715 1514 761 ¹⁷)
1533 728 1573 748 ex
1595 714 1750 750 hominis
1774 717 1933 761 partibus
1957 717 2070 750 sontes
2091 722 2125 749 et
2147 726 2268 748 causas

1285 765 1426 810 imperii
1451 774 1484 800 et
1506 767 1684 802 servitutis
1707 768 1799 801 inter
1822 765 1983 801 homines
2007 767 2159 811 colligit,
2189 777 2269 798 cum

1285 815 1374 850 nihil
1408 818 1505 861 prius
1538 816 1664 858 habet,
1713 825 1902 864 postquam
1938 819 2114 852 societatis
2149 828 2270 850 causas

1287 869 1456 908 ostendit,
1486 882 1593 914 quam
1609 876 1647 903 ut
1663 871 1705 903 de
1724 871 1874 914 imperio
1898 870 2011 910 dicat,
2037 876 2077 902 ut
2100 867 2270 912 significet

1286 920 1487 953 societatem
1520 921 1653 953 nnllam
1686 922 1832 955 existere
1860 933 1983 965 posse,
2022 920 2090 954 nisi
2118 918 2269 963 imperio

1287 971 1522 1005 contineatur.
1580 972 1629 1004 Ut
1655 972 1762 1015 igitur
1786 972 1977 1016 impressae
2001 977 2084 1004 sunt
2106 970 2143 1002 in
2167 976 2270 1004 natu-

1285 1034 1363 1054 ram
1392 1035 1535 1061 eausae,
1580 1035 1670 1067 quae
1700 1036 1766 1056 nos
1793 1025 1836 1055 ad
1859 1024 2061 1056 societatem
2085 1021 2268 1054 colendam

1286 1074 1436 1112 ducunt,
1469 1072 1517 1104 ita
1540 1073 1691 1106 sciamus
1714 1073 1820 1105 etiam
1845 1072 2032 1116 impressas
2053 1084 2125 1105 esse
2149 1083 2271 1106 causas

1285 1130 1434 1156 naturae
1464 1121 1639 1163 hominis,
1681 1135 1772 1168 quae
1802 1135 1867 1156 nos
1897 1124 2029 1156 ducant
2054 1124 2098 1155 ad
2121 1122 2269 1167 imperia

1286 1174 1551 1214 constituenda,
1580 1174 1671 1206 etad
1689 1175 1887 1218 parendum
1903 1173 2177 1217 magistratibuS.
2209 1173 2272 1207 At-

1286 1238 1354 1271 que
1377 1223 1445 1258 hoc
1468 1230 1518 1258 est
1539 1222 1745 1269 philosophi
1762 1225 1935 1266 officitim,
1963 1225 2050 1258 tales
2071 1224 2182 1268 leges,
2209 1236 2271 1258 seu

1287 1288 1491 1309 communes
1512 1275 1704 1309 sententias
1725 1277 1764 1310 in
1786 1283 1915 1309 natura
1938 1276 2084 1321 scriptas
2110 1275 2271 1309 animad-

1285 1334 1423 1360 vertere
1459 1326 1710 1373 etssexplicare.
1781 1325 1957 1361 Rhetores
1995 1333 2124 1360 vocant
2154 1324 2268 1361 theses

1285 1377 1502 1418 huiusmodi,
1519 1390 1724 1412 communes
1741 1378 1945 1419 sententias,
1963 1378 2045 1424 quia
2063 1375 2118 1412 his
2135 1377 2271 1422 positis,

1285 1429 1353 1463 alia
1377 1429 1488 1462 multa
1513 1436 1785 1474 consequantur.
1851 1430 2052 1464 Nascuntur
2079 1429 2198 1474 itaque
2230 1440 2271 1462 ex

1285 1479 1339 1515 his
1369 1479 1524 1513 thesibus
1554 1486 1675 1524 postea
1705 1481 1783 1514 iura
1808 1481 1943 1521 civilia,
1977 1492 2067 1526 quae
2090 1486 2172 1513 sunt
2193 1486 2271 1513 tan-

1285 1544 1392 1578 quam
1423 1529 1636 1576 hypotheses
1658 1529 1786 1565 harum
1811 1532 2054 1565 communium
2079 1531 2270 1565 sententia-

1284 1596 1376 1616 rum.
1428 1582 1583 1616 Societas
1602 1582 1712 1616 civilis
1728 1589 1779 1617 est
1795 1584 1960 1617 colenda:
1994 1582 2142 1616 societas
2159 1581 2270 1615 civilis

1283 1646 1357 1666 non
1375 1639 1491 1676 potest
1507 1633 1580 1666 sine
1598 1633 1747 1676 imperio
1765 1634 1923 1668 retineri.
1975 1633 2066 1665 Hinc
2079 1639 2161 1667 sunt
2177 1633 2269 1676 leges

1283 1685 1373 1717 latae
1391 1685 1433 1716 de
1451 1684 1485 1715 vi
1506 1683 1663 1727 publica,
1691 1685 1733 1717 de
1755 1683 1808 1718 his
1828 1684 1889 1730 qui
1914 1684 2059 1718 laedunt.
2080 1683 2270 1717 auctorita-

1284 1742 1354 1768 tem
1372 1735 1644 1777 magistratuum
1665 1741 1728 1769 etc.

1384 1785 1528 1818 Interim
1559 1785 1788 1819 meminerint
1818 1783 2017 1819 scholastici
2050 1784 2086 1817 id
2115 1784 2212 1830 quod
2234 1790 2270 1818 ct

1284 1837 1320 1869 in
1331 1835 1465 1870 Ethicis
1484 1837 1575 1876 dixi,
1602 1837 1655 1870 ius
1671 1844 1819 1870 naturae
1836 1849 1918 1870 vere
1935 1849 2007 1871 esse
2023 1836 2077 1869 ius
2095 1836 2268 1870 divinum.

1284 1888 1417 1922 Omnes
1433 1888 1541 1930 igitur
1557 1888 1752 1920 sententiae
1778 1888 1819 1920 de
1845 1887 1940 1921 civili
1963 1887 2147 1927 societate,
2177 1899 2267 1932 quae

1283 1940 1375 1972 bona
1398 1946 1431 1972 et
1446 1940 1547 1971 firma
1564 1939 1814 1984 consequentia
1834 1939 2047 1983 colliguntur
2063 1950 2103 1971 ex
2125 1944 2267 1978 natura,

1283 2003 1347 2034 pro
1375 1990 1504 2023 divinis
1530 1989 1664 2033 legibus
1687 1996 1790 2023 erunt
1813 1988 1995 2023 habendae
2019 1995 2124 2035 atque
2152 1989 2269 2022 colen·

1283 2043 1359 2075 dae.
1404 2041 1476 2075 Nec
1493 2041 1579 2074 levis
1597 2048 1647 2074 est
1661 2040 1852 2075 auctoritas
1868 2041 1991 2075 talium
2010 2040 2266 2074 sententiarum

1283 2093 1453 2126 ducenda.
1489 2092 1537 2124 Ut
1552 2092 1645 2125 enim
1665 2093 1774 2126 oculis
1790 2092 1959 2126 divinitus
1975 2091 2137 2126 mirabile
2156 2092 2268 2137 quod-

1283 2145 1363 2177 dam
1380 2145 1500 2177 lumen
1520 2143 1691 2177 donatum
1715 2150 1767 2177 est
1789 2144 1834 2176 ad
1857 2144 2069 2182 videndum,
2099 2142 2147 2175 ita
2171 2142 2263 2175 ratio

1282 2195 1451 2228 divinitus
1469 2193 1576 2227 habet
1591 2195 1712 2228 lumen
1729 2196 1908 2240 quoddam
1928 2197 1971 2228 ad
1988 2193 2193 2228 iudicandas
2209 2205 2264 2227 res

1283 2248 1327 2279 ad
1353 2246 1575 2291 corporalem
1599 2246 1707 2279 vitam
1737 2246 1961 2280 necessarias.
2027 2245 2150 2290 Neque
2179 2256 2264 2278 vero

1282 2304 1470 2342 propterea
1507 2296 1668 2330 omnium
1701 2295 1996 2342 philosophorum
2027 2295 2164 2330 somnia
2197 2307 2264 2339 pro

1283 2349 1433 2382 oraculis
1455 2346 1617 2381 habenda
1639 2355 1739 2388 sunt,
1779 2349 1838 2382 sed
1864 2348 2015 2380 delectus
2044 2344 2265 2382 adhibendus

1282 2407 1350 2440 est,
1387 2411 1478 2445 quae
1503 2399 1697 2433 sententiae
1721 2405 1812 2432 certa
1837 2399 1880 2432 de
1902 2410 2004 2432 causa
2030 2398 2264 2439 affirmentur,

1282 2463 1371 2496 quae
1389 2451 1464 2484 sine
1475 2449 1959 2484 demonstrationedicantur.
1989 2449 2081 2482 Tota
2097 2461 2152 2483 res
2167 2449 2262 2482 enim

1282 2504 1323 2534 ad
1344 2502 1559 2535 dialecticam
1580 2507 1612 2534 et
1635 2500 1953 2534 demonstrationes
1977 2501 2175 2534 revocanda
2201 2506 2263 2536 est.

1282 2552 1362 2585 lllae
1392 2559 1530 2585 tantum
1556 2552 1649 2585 inter
1670 2553 1760 2595 leges
1785 2557 1932 2584 naturae
1954 2552 2136 2585 numerari
2159 2551 2262 2584 debe-

1280 2604 1386 2644 bunt,
1414 2616 1504 2650 quae
1519 2603 1555 2636 in
1572 2603 1872 2636 demonstratione
1890 2600 2090 2637 cohaerent.
2148 2601 2261 2635 Multa

1316 2721 1360 2750 17]
1379 2723 1456 2752 apte]
1476 2720 1516 2746 sie
1533 2720 1615 2746 Editt.
1630 2721 1705 2746 ¹530.
1725 2722 1751 2745 ct
1769 2719 1868 2753 Basit.;
1886 2720 1958 2746 Edit.
1976 2720 2050 2745 1535.
2068 2721 2141 2752 apta.
