2347 3000
236 795 377 840 XVII.
452 795 553 838 PH.
592 793 750 838 MEL.
784 792 1097 839 SCHOLIA
1134 789 1205 833 1N
1244 789 1624 836 CICERONIS
1663 786 2087 835 ORATIONEM
2123 785 2252 829 PRO

943 875 1130 920 REGE
1178 874 1554 918 DEIOTARO.

236 1007 348 1063 Haec
379 1031 488 1060 scholia
521 1036 633 1061 tantum
665 1030 696 1058 in
730 1028 946 1058 enai-rationum
978 1028 1009 1056 in
1042 1026 1212 1056 selectiores
1244 1027 1393 1056 Ciceronis
1426 1024 1571 1053 orationes
1604 1033 1622 1053 a
1654 1023 1760 1064 steph.
1794 1024 1892 1054 Riccio
1926 1025 2072 1054 editarum
2103 1024 2195 1053 Tomo
2227 1022 2253 1053 1.

239 1075 371 1114 (Lipsiae
395 1074 491 1106 1568.
513 1073 558 1115 8.)
580 1081 669 1112 supra
690 1081 721 1111 p.
742 1069 939 1102 893—896.
962 1070 1110 1108 descripto
1133 1069 1284 1108 leguntur.

348 1267 407 1304 IN
441 1264 802 1305 ORATIONEM
834 1262 1160 1302 CICERONIS
1193 1260 1307 1298 PRO
1341 1259 1499 1297 REGE
1532 1257 1852 1298 DEIOTARO
1886 1258 2153 1296 SCHOLIA

894 1341 1130 1372 PHILIPPI
1166 1335 1618 1378 MELANTHONISO.

242 1433 346 1488 Post
368 1454 498 1487 bellum
524 1453 625 1487 civile
650 1450 771 1486 habita
797 1459 849 1485 est
865 1449 951 1485 haec
969 1451 1098 1490 oratio,
1127 1449 1224 1483 cuius

241 1518 350 1551 genus
374 1512 425 1538 est
449 1505 624 1539 iudiciale.
676 1504 792 1536 Habet
815 1504 909 1536 enim
933 1501 1019 1535 haec
1045 1513 1148 1535 causa
1170 1512 1225 1533 ac—

242 1556 460 1591 cusationem
492 1568 573 1590 cum
604 1555 820 1589 defensione.
899 1553 1092 1588 Accusatus
1131 1551 1225 1585 enim

241 1609 432 1641 Deiotarus
455 1619 473 1639 a
500 1605 681 1651 Phidippo
698 1607 749 1651 2),
784 1606 880 1650 quod
904 1611 1051 1650 propter
1080 1603 1226 1637 insidias

244 1660 282 1693 C.
306 1660 492 1693 Caesarem
517 1670 643 1691 necare
665 1655 853 1696 voluisset,
887 1654 954 1688 hac
983 1654 1121 1699 egregia
1147 1665 1227 1687 ora-

243 1712 339 1744 tione
365 1711 458 1753 apud
485 1709 600 1753 ipsum
623 1709 811 1742 Caesarem
834 1720 853 1740 a
878 1706 1047 1740 CIcerone
1070 1704 1227 1739 defendi-

243 1769 312 1796 tur.
366 1761 483 1794 Status
510 1766 560 1793 est
583 1758 842 1793 coniecturalis.

345 1812 430 1856 Cap.
454 1810 478 1845 l.
507 1809 655 1858 §.1.3).
691 1811 799 1852 Quam
831 1812 866 1843 in
893 1807 1059 1852 omnibns]
1089 1805 1227 1849 Propo-

243 1864 323 1897 sitio
356 1862 491 1896 exordii
522 1869 573 1896 est
603 1860 899 1895 commemoratio
929 1858 1063 1892 doloris
1091 1863 1125 1890 et
1150 1868 1228 1901 pcr-

246 1914 480 1954 turbationis,
526 1913 598 1946 imo
630 1920 681 1947 est
710 1912 853 1958 querela
885 1910 1152 1948 dffficultatum,
1195 1913 1229 1940 et

244 1966 432 2011 praecipue
458 1964 678 2007 indignitatis
700 1962 804 1997 huius
828 1975 972 2002 causae,
1001 1960 1099 2006 quasi
1117 1959 1228 1992 dicat:

244 2018 339 2062 Quid
364 2023 414 2050 est
435 2016 631 2056 crudelius,
660 2028 767 2061 quam
791 2014 947 2047 accusari
971 2025 989 2045 a
1015 2017 1161 2055 nepote,
1197 2015 1230 2042 et

246 2068 453 2113 praesertim
482 2079 544 2111 per
562 2066 730 2100 servum?
782 2065 833 2098 Ita
851 2065 1034 2109 deplorat,
1063 2062 1159 2107 quod
1178 2061 1230 2093 in-

245 2121 391 2164 dignum
415 2118 458 2152 sit
482 2130 599 2162 regem
625 2116 781 2151 accusari
809 2129 826 2148 a
851 2121 1000 2160 nepote,
1028 2120 1062 2147 et
1084 2126 1101 2145 a
1126 2125 1229 2146 servo

246 2184 321 2205 suo.
376 2169 501 2208 ἄλλως.
542 2169 590 2202 M.
609 2168 747 2202 Tullius
766 2167 801 2200 in
817 2165 922 2201 liuius
940 2164 1113 2198 orationis
1131 2175 1231 2196 exor-

247 2223 305 2254 dio
329 2221 514 2255 Caesarem
541 2219 608 2254 sibi
634 2219 903 2258 conciliaturus,
937 2216 1037 2260 fingit
1067 2228 1102 2249 se
1134 2215 1230 2247 varie

247 2273 404 2313 turbari,
433 2272 526 2317 quod
552 2269 712 2305 rhetores
739 2270 882 2303 interim
906 2268 1105 2301 faciendum
1131 2278 1232 2310 prae-

249 2325 383 2369 cipiunt
408 2322 510 2368 (teste
539 2322 624 2356 Fab.
649 2323 709 2356 lib.
733 2321 837 2366 4.”’))
869 2326 908 2353 ut
939 2319 1003 2353 sibi
1027 2318 1162 2351 aditum
1188 2317 1232 2349 ad

248 2388 351 2410 aures
377 2373 501 2408 iudicis
525 2373 649 2413 saciat,
676 2372 974 2416 autoritatemque
1001 2370 1125 2402 induat
1149 2380 1232 2401 vera

288 2502 317 2530 1)
336 2501 408 2524 Haec
427 2499 529 2523 scholia
549 2498 574 2522 in
595 2498 642 2523 illa
654 2499 781 2522 Editione
794 2496 930 2527 Lipsiensi
948 2496 986 2520 sic
1005 2495 1139 2524 inscripta
1157 2495 1235 2517 sunt:

321 2534 429 2558 scholia
448 2533 561 2563 Philippi
582 2532 795 2557 Melanclithonis
814 2533 841 2555 in
861 2532 1013 2555 orationem
1027 2529 1166 2553 Ciceronis
1188 2534 1235 2557 pro

322 2575 387 2597 rege
402 2568 542 2594 Deiotaro.
562 2568 688 2597 privatim
707 2574 739 2590 ex
755 2573 803 2590 ore
817 2566 1002 2597 praelegentis
1017 2566 1138 2594 excepta,
1163 2563 1235 2588 1533.

286 2611 316 2638 2)
338 2609 484 2638 Phidippus
504 2609 639 2635 incdit-us.
660 2615 761 2632 servus
780 2607 912 2631 Deiotari.

286 2654 318 2680 3)
337 2652 433 2682 Capita
451 2653 478 2674 et
498 2653 686 2682 pa1·aj.·,i·aplios
706 2651 852 2675 secundum
877 2650 926 2674 Ed.
947 2649 1032 2673 oren.
1052 2648 1193 2676 adscripsi.

289 2698 318 2725 i)
338 2696 402 2720 Fui).
418 2694 530 2725 Quinta.
546 2695 630 2721 msm.
647 2696 723 2720 orat.
740 2693 788 2725 iv,
810 2694 830 2718 ι.
852 2692 895 2716 ani
914 2692 946 2716 110
960 2690 1099 2723 prooemio
1115 2690 1238 2714 disserit.
1263 2677 1266 2715 l

1278 1447 1474 1482 sentientis.
1526 1447 1618 1482 Nam
1642 1446 1768 1480 fiducia
1792 1446 1898 1481 etiam
1923 1446 1959 1480 in
1984 1459 2111 1491 genere
2139 1459 2262 1482 causae

1279 1497 1506 1532 indubitabili
1550 1511 1625 1532 non
1666 1498 1770 1531 debet
1810 1511 1846 1532 se
1896 1498 2049 1532 nimium
2091 1511 2265 1534 exercere.

1280 1551 1403 1595 Quum]
1437 1549 1568 1584 scilicet
1591 1549 1765 1596 quamvis.
1819 1549 1947 1594 Captat
1977 1550 2262 1583 benevolentiam

1279 1614 1299 1634 a
1329 1613 1392 1635 suo
1422 1607 1531 1635 metu.
1636 1599 1873 1645 Gravioribus]
1903 1601 2034 1635 scilicet
2058 1601 2264 1634 difficiliori-

1278 1653 1362 1692 bus,
1390 1651 1715 1696 periculosioribus.
1802 1653 2018 1697 commoveri]
2046 1652 2080 1685 id
2105 1659 2167 1693 cst,
2195 1659 2262 1685 ter-

1278 1702 1363 1743 reri,
1392 1703 1493 1737 affici.
1576 1703 1676 1746 Usus]
1703 1703 1739 1735 id
1760 1708 1823 1743 est,
1851 1703 2065 1737 exercitatio.
2145 1704 2264 1748 Aetas]

1280 1753 1410 1787 scilicet
1438 1753 1508 1786 iam
1542 1753 1722 1797 grandior.
1830 1755 1929 1798 Tum]
1965 1754 2097 1787 scilicet
2133 1761 2264 1789 tamen.

1280 1804 1370 1838 Vide
1394 1803 1533 1837 Vallum
1564 1804 1625 1839 lib.
1657 1807 1692 1839 2.
1725 1816 1800 1848 cap.
1835 1803 1895 1838 59.
1927 1811 1961 1837 et
1986 1805 2045 1839 76.
2062 1805 2106 1851 5).
2214 1809 2266 1848 ΓΙ,

1281 1857 1457 1902 qnantum]
1470 1855 1671 1899 Amplificat
1683 1867 1747 1899 per
1759 1855 2076 1899 comparationem.
2154 1857 2267 1901 Fides]

1282 1906 1412 1941 scilicet
1454 1906 1595 1940 fiducia.
1708 1906 1839 1951 Stadii]
1877 1907 1910 1938 id
1947 1914 2016 1948 est,
2050 1907 2265 1952 dlligentiae‚

1283 1969 1399 1991 curae.
1502 1957 1611 2001 Mihi]
1630 1956 1761 1990 scilicet
1779 1957 1909 2002 eloqui.
2012 1960 2178 2003 Salutem]
2201 1959 2266 1992 sci-

1282 2009 1363 2042 licet
1376 2008 1670 2042 incolumitatem.
1774 2009 1972 2052 facultatis]
1990 2009 2119 2043 scilicet
2135 2009 2264 2043 virium

1283 2059 1520 2105 eloquentiae.
1602 2059 1782 2104 Detrahat]
1812 2059 1844 2092 id
1870 2066 1932 2099 est,
1959 2061 2106 2095 auferat.
2184 2063 2267 2095 Pri-

1283 2124 1373 2146 mum
1395 2111 1484 2155 dico]
1511 2110 1747 2150 Distributio,
1774 2110 1875 2156 qnasi
1892 2111 2000 2144 dicat:
2027 2112 2188 2145 Primum
2205 2119 2267 2152 est,

1284 2163 1454 2196 miserum
1496 2174 1613 2205 regem
1656 2161 1777 2194 vocari
1825 2161 1862 2194 in
1911 2162 2080 2196 iudicium
2132 2163 2267 2207 capitis.

1284 2213 1423 2246 Deinde
1446 2213 1586 2246 crudele
1604 2219 1674 2252 est,
1701 2214 1794 2258 quod
1815 2220 1997 2247 accusetur
2011 2227 2028 2247 a
2049 2221 2176 2259 nepote
2192 2227 2268 2254 suo,

1286 2271 1319 2298 et
1346 2276 1409 2309 per
1438 2276 1578 2297 servum
1613 2275 1727 2297 suum.
1800 2263 1862 2297 Est
1894 2271 2063 2310 tanquam
2099 2266 2270 2305 narratio,

1286 2315 1427 2349 tametsi
1442 2315 1513 2349 sint
1528 2313 1804 2360 enthymemata.
1854 2314 1976 2349 Voluit
1991 2317 2138 2359 gradum
2155 2318 2268 2350 facere

1287 2368 1331 2400 ad
1354 2367 1459 2401 istum
1482 2367 1621 2406 locum,
1657 2367 1753 2412 quod
1781 2366 2022 2399 crudelitatem
2055 2367 2168 2401 voluit
2190 2370 2267 2401 red—

1288 2419 1370 2451 dere
1406 2417 1569 2452 invisam.
1678 2418 1848 2462 Primum]
1888 2417 2018 2451 scilicet
2047 2431 2103 2452 me
2137 2419 2266 2453 turbat.

1289 2471 1382 2511 Quod
1404 2468 1526 2513 ipsum]
1564 2467 1695 2502 scilicet
1726 2481 1791 2512 pro
1815 2480 1895 2513 rege
1918 2468 2045 2503 dicere.
2149 2471 2268 2514 Reyem

1288 2520 1425 2564 cupitis]
1453 2519 1484 2552 A
1508 2531 1671 2564 persona.

1326 2622 1432 2661 5)-cnp.
1451 2623 1492 2649 59.
1513 2626 1540 2649 et
1557 2626 1615 2653 76]
1641 2624 1679 2647 sic
1704 2625 1772 2647 male
1790 2624 1838 2647 Ed.
1861 2625 1933 2651 1568.
1959 2633 2007 2655 pro
2034 2631 2091 2654 vap.
2111 2626 2152 2650 2⁵2.
2173 2629 2197 2649 ct
2218 2628 2249 2649 »ιο
2263 2644 2269 2650 .

1361 2663 1387 2680 in
1415 2664 1526 2686 quorum
1551 2661 1644 2690 priore
1667 2659 1700 2681 de
1725 2665 1788 2682 cum
1815 2660 1840 2681 et
1865 2660 1941 2684 tum.
1967 2661 1992 2683 in
2017 2662 2105 2683 :utero
2125 2661 2157 2683 de
2175 2662 2269 2684 (alneu

1360 2690 1477 2722 aliisque
1498 2695 1606 2719 vocibus
1627 2692 1786 2724 quandoque
1804 2694 1837 2716 ub
1857 2694 1981 2719 oratione
1999 2694 2110 2719 abiectis
2129 2694 2234 2720 dicitur.
