2347 3000
283 144 325 176 91
554 137 754 174 SCRIPTA
779 137 854 172 PH.
880 135 992 172 MEL.

284 240 356 261 non
379 234 460 260 sunt
484 226 572 259 levia
593 226 770 259 ducenda:
799 230 920 257 errant
942 222 1067 267 igitur,
1096 220 1157 266 qui
1178 217 1269 252 nihil

284 285 441 318 mutant,
477 285 511 311 et
535 284 663 321 gerunt
684 290 718 311 se
745 276 900 316 medios,
927 287 1006 307 cum
1028 271 1085 305 hic
1110 269 1201 304 nihil
1224 270 1270 304 sit

287 330 460 369 medimn,
498 335 531 361 et
561 329 675 362 omnis
710 327 857 361 societas
881 338 920 358 ac
944 323 1165 357 familiaritas
1189 334 1269 356 cum

284 380 570 426 persecutoribus
596 379 757 424 displicet
782 378 877 416 Deo,
904 375 998 420 parit
1023 374 1209 415 scandala,
1236 379 1270 407 et

286 432 433 465 accersit
459 444 603 475 poenas.

386 482 532 527 Septim:
536 496 543 514 ι
558 482 602 527 ³³)
620 494 660 513 ex
678 481 751 513 ior(
768 492 802 512 ιι
805 485 885 511 ntur:
888 477 935 511 di.
977 476 1076 511 Finis
1090 475 1269 511 societatis

283 533 381 567 bum
375 546 429 566 ιιι
432 546 461 566 ιι
494 532 660 578 proprius
693 537 726 563 et
760 529 972 574 piaecipuus
1001 535 1072 569 est,
1105 534 1145 561 ut
1173 528 1269 561 Dius

285 586 490 618 innotescat.
544 583 771 626 Magistratus
795 587 847 614 est
871 586 986 613 custos
1013 578 1189 613 societatis
1205 577 1269 612 hu-

282 650 330 669 m
325 649 378 668 ιιι.
373 647 426 668 te:
454 647 490 667 er
493 647 536 678 go
561 634 672 666 multo
697 645 741 665 ιιι.
745 632 807 675 igis
831 638 946 665 custos
971 631 1064 664 illius
1086 629 1269 675 placcipui

283 688 362 720 finis
386 698 458 719 esse
484 686 606 724 debet,
648 683 731 729 quia
756 684 794 716 in
817 682 917 716 omni
941 682 1078 715 actione
1103 681 1269 727 proprius

283 738 360 771 finis
386 736 630 781 principaliter
657 735 871 779 expetendus
898 740 932 767 et
955 734 1106 767 tuendus
1131 739 1200 773 est,
1232 737 1272 765 ut

285 788 419 821 medico
443 788 477 820 in
506 787 682 820 medendo
705 786 837 820 sanitas
861 785 1051 830 praecipue
1077 783 1269 828 expetenda

283 847 316 873 et
332 840 462 873 tuenda
481 845 543 872 est.
602 837 697 882 Ergo
714 844 748 870 et
765 837 801 870 in
819 837 1075 881 gubernatione
1094 834 1271 869 societatis·

283 891 449 936 proprius
467 889 545 922 sinis
571 889 749 922 societatis
772 888 1016 933 principaliter
1041 885 1269 931 gubernatori

283 943 498 987 expetunlus
524 947 585 974 est.
638 939 771 973 Errant
797 940 904 984 igitur
928 951 984 972 ma
989 939 1084 983 ristr¹
1078 944 1172 977 itus,
1211 936 1271 982 qui

283 994 455 1026 diullunt
470 991 828 1037 ²³)gubern1tionem
852 1003 871 1023 a
896 991 984 1030 fine,
1013 996 1047 1023 et
1069 1002 1104 1023 se
1133 995 1270 1022 tantum

282 1045 411 1089 pacis
403 1056 443 1077 ac
470 1043 601 1076 nutris
626 1044 786 1076 custodes
810 1054 881 1076 esse
899 1040 1111 1075 existimant.
1164 1039 1271 1072 Aliud

282 1096 416 1129 habent
431 1095 544 1128 maius
563 1094 715 1127 officium
729 1121 738 1135 ‚
766 1093 930 1126 videlicet
954 1092 1195 1126 defensionem
1220 1097 1272 1123 to—

283 1149 352 1181 tins
368 1147 452 1191 legis
470 1146 605 1190 primae
623 1151 656 1178 et
667 1146 842 1179 secundae
859 1145 1012 1184 tabulae,
1040 1144 1137 1189 quod
1154 1143 1198 1175 ad
1216 1154 1271 1174 ex-

282 1206 421 1231 ternam
438 1197 661 1241 disciplinam
678 1196 815 1230 attinet.
867 1196 1020 1239 Propter
1035 1193 1103 1227 hoc
1124 1193 1271 1226 coeleste

282 1262 412 1283 munus
440 1248 597 1292 impertit
622 1247 670 1281 eis
688 1247 783 1280 Deus
801 1246 1005 1280 societatem
1029 1245 1085 1279 sui
1104 1243 1272 1282 nominis,

284 1301 448 1346 inquiens
465 1300 611 1344 (Psalm.
632 1299 699 1338 82,
726 1298 794 1343 6.):
822 1297 899 1341 Ego
917 1297 1006 1330 dixi:
1033 1295 1094 1328 Dii
1110 1295 1209 1333 estis,
1237 1293 1273 1325 id

282 1359 352 1391 est,
380 1350 562 1394 delet-112⁵)
586 1349 757 1382 divinitus
775 1349 820 1381 ad
845 1347 1126 1381 conservandam
1150 1356 1271 1377 veram

282 1402 509 1447 religionem,
538 1401 582 1433 ad
606 1397 868 1444 prohibendam
897 1405 931 1431 et
954 1398 1167 1430 abolendam
1196 1396 1273 1427 ido-

282 1453 459 1487 lolatriam
472 1479 483 1509 '.
508 1453 550 1484 ad
567 1450 873 1484 conservationem
891 1449 1063 1488 iustitiae,
1091 1447 1273 1490 coningio-

282 1518 382 1545 rum,
407 1503 521 1548 pacis,
548 1503 591 1535 ad
612 1499 872 1546 prohibendam
891 1500 1150 1545 turpitudinem
1171 1505 1234 1531 etc.

384 1554 580 1587 Deuteron.
594 1553 652 1593 17,
663 1552 739 1598 (19.
743 1552 863 1597 )Deus
873 1564 989 1596 regem
1002 1548 1274 1584 custodemfacit

282 1607 368 1651 legis
387 1613 419 1639 et
437 1605 587 1639 doctrin
581 1617 619 1637 ie
635 1604 722 1647 relig
711 1604 827 1638 ionis.
879 1603 947 1636 Et
938 1615 975 1635 ιιι
992 1602 1097 1642 libro,
1119 1601 1173 1634 cui
1191 1601 1273 1633 titu-

282 1659 336 1692 lus
354 1664 403 1691 est
428 1656 622 1700 Sapientia,
646 1655 799 1688 traditur
822 1654 924 1688 initio
943 1654 995 1699 (1,
1022 1653 1071 1699 1.)
1088 1629 1155 1686 iloc
1172 1664 1273 1696 prae-

284 1716 440 1754 ceptum:
468 1707 612 1751 Diligite
631 1706 822 1746 iustitiam,
850 1706 912 1751 qui
936 1705 1099 1738 iudicatis
1123 1710 1272 1737 terram:

283 1760 453 1805 Quaerite
470 1759 585 1792 Deum
603 1765 666 1792 etc.
721 1757 860 1791 Similes
876 1756 1067 1791 sententias
1082 1755 1201 1800 plures
1218 1767 1273 1787 su-

284 1824 345 1856 pra
368 1810 493 1850 citavi,
522 1822 613 1856 quae
631 1808 809 1854 principes
831 1810 873 1842 de
902 1806 969 1841 hoc
992 1819 1131 1841 summo
1157 1805 1272 1839 officio

284 1865 489 1895 admonent.
524 1862 719 1906 Postquam
736 1867 854 1893 autem
871 1859 1059 1893 sacrificuli
1074 1859 1164 1902 leges
1181 1858 1272 1890 serre

284 1920 478 1958 coeperunt
495 1912 633 1958 reliquo
653 1912 787 1951 coetui,
816 1924 879 1945 suo
897 1910 1060 1950 arbitrio,
1087 1916 1120 1942 et
1138 1908 1274 1942 nemini

284 1965 469 1998 dissentire
486 1964 613 1998 licebat
629 1975 646 1995 a
664 1962 845 1996 sententiIs
858 1961 1043 1995 acindiciis
1053 1960 1273 2005 pontificum,

286 2015 443 2060 obrepsit
453 2015 581 2048 animis
593 2014 829 2058 plurimorum
842 2011 930 2046 haec
942 2012 1137 2058 persuasio,
1153 2022 1274 2044 curam

285 2067 521 2101 Ecclesiarum
539 2063 628 2099 nihil
645 2065 823 2110 pertinere
840 2066 885 2098 ad
902 2064 1092 2109 principes,
1107 2061 1162 2096 his
1179 2074 1274 2095 com-

286 2120 489 2151 mendatam
517 2130 590 2151 esse
613 2123 751 2150 tantum
773 2128 963 2160 corporum
991 2122 1024 2148 et
1047 2116 1273 2147 fortunarum

285 2170 540 2209 defensionem,
565 2166 632 2201 hoc
651 2174 714 2207 est,
732 2174 870 2201 tantum
888 2180 947 2200 eos
964 2166 1096 2199 ventris
1114 2165 1274 2199 custodes

422 2219 469 2253 At
484 2220 513 2254 si
536 2226 676 2252 tantum
701 2225 824 2251 venter
847 2218 1022 2251 curandus
1045 2222 1152 2257 esset,
1189 2215 1274 2261 quid

285 2271 522 2317 differrentffi)
534 2270 712 2315 principes
728 2271 771 2303 ab
789 2268 1037 2302 armentariis?
1063 2268 1155 2303 Nam
1171 2267 1274 2311 longe

286 2324 387 2355 aliter
405 2323 626 2356 sentiendum
646 2328 708 2361 est,
728 2321 870 2365 politias
888 2320 1056 2354 dixinitns
1073 2318 1275 2352 admirabili

287 2374 458 2417 sapientia
476 2380 509 2407 et
523 2373 682 2406 bonitate
701 2372 909 2406 constitutas
927 2384 1016 2411 esse,
1044 2382 1118 2404 non
1136 2376 1273 2403 tantum

286 2234 368 2254 ‘¹350-

323 2517 371 2544 43)
392 2516 527 2545 Septima]
547 2515 629 2538 Editt.
651 2517 741 2539 sexta.

323 2560 370 2586 44)
391 2559 537 2586 divellunt]
558 2558 598 2581 sic
617 2558 698 2581 Editt.
723 2558 811 2588 pecul.
838 2557 913 2582 1539.
933 2558 959 2580 et
979 2556 1054 2580 1540.
1079 2559 1105 2581 et
1125 2556 1173 2581 Ed.
1197 2556 1275 2580 huius

358 2593 428 2622 Epit.
450 2592 541 2620 1546.;
562 2592 609 2616 Ed.
628 2593 698 2621 Epit.
721 2593 808 2616 1540.:
829 2592 979 2615 devellunt.

322 2636 369 2663 45)
393 2635 506 2662 delecti]
533 2635 571 2656 sic
599 2635 680 2657 Editt.
708 2635 794 2663 pecul.
822 2636 896 2658 1539.
923 2637 947 2657 et
978 2634 1051 2658 ¹5⁴0.
1079 2638 1105 2657 et
1132 2634 1178 2657 Ed.
1204 2634 1274 2664 Epit.

361 2670 450 2694 1540.:
471 2669 517 2691 Ed.
540 2668 628 2692 1546.:
650 2669 749 2691 dilecti.

323 2713 370 2735 405]
391 2711 545 2738 dinen-ent]
566 2711 604 2733 sic
624 2711 706 2733 Editt.
727 2711 811 2739 pecul.
833 2711 906 2734 1539.
927 2715 951 2734 et
976 2712 1066 2734 ¹540.:

358 2746 427 2773 bvii.
450 2745 522 2768 1540.
543 2748 567 2767 et
590 2745 678 2769 ¹546.:
699 2745 831 2769 different.

1095 2711 1176 2735 Editt.
1196 2711 1274 2734 huius

1018 134 1083 170 AD
1110 133 1318 170 ETHICEN
1345 134 1410 170 ET
1437 134 1692 172 POLITICEN
1720 135 2026 173 SPECTAJNTIA.

2258 140 2306 176 92

1322 222 1366 255 ad
1383 224 1587 268 quaerenda
1603 229 1637 257 et
1652 224 1800 257 fruenda
1816 225 1950 258 ventris
1966 225 2059 257 bona
2072 249 2081 264 ‚
2109 224 2170 258 sed
2193 225 2306 258 multo

1321 274 1445 317 magis,
1472 281 1511 308 ut
1526 274 1622 308 Dens
1638 275 1674 307 in
1691 276 1856 310 societate
1873 276 2083 316 innotescat,
2107 282 2148 309 ut
2164 282 2307 309 aeterna

1320 326 1414 358 bona
1433 332 1662 370 quaerantur.

1419 376 1492 411 lN'ec
1530 377 1743 421 opponenda
1786 383 1869 411 sunt
1906 377 2064 422 exempla
2103 377 2308 422 impiorum.

1322 426 1402 461 Non
1419 428 1637 468 Alexander,
1664 440 1739 461 non
1755 427 1933 473 Augustus
1949 429 2074 469 aliam,
2098 429 2166 462 nisi
2184 441 2310 473 corpo-

1321 478 1370 512 ris
1387 490 1507 512 curam
1525 485 1774 523 susceperunt,
1803 480 2031 524 quantumx‘is
2055 480 2188 513 laudati
2212 481 2310 525 prin-

1323 529 1426 574 cipes.
1503 530 1689 564 Assentior
1715 530 1834 574 plures
1868 536 2005 564 tantum
2038 543 2146 564 unam
2172 538 2310 576 partem

1323 594 1473 616 curasse.
1525 581 1635 615 Pauci
1655 581 1749 613 enim
1769 581 1969 625 intelligunt
1986 582 2216 627 praecipuum
2234 594 2311 616 mu-

1322 645 1407 674 nus,
1443 633 1555 666 inulto
1580 632 1765 677 pauciores
1788 644 1909 665 veram
1931 633 2139 677 religionem
2165 640 2311 668 norunt.

1323 684 1390 717 Sed
1406 691 1525 717 tamen
1541 684 1678 729 aliquos
1697 696 1845 727 magnos
1863 681 1990 717 heroas
2008 684 2102 717 Deus
2118 685 2162 717 ad
2180 685 2312 718 instau-

1323 736 1472 768 randam
1489 735 1688 769 doctrinam
1704 747 1806 768 verae
1822 735 1961 779 pietatis
1972 735 2120 768 subinde
2137 735 2312 776 excitavit,

1323 793 1362 820 ut
1378 785 1503 831 Ioseph
1522 787 1557 819 in
1572 786 1746 831 Aegypto,
1762 786 1946 831 Babylone.
1956 786 2242 830 Nabogdonosor
2250 786 2311 832 ⁴⁷),

1324 844 1357 871 et
1381 838 1454 871 cius
1481 838 1610 878 silium,
1647 838 1774 871 deinde
1798 838 1943 870 Medum
1961 837 2131 877 Darium,
2165 838 2310 872 Persam

1325 889 1478 934 Cyrum,
1506 889 1642 922 Romae
1667 888 1959 929 Constantinum,
1988 889 2023 921 in
2050 890 2182 933 populo
2206 888 2312 923 lsrael

1328 941 1510 981 Davidem,
1538 940 1780 981 Salomonem,
1800 937 1978 984 Iosaphat,
1996 937 2093 979 lehn,
2109 938 2312 980 Ezechiam,

1324 991 1464 1025 losiam.
1518 991 1640 1036 Neque
1659 989 1696 1024 hi
1723 998 1910 1036 propterea
1938 991 2056 1033 ignaxi
2081 998 2200 1031 erant,
2229 991 2312 1036 quia

1325 1043 1533 1087 religionem
1552 1043 1809 1083 emendabant,
1838 1043 1910 1074 imo
1933 1042 1968 1074 in
1992 1040 2060 1074 hoc
2086 1042 2201 1075 officio
2219 1042 2314 1076 luce-

1324 1095 1386 1126 bat
1403 1106 1527 1127 corum
1544 1093 1739 1133 fortitudo,
1767 1100 1799 1127 et
1824 1093 2032 1137 magnitudo
2055 1093 2177 1127 animi.
2230 1093 2313 1128 Non

1326 1145 1419 1178 enim
1434 1145 1508 1178 sine
1525 1144 1688 1177 maximis
1707 1145 1884 1188 periculis,
1906 1144 1981 1178 sine.
1998 1144 2201 1189 principum
2222 1145 2312 1178 odiis

1327 1202 1462 1229 mutare
1479 1196 1625 1228 usitatas
1643 1195 1831 1238 religiones
1847 1201 2024 1239 poterant.

1428 1245 1682 1279 Constantinus
1708 1246 1807 1279 iussit
1830 1246 1945 1279 claudi
1971 1246 2151 1279 idolorum
2168 1246 2313 1291 templa,

1326 1294 1509 1340 prohibuit
1549 1296 1719 1330 sacrificia
1760 1295 2003 1337 ethnicorum,
2044 1297 2143 1331 iussit
2174 1297 2313 1341 publice

1326 1348 1446 1380 doceri
1477 1346 1731 1390 Evangelium,
1768 1347 1864 1380 dedit
1893 1347 2068 1391 stipendia
2097 1349 2314 1388 doctoribus,

1327 1399 1477 1444 denique
1487 1410 1653 1442 magnam
1665 1405 1802 1442 partem
1813 1398 1941 1432 veteris
1956 1399 2092 1431 formae
2108 1399 2145 1431 in
2162 1399 2313 1444 imperio

1326 1450 1491 1482 Romano
1508 1449 1671 1489 mutavit,
1699 1461 1776 1482 cum
1796 1450 1940 1494 quidam
1960 1450 2113 1493 collegae
2133 1456 2167 1483 et
2184 1450 2313 1483 caeteri

1326 1501 1522 1546 principes,
1551 1506 1585 1533 et
1609 1500 1764 1532 maxima
1786 1513 1868 1544 pars
1891 1500 2032 1545 imperii
2056 1499 2171 1533 adhuc
2188 1502 2312 1534 acerbe

1327 1553 1483 1586 odissent
1504 1563 1636 1584 nomen
1653 1549 1795 1584 Christi.
1848 1550 1970 1596 Itaque
1997 1558 2030 1584 et
2056 1551 2255 1586 Maxentius
2279 1559 2314 1586 et

1326 1603 1483 1637 Licinius
1505 1603 1658 1646 collegae
1676 1602 1829 1646 ingentia
1846 1603 1935 1635 bella
1955 1603 2123 1636 adversus
2140 1615 2220 1635 eum
2236 1616 2314 1637 mo-

1326 1653 1535 1699 verunt,qni
1550 1654 1693 1699 quidem
1710 1653 1930 1686 nobilitatem
1942 1660 1975 1686 et
1985 1652 2117 1694 ltaliae,
2129 1654 2312 1694 Graeciae,

1326 1705 1554 1745 Pannoniae,
1597 1702 1773 1738 Thraciae
1815 1703 1936 1738 robur>
1962 1717 2078 1738 secum
2112 1703 2312 1740 trahebant.

1327 1758 1485 1790 Tantum
1514 1755 1663 1801 periculi
1695 1768 1773 1788 cnm
1808 1762 1842 1789 et
1875 1756 1973 1789 adii‘e
1985 1756 2050 1801 ²¹⁸),
2076 1762 2119 1800 ¹et
2141 1757 2313 1791 sustinere

1327 1821 1430 1842 ausus
1446 1808 1491 1842 sit
1507 1813 1653 1852 propter
1671 1804 1801 1840 Christi
1818 1807 1967 1851 gloriam
1981 1833 1990 1847 ,
2027 1808 2224 1852 exemplum
2241 1809 2313 1842 for-

1326 1860 1419 1893 tibus
1441 1865 1475 1892 et
1496 1858 1599 1891 bonis
1622 1857 1842 1902 principibus
1867 1859 2108 1892 defendendae
2132 1859 2313 1904 religionis

1327 1910 1505 1956 egregium
1520 1909 1717 1954 proposuit.

1428 1961 1556 1994 Daniel
1572 1960 1804 1993 concionatur
1820 1960 1894 2004 regi
1911 1959 2145 2006 Babylonico,
2162 1971 2201 1993 ac
2218 1960 2315 1995 iubet

1327 2025 1406 2046 eum
1417 2012 1462 2058 ιι9)
1480 2024 1582 2056 agere
1600 2011 1869 2056 poenitentiam,
1898 2017 1931 2044 et
1948 2012 2125 2056 promittit
2144 2011 2175 2045 ei
2190 2012 2313 2046 remis-

1327 2064 1463 2098 sionem
1483 2069 1720 2107 peccatorum.
1765 2062 1875 2095 Addit
1891 2069 2011 2095 tamen
2028 2069 2062 2096 et
2078 2069 2171 2096 certa
2187 2063 2313 2103 officia,

1326 2122 1365 2149 ut
1384 2115 1552 2148 iustitiam
1570 2120 1684 2154 amet,
1713 2120 1746 2146 et
1761 2113 1959 2147 benefaciat
1981 2114 2109 2148 iniuste
2126 2115 2314 2159 oppressis,

1327 2164 1394 2199 boc
1417 2172 1485 2206 est,
1521 2172 1561 2199 ut
1595 2165 1800 2198 innocentes
1814 2192 1822 2205 ,
1857 2177 1896 2198 ac
1927 2165 2117 2210 praecipue
2141 2164 2313 2200 Ecclesias

1328 2218 1491 2250 defendat
1502 2223 1623 2249 contra
1641 2217 1798 2250 furorem
1814 2223 1847 2249 et
1861 2217 2042 2249 saevitiam
2054 2217 2314 2260 improborum.

1328 2268 1404 2301 Hoc
1427 2268 1580 2301 officinm
1604 2267 1712 2301 Deusv
1733 2268 1920 2312 praecipue
1952 2267 2102 2313 requirit
2126 2279 2144 2300 a
2167 2268 2313 2302 summis

1327 2319 1558 2364 principibus.

1430 2371 1497 2404 Sed
1516 2369 1619 2403 huius
1637 2369 1761 2403 aetatis
1778 2381 1876 2413 reges
1897 2380 1936 2401 ac
1952 2368 2140 2413 principes,
2167 2380 2246 2403 cum
2263 2370 2314 2402 vi-

1328 2423 1434 2455 deant
1456 2422 1583 2456 iniuste
1607 2421 1761 2455 exerceri
1796 2420 2038 2454 crudelitatem
2071 2426 2194 2453 contra
2224 2421 2313 2465 pios,

1361 2524 1408 2551 47)
1429 2523 1658 2552 xahogdonosor]
1684 2522 1724 2545 sic
1743 2521 1826 2545 Editt.
1853 2520 1938 2551 pecul.
1964 2520 2038 2545 1539.
2066 2523 2092 2544 et
2121 2521 2195 2545 ¹540.
2221 2524 2248 2546 et
2266 2523 2314 2547 Ed.

1397 2558 1474 2582 huius
1495 2559 1564 2588 Epit.
1585 2558 1676 2583 1540.;
1703 2557 1752 2580 Ed.
1774 2556 1863 2580 1546.:
1889 2555 2104 2586 Xabugdonosor
2127 2557 2159 2585 (ι’.
2179 2563 2203 2581 e.
2224 2557 2314 2581 Nebu-

1396 2593 1574 2620 chadnezar).

1361 2634 1407 2665 48)
1428 2636 1519 2664 adire]
1537 2635 1576 2658 sic
1596 2635 1678 2658 Editt.
1696 2633 1782 2663 pecul.
1803 2632 1876 2656 ¹5³9.
1897 2634 1922 2654 et
1944 2632 2018 2655 1540.
2039 2634 2065 2656 et
2086 2632 2134 2658 Ed.
2153 2633 2230 2657 huius
2245 2634 2315 2664 Epir.

1397 2670 1489 2695 1540.:
1509 2670 1557 2694 Ed.
1580 2669 1653 2693 1546.
1673 2673 1769 2692 errore
1788 2669 1915 2696 typogr.:
1935 2667 2039 2690 audire.

1362 2711 1408 2739 49)
1430 2712 1503 2740 enm]
1529 2711 1567 2734 sic
1586 2710 1668 2734 Editt.
1695 2709 1781 2739 pecul.
1808 2708 1881 2731 15³9.
1907 2711 1932 2731 et
1960 2709 2049 2734 15⁴0.:
2076 2709 2101 2732 ἰιι

1398 2746 1468 2776 Epit.
1490 2745 1564 2770 1540.
1585 2748 1611 2768 et
1633 2744 1706 2768 1546.
1727 2743 1856 2766 omissum
1876 2746 1923 2766 est.

2128 2709 2209 2733 Editt.
2237 2711 2312 2734 buius
