2347 3000
95 133 167 172 125
637 133 663 170 Ι.

195 216 384 254 Distinctio
409 218 671 259 dominiorum,
707 232 770 254 seu
799 221 1000 266 proprietas
1025 228 1075 255 est

94 272 180 306 iuris
196 273 366 316 gentium,
394 270 460 310 vel,
487 277 526 303 ut
543 268 748 316 philosophi
764 272 972 318 loquuntur,
992 273 1077 306 iuris

92 330 252 357 naturae.
318 321 414 365 Ergo
439 323 651 355 conturbare
675 323 937 357 distinctionem
963 324 1076 357 domi-

92 374 234 408 niorum
246 400 255 414 ,
282 379 317 406 et
332 372 445 405 aliena
467 385 591 418 rapere
610 373 684 407 sine
700 386 802 409 causa
820 376 931 416 iusta,
957 382 1008 409 est
1025 376 1076 408 in-

92 426 235 460 iustum.
287 422 337 456 Ita
354 424 521 457 muniunt
536 426 791 469 proprietatem
805 453 813 466 ‚
842 433 876 459 et
898 427 951 460 ius
974 433 1076 459 natu—

91 489 172 516 rae,
201 482 235 509 et
260 476 315 508 lex
334 475 474 516 divina,
502 489 581 509 cum
609 477 725 522 inquit
749 478 876 523 (Exod.
893 479 961 517 20,
980 475 1073 523 15.):

90 528 173 563 Non
187 528 321 561 furtum
339 526 455 560 facies.
508 527 599 561 Ram
620 529 825 572 decalogus,
852 536 891 562 ut
907 541 1009 573 saepe
1024 529 1075 561 di-

91 585 185 613 ctum
203 585 264 619 est,
279 584 329 612 est
347 578 532 622 explicatio
550 579 635 613 iuris
651 580 834 619 naturalis,
855 592 944 625 quae
961 586 1075 613 osten-

90 630 143 663 dit
166 629 219 663 ius
240 636 389 663 naturae
413 642 484 663 esse
505 630 662 663 divinam
678 631 901 664 sententiam.
956 631 1074 676 Quare

89 687 237 727 peccant
253 681 395 726 tyranni
414 682 581 715 adversus
598 680 733 722 Deum,
762 694 840 715 cum
858 682 992 715 civibus
1010 682 1075 715 eri-

89 733 194 778 piunt
212 733 370 776 ipsorum
388 733 560 765 fortunas.

192 784 399 823 Caeterum,
427 796 506 816 cum
522 783 625 816 liberi
643 783 812 817 amittunt
834 783 910 817 iure
933 783 1075 816 liberta-

91 843 159 870 tem
172 863 180 875 ,
208 842 242 868 ct
257 835 405 867 veniunt
423 834 458 866 in
478 834 682 867 servitutem
694 861 703 874 ,
731 835 899 868 amittunt
916 835 1073 867 dominia

91 895 125 921 et
142 885 408 932 proprietatem.
469 885 582 918 Nemo
600 892 718 919 autem
735 893 785 919 est
798 893 925 919 natura
942 899 1075 925 servus,

89 939 169 971 ideo
185 949 263 970 cum
282 934 425 970 Naboth
447 936 536 969 liber
552 943 660 977 esset,
688 944 721 970 et
743 937 908 971 dominus
930 950 1074 971 suarum

88 1001 207 1023 rerum
219 1015 227 1028 ,
254 986 379 1021 habuit
394 987 445 1020 ius
461 988 514 1021 sui
530 989 631 1021 fundi
645 989 833 1022 retinendi.

191 1039 259 1072 Sed
284 1037 340 1071 liic
364 1039 529 1071 obiicitur
559 1040 731 1072 sententia
758 1041 800 1073 de
828 1040 901 1073 iure
924 1040 1016 1083 regis
1039 1041 1075 1072 in

89 1091 250 1125 Samuele
275 1090 351 1135 (lib.
376 1089 416 1123 ll.
450 1091 489 1129 8,
510 1092 567 1125 11.
593 1090 688 1136 14.);
719 1091 793 1124 Hoc
819 1098 869 1125 est
894 1091 946 1124 ius
972 1091 1075 1134 regis,

89 1154 192 1186 agros
207 1147 341 1175 vestros
356 1142 453 1174 tollet
474 1148 536 1175 etc.
596 1142 691 1186 Ergo
715 1155 814 1186 reges
836 1149 918 1176 sunt
939 1143 1076 1174 domini

88 1194 309 1239 privatarum
327 1193 546 1226 facultatum.

192 1244 416 1288 Respondeo.
477 1243 541 1276 Hic
563 1244 660 1276 locus
682 1255 754 1276 non
779 1243 870 1276 tollit
895 1243 948 1276 ius
974 1249 1075 1275 natu-

88 1308 168 1335 rae,
203 1296 263 1329 sed
294 1294 438 1339 proprie
468 1294 627 1339 loquitur
657 1296 700 1327 de
733 1294 926 1338 stipendiis.
980 1294 1076 1327 Sicut

89 1348 199 1380 libere
222 1345 314 1379 natis
340 1358 438 1389 reges
462 1357 534 1378 non
556 1346 685 1378 debent
716 1345 851 1389 eripere
880 1345 1075 1383 facultates,

89 1399 137 1431 ita
155 1398 267 1430 multo
283 1396 399 1430 minus
413 1397 542 1429 debent
559 1397 607 1430 eis
622 1397 821 1429 libertatem
839 1396 988 1440 eripere,
1008 1396 1075 1429 nisi

89 1462 168 1483 cum
188 1448 341 1492 puniunt
358 1454 452 1479 certa
469 1447 607 1480 delicta.

189 1498 235 1531 Et
251 1510 455 1543 quanquam
466 1498 595 1531 subditi
606 1498 735 1530 debent
749 1497 888 1541 regibus
899 1498 1072 1542 stipendia

88 1549 406 1583 administrationis
424 1561 539 1589 causa,
556 1555 595 1582 ut
613 1548 718 1581 etiam
734 1549 866 1582 Paulus
887 1550 1000 1588 docet,
1024 1555 1073 1581 ta-

85 1612 169 1634 men
186 1600 364 1634 subditum
385 1612 456 1633 csse
473 1612 546 1633 non
564 1606 615 1633 est
631 1600 798 1639 servitus,
826 1601 885 1633 sed
911 1600 947 1632 in
962 1600 1073 1644 impe-

86 1652 147 1686 riis
161 1652 264 1684 debet
282 1663 426 1683 manere
444 1651 598 1689 libertas,
626 1648 694 1684 hoc
717 1657 778 1691 est,
807 1658 844 1684 ut
859 1664 961 1684 suum
980 1652 1072 1696 quis-

86 1716 155 1749 que
178 1708 319 1742 teneat,
346 1708 384 1735 ut
406 1714 511 1735 nemo
535 1703 726 1747 plectatur,
753 1702 821 1736 nisi
844 1710 990 1747 propter
1014 1704 1071 1734 de-

85 1755 187 1794 licta,
213 1760 253 1787 ut
268 1753 349 1786 iusti
365 1753 456 1786 cives
474 1752 628 1787 habeant
644 1754 799 1787 debitam
817 1754 1070 1787 defensionem.

187 1805 282 1838 Haec
305 1811 356 1837 est
381 1804 529 1849 simplex
553 1811 587 1838 et
620 1817 702 1838 vera
732 1805 938 1850 responsio,
973 1818 1070 1849 reges

82 1855 217 1890 habent
240 1856 293 1889 ius
318 1856 482 1889 sumendi
510 1856 645 1902 aliquid
669 1869 709 1889 ex
732 1857 880 1901 privatis
896 1857 1069 1889 facultati-

82 1909 166 1948 bus,
201 1907 331 1941 scilicet
353 1908 671 1941 administrationis
693 1920 817 1947 causa,
845 1909 888 1940 ad
912 1921 1069 1941 commu-

82 1972 164 1992 nem
194 1958 456 1998 necessitatem,
490 1971 565 1991 non
590 1960 684 2005 quod
721 1966 905 2003 praetextu
930 1959 1067 2004 imperii

83 2011 155 2045 sint
169 2010 306 2043 domini
323 2010 483 2043 omnium
500 2010 722 2055 privatarum
738 2011 956 2044 facultatum.

185 2061 374 2095 Sciendum
398 2067 449 2094 est
472 2068 589 2095 autem
619 2061 804 2095 dissimiles
838 2074 909 2095 esse
937 2063 1068 2095 formas

82 2124 295 2157 regnorum,
324 2118 359 2145 et
391 2112 475 2144 alibi
507 2113 594 2146 alios
629 2125 700 2146 esse
733 2114 861 2157 gradus
885 2113 1068 2147 libertatis.

80 2163 269 2208 Approbat
285 2169 402 2196 autem
421 2163 517 2197 Deus
539 2176 662 2198 omncs
678 2165 810 2197 formas
834 2164 1066 2208 imperiorum

80 2215 214 2249 rationi
241 2221 276 2247 et
300 2221 448 2248 naturae
474 2221 738 2249 consentaneas.
791 2216 937 2260 Semper
962 2216 1068 2259 igitur

81 2267 199 2300 valere
224 2266 328 2299 debet
352 2266 404 2299 ius
428 2272 595 2305 naturae,
620 2279 665 2299 ne
687 2267 866 2300 distinctio
889 2267 1067 2300 dominio-

80 2330 161 2352 rum
178 2318 351 2351 turbetur.
392 2317 581 2350 Praeterea
600 2318 777 2363 quaelibet
794 2324 947 2363 potestas
965 2319 1067 2351 debet

81 2369 135 2404 sui
156 2369 258 2413 regni
282 2368 373 2412 leges
398 2381 629 2409 conservare,
663 2375 697 2401 et
730 2369 778 2403 eis
808 2369 1066 2414 obtemperare,

79 2421 142 2454 uhi
162 2420 254 2464 leges
278 2420 374 2464 ipsae
399 2420 597 2453 concedunt
621 2420 818 2453 libertatem
846 2420 997 2460 civibus,
1033 2428 1066 2453 et

80 2471 284 2505 discernunt
297 2483 416 2505 rerum
433 2471 604 2509 dominia,
629 2471 677 2503 ibi
693 2484 790 2515 reges
810 2479 966 2516 peccant,
986 2485 1063 2505 cum

81 2528 254 2566 occupant
270 2522 492 2566 privatorum
508 2523 700 2556 facultates.

181 2572 369 2606 Habebant
385 2581 501 2607 autem
521 2572 700 2614 Israelitae
718 2574 842 2617 legem,
870 2580 903 2606 et
921 2574 1063 2619 quidem

80 2624 250 2657 divinitus
273 2624 413 2665 datam,
451 2638 541 2671 quae
565 2625 787 2659 discernebat
813 2625 1064 2668 possessiones,

79 2682 114 2709 et
144 2675 358 2708 concedehat
387 2677 573 2720 proprium
605 2677 750 2710 civibus.
817 2676 916 2708 Hanc
952 2676 1065 2719 legem

79 2727 219 2760 abolere
238 2738 311 2760 non
326 2726 425 2760 licuit
442 2728 504 2762 ulli
521 2728 607 2773 regi.
648 2727 730 2761 Ideo
749 2727 915 2772 peccabat
931 2725 1065 2768 Achab,

716 134 1065 170 PHILOSOPHIAE
1093 134 1305 171 MORALIS
1333 134 1560 172 EPITOME.
2038 139 2112 175 126

1129 235 1209 256 cum
1234 229 1422 268 occuparet
1445 223 1597 257 alienam
1622 223 1775 257 vineam.
1828 223 1873 257 Et
1888 224 2004 264 Deus,
2032 238 2111 258 cum

1128 275 1163 307 id
1182 275 1292 309 scelus
1310 275 1507 314 ulciscitur,
1533 275 1688 308 declarat
1703 275 1865 309 similiter
1892 288 1927 309 se
1955 284 2112 320 sumptu-

1129 338 1207 359 rum
1225 339 1377 370 poenam
1401 327 1441 359 de
1460 326 1537 360 aliis
1562 326 1734 372 tyrannis.
1787 325 1837 359 Ita
1863 333 1896 360 et
1922 340 1986 360 nos
2011 328 2112 360 liberi

1128 390 1268 417 sumus,
1296 385 1335 410 ut
1352 379 1523 421 possessio
1541 378 1712 411 libertatis
1736 383 1901 419 testatur,
1930 385 1963 411 et
1983 379 2111 411 Roma-

1128 440 1194 461 nae
1216 429 1307 472 leges
1331 429 1491 462 tribuunt
1515 429 1648 463 civibus
1671 429 1893 469 libertatem,
1934 435 1967 462 et
1990 430 2113 462 distin-

1129 486 1240 523 guunt
1263 480 1434 514 dominia.
1493 480 1613 525 Quare
1639 487 1785 525 peccant
1807 481 2003 525 principes,
2033 495 2111 514 cuni

1128 530 1273 574 rapiunt
1294 531 1516 574 privatorum
1542 532 1742 572 facultates,
1783 539 1844 565 aut
1871 532 2115 565 immoderatis

1128 581 1420 625 explicationibus
1439 583 1633 626 deglubunt
1651 584 1835 628 populum.
1889 584 1980 617 Nam
2007 590 2039 615 et
2064 584 2115 616 ius

1128 639 1276 665 naturae
1293 639 1388 665 vetat
1410 646 1468 666 cos
1487 634 1600 666 aliena
1626 647 1770 678 rapere,
1798 641 1832 667 et
1855 635 1989 677 legibus
2015 635 2111 678 regni

1127 683 1179 716 sui
1197 684 1326 716 debent
1343 685 1600 728 obtemperare.
1639 686 1735 719 Sicut
1751 684 1996 719 honestissime
2015 699 2113 730 prae-

1129 735 1213 779 cipit
1242 735 1297 767 lex
1329 733 1525 768 Theodosii
1546 736 1583 768 in
1617 736 1745 769 Codice
1758 737 1806 783 ⁵):
1851 737 1967 779 Digna
2002 738 2114 781 xoxb')

1128 786 1309 819 maiestate
1338 787 1534 830 regnantis,
1562 787 1696 830 legibus
1719 788 1899 831 alligatum
1926 802 1960 821 se
1987 789 2115 833 princi—

1130 850 1207 882 pem
1234 838 1411 882 profiter-13
1449 839 1537 870 adeo
1561 839 1603 871 de
1626 839 1816 871 autoritate
1842 839 1947 879 iuris,

1130 890 1258 933 pendet
1276 890 1459 922 autoritas.
1512 889 1557 922 Et
1580 902 1616 922 rc
1635 902 1716 922 vera
1744 890 1857 923 maius
1882 891 2068 934 imperium
2085 892 2115 935 ⁷)

1129 947 1180 973 est
1204 940 1410 973 submittere
1437 941 1571 984 legibus
1590 941 1827 985 principatum
1842 941 1884 987 ³).
1939 942 1983 974 Et
2007 943 2042 974 in
2060 942 2113 974 ln-

1129 992 1371 1025 stitutionibus
1394 992 1562 1025 recitatur
1584 993 1793 1037 rescriptum
1812 993 1932 1025 Severi
1943 993 1974 1038 ⁹)
1996 1000 2028 1026 et
2045 993 2114 1025 An-

1130 1043 1262 1076 tonini:
1291 1043 1390 1075 Licet
1403 1044 1537 1087 legibus
1559 1044 1665 1077 soluti
1682 1057 1822 1084 sumus,
1850 1051 2007 1077 attamen
2034 1045 2115 1088 iegi-

1128 1095 1193 1128 bus
1210 1095 1360 1128 xix—imus
1375 1094 1432 1140 ¹⁰).
1472 1093 1626 1128 lactatur
1643 1096 1786 1139 xulgare
1805 1095 1954 1128 dictum:
1984 1096 2114 1129 Omnia

1129 1152 1209 1179 sunt
1231 1146 1474 1190 imperatoris,
1503 1148 1597 1191 quod
1623 1147 1729 1179 etiam
1753 1147 1879 1179 recitat
1894 1147 2116 1181 Ambrosius.

1128 1197 1173 1230 Et
1192 1204 1342 1230 narrant
1363 1197 1518 1241 lepidam
1541 1198 1698 1231 fabulam
1723 1198 1765 1231 de
1789 1198 1943 1231 Henrico
1963 1198 2115 1232 Lutzen-

1129 1249 1295 1291 burgensi
1311 1248 1376 1294 ¹¹),
1414 1249 1648 1292 imperatore,
1689 1249 1769 1294 qui,
1811 1263 1889 1283 cum
1924 1250 1960 1282 in
1994 1250 2115 1283 ltalico

1130 1300 1254 1332 itinere
1272 1301 1314 1331 de
1340 1301 1493 1344 quadam
1511 1312 1589 1332 arce
1622 1300 1873 1344 interrogasset
1893 1302 1992 1335 cuius
2016 1308 2116 1339 esset,

1130 1363 1206 1383 cum
1228 1351 1494 1384 iurisconsultus
1506 1350 1551 1396 12)
1572 1351 1717 1396 quidam
1733 1354 1982 1395 responderet,
2006 1353 2115 1396 impc-

1128 1402 1256 1434 ratoris
1277 1413 1360 1441 csse,
1377 1402 1513 1434 etiamsi
1531 1402 1608 1446 quis
1624 1403 1712 1435 alius
1730 1409 1818 1436 esset
1835 1404 2012 1443 dominus,
2033 1404 2114 1448 quia

1128 1452 1353 1496 imperatoris
1371 1459 1484 1485 essent
1502 1454 1633 1486 omnia.
1684 1453 1750 1486 Hic
1769 1466 1847 1486 cum
1865 1455 1953 1487 alius
1970 1455 2114 1499 quidam

1129 1503 1397 1536 iurisconsultus
1421 1504 1650 1543 reclamaret,
1680 1511 1713 1536 et
1736 1512 1879 1548 negaret
1905 1506 2024 1537 omnia
2043 1519 2114 1539 esse

1129 1555 1372 1599 imperatoris,
1401 1555 1586 1595 convenit,
1612 1561 1651 1588 ut
1666 1555 1852 1589 Bononiae
1872 1569 1926 1589 res
1945 1557 2115 1589 diiudica-

1126 1612 1236 1645 retur,
1254 1613 1288 1639 et
1305 1606 1431 1638 victori
1444 1618 1554 1651 equus
1569 1607 1714 1639 daretur
1725 1607 1893 1640 victoriae
1904 1609 2115 1652 praemium.

1126 1657 1311 1690 Bononiae
1336 1657 1373 1689 in
1399 1657 1550 1700 gratiam
1583 1657 1809 1702 imperatoris
1840 1660 2113 1703 pronuntiatum

1127 1715 1188 1748 est,
1204 1721 1268 1753 pro
1287 1721 1327 1741 eo
1346 1709 1405 1754 qui
1422 1709 1626 1741 defenderat
1647 1710 1765 1742 omnia
1787 1722 1859 1743 esse
1876 1711 2114 1755 imperatoris.

1126 1760 1189 1793 Hic.
1210 1760 1313 1793 faceti
1331 1760 1475 1805 quidam
1493 1761 1673 1793 dixerunt:
1709 1761 1832 1794 Victor
1847 1759 1953 1795 habet
1971 1776 2115 1807 equum,

1124 1812 1185 1844 sed
1202 1812 1291 1844 alter
1308 1811 1491 1855 respondit
1508 1824 1673 1857 aequum.
1727 1812 1841 1845 Porro
1867 1826 1945 1846 cum
1973 1814 2113 1857 proprie

1125 1864 1166 1895 de.
1196 1863 1356 1895 dominio
1382 1862 1585 1908 loquimur,
1614 1864 1709 1908 quod
1734 1863 1896 1897 xidelicet
1920 1871 1969 1897 est
1995 1877 2111 1897 rernm

1124 1915 1341 1958 proprietas,
1368 1925 1441 1946 non
1460 1920 1511 1947 est
1526 1927 1668 1954 verum,
1697 1915 1816 1947 omnia
1833 1928 1905 1949 esse
1923 1915 2113 1960 imperato-

1122 1966 1187 1999 ris:
1207 1979 1290 1998 nam
1309 1965 1487 1998 distinctio
1506 1965 1749 1998 dominiorum
1768 1979 1846 1999 cum
1866 1967 1909 2000 sit
1928 1967 2013 2000 iuris
2030 1981 2110 2010 gen-

1992 847 2111 873 nostra

1154 2063 1184 2094 5)
1205 2065 1233 2087 ln
1253 2064 1318 2088 Cod.
1338 2065 1356 2089 1.
1377 2065 1417 2089 tit.
1441 2066 1479 2090 14.
1500 2066 1532 2088 do
1552 2065 1673 2094 teg-ibim,
1700 2068 1725 2089 et
1744 2067 1985 2090 constitutionibus
2011 2067 2113 2096 princi-

1193 2106 1254 2128 puin
1273 2100 1332 2129 tege
1351 2102 1374 2124 4.
1397 2099 1462 2130 (vid.
1483 2100 1590 2130 Corpus
1609 2101 1677 2124 iuris
1702 2101 1792 2124 civilis
1811 2102 1852 2125 ed.
1872 2102 1892 2126 1.
1905 2103 1933 2125 1..
1947 2102 2017 2127 Gau.
2034 2103 2111 2125 flet-2..

1190 2134 1263 2157 'forn⁴
1283 2134 1314 2157 lt.
1334 2134 1361 2158 P.
1381 2135 1401 2158 l.
1421 2141 1446 2164 Ρ.
1467 2135 1550 2166 125)-

1154 2174 1184 2206 6)
1205 2177 1273 2204 vox]
1294 2177 1320 2200 in
1339 2177 1439 2201 Codice
1458 2178 1575 2208 legitur:
1595 2184 1648 2201 vox
1668 2180 1719 2201 est„

1154 2219 1184 2250 7)
1205 2219 1359 2249 imperium]
1379 2221 1405 2244 in
1425 2220 1505 2244 Coct:
1526 2221 1647 2251 imperio.

1154 2262 1184 2294 8)
1205 2263 1233 2285 ln
1253 2262 1350 2286 Codice
1370 2263 1461 2286 addita
1480 2266 1544 2286 sunt
1562 2264 1642 2286 haec:
1663 2264 1696 2286 Et
1715 2264 1825 2286 oraculo
1846 2265 1999 2292 praesentis
2021 2265 2110 2294 edicti,

1190 2297 1260 2326 quod
1280 2297 1357 2320 nobis
1376 2297 1461 2320 licere
1480 2304 1534 2321 non
1553 2297 1686 2326 patimur,
1706 2297 1768 2320 aliis
1789 2298 1943 2323 indicamus.

1153 2338 1182 2370 9)
1203 2339 1315 2368 Severi]
1335 2340 1374 2363 sic
1393 2342 1467 2363 recte
1486 2340 1535 2364 Ed.
1556 2340 1646 2370 1538.;
1672 2340 1740 2363 Edit.
1762 2340 1835 2363 1540.
1855 2342 1882 2363 et.
1903 2342 1975 2365 15⁴6.
1997 2345 2107 2373 typogzr.

1188 2380 1299 2398 errore:
1320 2374 1396 2399 veri.

1154 2415 1198 2447 10)
1220 2417 1293 2439 Haec
1317 2417 1402 2440 verba
1429 2417 1604 2440 inveniuntur
1630 2416 1656 2439 in
1688 2417 1890 2441 Institutionum
1910 2418 1928 2441 1.
1948 2418 1979 2443 li.
2007 2420 2046 2443 tit.
2069 2420 2107 2443 17.

1188 2451 1304 2512 5231)
1323 2451 1379 2474 fine
1403 2451 1470 2480 (vid.
1490 2451 1571 2481 Corp.
1591 2452 1642 2474 tur.
1662 2451 1713 2474 civ.
1733 2452 1775 2474 ed.
1796 2453 1876 2476 Beck.
1902 2453 1976 2476 Toni.
1996 2455 2012 2477 L
2042 2454 2069 2478 P.
2090 2455 2108 2477 l.

1154 2492 1199 2555 111)
1220 2527 1473 2555 Lutzentuiratensi]
1505 2527 1544 2550 sic
1577 2527 1642 2551 Edd.
1680 2528 1753 2551 1540.
1787 2530 1812 2550 et
1841 2529 1929 2555 1546,;
1959 2531 2006 2554 tta.
2035 2531 2106 2555 ΗΖΒ-4,

1187 2563 1427 2588 hamelburgensi,
1446 2568 1492 2590 pro
1505 2562 1730 2589 Lucititmrgensi,
1741 2563 1916 2589 Lucit›1ir‚⁴2.s.
1929 2565 2107 2594 laniantum-g.

1186 2609 1219 2612 Β
1240 2597 1336 2619 (fomes
1356 2596 1489 2619 nonsit-us
1509 2602 1524 2618 a
1542 2597 1712 2624 Luxemtmrg
1727 2598 1942 2627 (baianum-g),
1961 2606 1985 2622 a.
2002 2601 2066 2623 1³0&
2075 2613 2105 2617 -·

1190 2631 1263 2653 1313.
1284 2631 1434 2659 Imperator
1454 2632 1650 2653 Germanorum
1673 2632 1802 2653 Heni-icus
1825 2632 1880 2656 Vll.

1154 2674 1198 2701 1⁶2)
1222 2673 1447 2700 {arist-‹uisnttusl
1468 2674 1506 2695 sic
1526 2673 1591 2696 Edd.
1613 2673 1685 2696 1535.
1707 2676 1732 2696 ct
1754 2673 1843 2699 1540.;
1869 2675 1917 2698 Ed.
1946 2676 2018 2699 1516.
2047 2678 2068 2699 h.
2091 2678 2106 2701 l.

1188 2708 1389 2730 iureconsultus
1410 2708 1550 2736 (deinceps
1570 2710 1673 2730 autem:
1695 2708 1922 2740 iurisconsultus,
1944 2715 2107 2740 :pi-‘ipropter

1188 2742 1268 2765 ctiam
1287 2744 1310 2765 ti.
1330 2742 1346 2766 l.
1367 2742 1479 2765 eandem
1498 2743 1610 2765 t‘orinaui
1627 2743 1830 2773 praetulimus).
