2347 3000
240 132 311 167 147

238 225 305 252 tur.
359 217 480 263 ltaque
501 218 534 250 iu
551 219 751 252 civitatibus
777 219 848 251 iure
866 219 1063 252 constitutis
1087 232 1226 263 semper

236 271 380 302 suerunt
397 270 488 311 leges
506 271 547 301 de
564 277 698 313 stupro.

338 321 518 354 Difserunt
541 328 656 353 antem
683 328 843 364 stuprum
873 321 905 351 xi
926 322 1068 359 factum,
1097 327 1130 352 et
1153 327 1223 354 stu-

235 384 338 416 prum
364 373 439 405 sine
464 372 631 405 xiolentia
656 374 796 404 factum.
854 371 1055 403 l'uunanum
1082 371 1134 405 ius
1162 384 1223 404 no-

235 423 397 455 minatim
417 423 556 467 capitali
576 436 688 467 poena
707 429 867 465 stuprum
889 422 921 453 vi
939 423 1068 455 factum
1082 449 1090 461 ,
1119 430 1151 455 et
1168 436 1223 456 ra—

236 481 333 518 ptum
354 475 466 518 punit.
519 474 563 507 Et,
590 481 738 517 uterque
758 485 856 506 casus
881 474 953 515 lege
972 473 1057 507 lulia
1074 473 1118 519 ⁷¹)
1143 488 1222 519 pro-

233 526 418 558 nuntiatur
447 537 517 557 esse
548 525 598 557 vis
622 524 779 567 publiea,
820 537 890 569 quo
915 525 1062 558 crimine
1087 527 1221 559 nullum

234 583 283 609 est
309 576 472 609 atrocius.
549 575 618 607 Lex
644 575 859 621 M‹)saira⁷‘-')
889 576 994 609 etiam
1026 584 1059 609 ct
1087 578 1222 610 Atticae

232 629 323 669 leges
357 634 517 670 stuprum
552 626 585 657 x'i
618 627 748 659 sactum
778 628 986 671 capitalibus
1014 629 1137 672 poenis
1160 642 1222 673 pu-

232 679 388 710 niebant.

333 729 400 761 Sed
429 728 525 760 aliud
553 734 603 761 est
630 735 792 773 stuprum
826 730 900 762 sine
931 730 1119 770 violentia,
1156 729 1221 764 lior

232 778 337 812 habet
364 779 440 812 iure
467 779 625 812 Mosaico
650 793 820 824 poenam:
860 781 975 814 Ducat
1000 788 1031 814 et
1057 783 1151 815 dotet
1164 782 1221 827 73).

231 831 347 863 Attico
375 831 448 863 iure
474 831 653 864 mitiorem
677 844 828 875 poenam
858 830 981 865 lialiet:
1021 833 1127 866 llurat
1162 841 1218 866 aut

230 884 338 915 dotet.
392 881 466 914 Lex
484 882 639 915 Mosaica
660 883 835 916 consuluit
856 881 983 915 honori
1009 885 1221 928 puellarum,

230 940 263 966 et
280 933 375 966 auxit
396 945 567 977 poenam,
597 934 689 977 cogit
710 934 803 967 enim
823 935 865 966 ad
884 936 1098 968 ducendam:
1137 937 1218 969 item

230 986 273 1017 ad
294 985 449 1017 dandam
469 986 609 1025 dotem,
638 991 671 1017 et
689 992 782 1018 xetat
801 998 879 1018 cum
907 987 962 1019 illa
987 999 1145 1032 unquam
1171 989 1221 1020 sa—

231 1048 307 1068 cere
329 1036 534 1070 divortium.

329 1085 385 1120 Ius
402 1087 605 1120 Romanum
624 1088 803 1121 constituit
829 1088 1028 1130 graviorem
1056 1102 1219 1133 poenam,

228 1138 357 1171 scilicet
384 1151 552 1182 personas
576 1137 784 1172 humiliores
816 1140 911 1172 iubet
935 1137 1114 1172 coherceri
1144 1152 1218 1173 cor-

229 1201 314 1233 pore
341 1196 373 1221 et
398 1190 560 1234 relegari.
623 1190 691 1222 Sed
717 1203 886 1234 personas
911 1203 984 1222 non
1008 1191 1093 1224 viles
1118 1191 1218 1234 punit

228 1241 467 1283 publicatione
487 1241 656 1274 dimidiae
676 1242 786 1285 partis
805 1242 982 1273 bonorum
999 1241 1055 1286 77).
1097 1240 1219 1287 ltaque

229 1291 281 1324 ius
308 1291 533 1331 Romanum,
569 1292 651 1336 quia
676 1292 832 1325 severius
860 1292 961 1335 punit
986 1298 1128 1336 stupra,
1156 1290 1219 1325 ho-

226 1342 464 1376 nestissimum
484 1349 545 1376 est.

327 1394 430 1427 Nunc
456 1394 653 1438 respondeo
675 1393 719 1426 ad
736 1393 993 1438 quaestionem.
1048 1392 1085 1425 Si
1103 1392 1218 1425 Halir-

226 1442 390 1477 rhothius
406 1444 451 1490 7⁵)
468 1445 502 1477 vi
518 1444 727 1489 compressit
744 1444 936 1489 Alcippen,
973 1451 1006 1477 et
1023 1444 1120 1478 Mars
1138 1457 1217 1477 eum

228 1494 464 1540 deprehendit
481 1494 596 1529 adhuc
615 1496 649 1527 vi
666 1502 842 1528 tenentem
862 1496 1014 1540 puellam
1029 1522 1037 1535 ,
1066 1496 1141 1529 iure
1166 1495 1218 1527 in-

226 1547 363 1580 terfecit
379 1547 542 1581 iuvenem
556 1574 564 1587 ,
591 1560 650 1581 seu
671 1547 751 1592 quia
772 1547 829 1579 ille
847 1547 918 1579 vim
937 1547 1037 1587 fecit,
1065 1560 1126 1580 seu
1142 1553 1218 1579 tan-

227 1610 335 1644 quam
353 1605 546 1643 raptorem.
608 1599 679 1643 Qui
698 1605 793 1631 arcet
811 1598 882 1631 vim
901 1599 1079 1642 publicam
1099 1612 1115 1631 a
1135 1598 1218 1637 suis,

228 1649 372 1694 impune
390 1657 507 1694 potest
526 1651 722 1683 interficere
743 1650 780 1682 in
806 1650 1003 1683 continenti
1028 1662 1128 1690 eum,
1157 1650 1217 1694 qui

228 1701 334 1734 insert
354 1701 437 1735 xim.
491 1701 547 1734 Sic
563 1701 660 1734 Mars
678 1701 772 1734 ultus
791 1707 842 1734 est
864 1701 935 1733 vim
954 1701 1088 1734 illatam
1114 1701 1217 1736 filiae.

225 1751 321 1796 Ergo
340 1752 416 1785 iure
436 1753 611 1786 interfecit
625 1750 925 1786 Halirrhothium.

327 1803 407 1836 Alia
434 1804 537 1838 ratio.
602 1804 772 1848 Stuprum
802 1804 836 1835 vi
869 1805 999 1837 factum
1033 1810 1067 1836 et
1096 1810 1218 1848 raptus

226 1861 307 1887 sunt
322 1855 434 1899 paria,
455 1855 536 1900 quia
555 1862 747 1900 utrumque
766 1861 817 1888 est
834 1855 885 1888 vis
902 1855 1054 1900 publica.
1083 1855 1219 1900 Rapto-

226 1918 301 1938 rem
330 1906 410 1938 licet
433 1906 601 1946 interfici,
641 1904 901 1950 deprehensum
938 1906 974 1938 in
1014 1906 1073 1939 illo
1102 1913 1218 1951 raptu.

225 1957 320 2001 Ergo
338 1957 442 1990 etiam
459 1964 698 2003 stupratorem
717 1958 822 1990 talem
843 1955 1117 2002 deprehensum,
1142 1964 1218 1991 tan-

226 2020 333 2054 quam
353 2015 532 2053 raptorem
548 2036 557 2049 ,
584 2009 664 2042 licet.
684 2009 845 2043 interfici.

260 2156 306 2188 71)
327 2157 392 2181 scil.
416 2157 478 2188 lege
503 2156 572 2180 Iulia
599 2157 631 2180 de
657 2157 683 2180 vi
707 2157 831 2187 publica,
866 2157 937 2181 conf.
962 2157 1070 2187 Digest.
1096 2157 1218 2181 XLvnl.

294 2192 334 2216 tit.
355 2192 379 2216 6.
408 2192 462 2221 leg.
481 2192 506 2215 3.
533 2191 558 2221 S.
579 2191 670 2216 2-5.
696 2191 793 2222 (Corp-
822 2192 872 2216 iur.
900 2192 950 2217 εἰν.
978 2192 1019 2216 ed.
1043 2192 1123 2217 Beck.
1150 2193 1179 2216 T.
1198 2193 1217 2218 1.

294 2226 321 2250 P.
342 2226 373 2250 ll.
392 2233 416 2256 p.
436 2226 521 2253 999.)

260 2275 307 2307 72)
328 2277 441 2301 Deuter.
459 2276 509 2308 22,
530 2276 572 2301 25.

260 2326 307 2357 73)
327 2328 412 2352 Exod.
431 2327 483 2358 22,
505 2327 543 2351 16.
582 2327 693 2353 Denter.
713 2329 764 2358 22,
782 2329 823 2354 28.
842 2329 884 2354 29,

261 2376 307 2408 74)
327 2378 447 2403 institut.
472 2378 519 2402 lv.
551 2378 592 2403 tit.
619 2379 658 2404 18.
693 2379 718 2408 S.
744 2381 784 2404 4.:
816 2380 908 2404 Poena
933 2381 1024 2404 autem
1056 2380 1150 2405 eadem
1173 2381 1217 2405 lex

294 2412 367 2441 (scit.
388 2413 430 2435 tex
450 2413 517 2436 lulia
535 2413 568 2436 de
587 2413 732 2437 adulteriis
757 2414 931 2442 coercendis)
955 2415 1063 2445 irrogat
1090 2417 1217 2445 peccato-

296 2446 382 2475 ribus,
401 2446 423 2469 si
438 2447 544 2469 honesti
559 2449 631 2477 sunt,
651 2448 859 2478 publicationem
876 2449 964 2479 partis
984 2449 1109 2473 dimidiae
1132 2451 1216 2474 bono-

295 2487 369 2509 rum,
397 2480 420 2503 si
439 2481 570 2507 humiles,
595 2482 721 2512 corporis
746 2483 939 2507 coercitionem
958 2490 1017 2507 cum
1036 2484 1215 2514 relegatione.

294 2514 391 2544 (Corp.
412 2514 461 2537 iur.
481 2515 532 2537 civ.
552 2515 593 2538 ed.
614 2517 695 2540 Beck.
720 2517 750 2540 T.
770 2517 790 2542 1.
808 2517 835 2541 P.
856 2518 876 2542 1.
896 2525 920 2547 p.
941 2518 1024 2546 121.).
1061 2518 1140 2543 conf.
1159 2519 1216 2542 Lex

296 2549 347 2572 Dei
366 2548 425 2571 sive
444 2548 540 2572 incerti
560 2549 705 2579 scriptoris
725 2551 907 2576 Mosaicarum
927 2554 953 2576 et
970 2553 1154 2577 Romanarum
1174 2554 1215 2576 le-

294 2589 357 2612 gum
375 2582 494 2606 collatio.
537 2582 610 2607 Cura
629 2584 675 2608 Fr.
695 2585 804 2616 ntum,
830 2586 871 2610 tit.
891 2587 925 2610 V.
953 2587 986 2610 de
1011 2587 1215 2617 stupratoribus

294 2622 352 2674 zap.
369 2616 623 2679 2.1(Cor3p:pg)iuris
642 2618 756 2643 Romani
775 2620 991 2647 anteiustiniani.
1010 2621 1059 2647 Ed.
1080 2623 1214 2646 Bounens.

319 2657 375 2675 asc.
407 2670 411 2674 .
432 2657 457 2680 p.
529 2669 535 2675 .
554 2669 561 2676 .

259 2701 306 2731 75)
327 2701 544 2729 Halirrhothius]
563 2701 644 2727 Editt.
666 2704 755 2735 1538.‚
778 2705 851 2731 1540.
872 2708 898 2730 et
921 2707 993 2732 ¹546.
1012 2707 1055 2732 hic
1076 2710 1102 2732 et
1122 2707 1148 2733 in
1167 2715 1214 2733 se-

296 2737 417 2767 quentt.:
437 2736 597 2766 Atys-maus,

519 131 719 165 SCRIPTA
745 132 818 167 Pil.
846 133 955 167 MEL.
981 133 1046 166 AD
1067 132 1275 168 ETHICEN
1302 132 1367 167 ET
1388 132 1644 170 POLITICEN
1670 134 1978 170 SPECTANTIA.

2190 135 2260 170 148

1382 220 1475 253 Haec
1491 221 1647 255 defensio
1663 221 1789 255 Martis
1805 228 1855 255 est
1871 221 2015 266 propria
2030 247 2038 259 ,
2066 226 2099 252 et
2122 228 2262 265 sumpta

1278 283 1317 303 ex
1342 284 1482 304 summo
1506 273 1582 304 inre
1606 274 1648 306 de
1673 285 1785 317 poena
1811 274 1923 317 stupri
1953 272 1984 304 vi
2010 271 2110 311 sacti,
2138 279 2198 305 aut
2220 274 2263 305 de

1280 334 1391 365 poena
1414 329 1545 366 raptus.
1573 323 1619 356 lit
1635 323 1700 356 liae
1716 325 1919 358 desensione
1937 324 2047 356 utitur
2058 322 2154 356 Mars
2170 326 2262 367 apud

1280 373 1467 406 Libanium
1482 373 1539 419 ⁷⁶).
1583 374 1713 408 hai-rat
1732 376 1824 408 cuim
1844 377 1875 408 vi
1893 376 2045 420 puellam
2062 374 2106 421 77)
2124 380 2262 419 stupra-

1278 431 1347 457 tam
1370 438 1461 465 esse,
1495 438 1600 470 seque
1618 433 1786 471 tanquam
1806 434 1942 471 patrem
1959 426 2210 459 contumeliam
2229 427 2263 458 vi

1278 476 1409 508 illatam
1430 477 1504 509 iure
1521 477 1638 509 ulcisci
1658 478 1823 521 potuisse.

1377 528 1485 560 Addit.
1511 529 1730 572 exemplum,
1766 542 1836 573 quo
1865 529 1993 573 probat
2023 529 2263 561 defensionem

1276 576 1367 611 lianc
1394 592 1452 612 seu
1481 580 1671 612 xindictam
1699 592 1770 613 esse
1797 580 2014 619 naturalem,
2051 580 2131 625 quia
2156 579 2262 612 etiam

1276 630 1408 663 bestiae
1435 631 1668 664 incendantur
1693 631 1816 664 dolore
1843 637 1948 676 atque
1977 631 2047 669 ira,
2074 637 2105 663 et
2133 643 2263 674 propu-

1276 688 1383 724 gnent
1400 689 1455 714 aut
1477 682 1691 715 ulciscantur
1712 683 1781 715 vim
1802 683 1934 715 illatam
1950 681 1993 727 ⁷⁸)
2008 682 2133 715 soboli.
2194 682 2262 715 Sed

1276 733 1437 766 existimo
1455 734 1609 766 Graecos
1626 732 1719 767 hunc
1737 747 1855 767 casum
1872 733 2036 777 Alcippes
2057 733 2195 766 finxisse
2220 734 2262 765 de

1275 791 1398 828 stupro
1415 785 1490 817 siue
1513 785 1544 816 x'i
1564 787 1674 824 sacto,
1703 798 1784 818 nam
1812 785 1980 818 iudicium
2006 785 2047 817 de
2072 784 2106 816 vi
2124 791 2263 818 nonest

1275 836 1427 869 difficile.
1493 837 1558 869 Sed
1579 850 1676 869 casus
1695 837 1858 881 Alcippes
1879 837 2017 869 xidetur
2037 836 2263 877 excogitatus,
2289 842 2296 847 '

1276 893 1313 919 ut
1333 887 1367 919 in
1385 888 1624 920 contrmersia
1646 889 1750 920 (lubin
1779 889 1939 932 exemplo
1967 893 2074 926 esset,
2103 887 2264 919 videlicet

1275 939 1316 969 de.
1342 945 1464 982 stupro
1492 939 1566 972 sine
1594 939 1625 970 x'i
1652 941 1762 979 sacto,
1800 952 1844 971 an
1869 940 1901 971 id
1927 952 2068 984 quoque
2096 939 2263 971 atrociter

1275 990 1492 1033 puniendum
1511 991 1566 1029 sit,
1588 1003 1631 1022 an
1652 997 1750 1034 paler
1770 990 1859 1023 iusto
1879 991 2001 1023 dolore
2020 987 2262 1022 x‘eliemeutius

1274 1048 1484 1079 commotus,
1509 1040 1634 1074 habeat
1656 1043 1930 1075 excusationem.
1985 1040 2049 1072 llic
2066 1053 2164 1074 casus
2180 1053 2262 1073 con-

1275 1092 1362 1124 tinet
1388 1093 1544 1125 eruditas
1567 1093 1835 1136 disputationes.
1891 1092 2012 1136 ltaque
2033 1092 2061 1125 si
2087 1092 2260 1135 fingamus

1274 1143 1308 1175 in
1344 1156 1425 1176 casu
1458 1144 1621 1187 Aleippes
1648 1151 1808 1188 stuprum
1846 1157 1918 1176 non
1947 1156 2018 1176 esse
2053 1143 2087 1175 vi
2118 1144 2262 1183 sactum,

1274 1206 1407 1238 quaero
1429 1206 1474 1226 an
1502 1194 1639 1226 licuerit
1657 1195 1763 1228 Marti
1790 1202 2027 1239 stupratorem
2055 1194 2261 1227 interficere.

1273 1244 1505 1287 Respondeo:
1533 1244 1585 1277 De
1605 1252 1715 1289 nupta
1744 1248 1941 1279 concedunt
1957 1246 2143 1278 Romanae
2170 1246 2261 1289 leges

1273 1295 1366 1339 patri
1384 1295 1579 1328 interficere
1596 1297 1700 1329 simul
1717 1295 1905 1330 moechum
1931 1304 1963 1330 et
1979 1297 2087 1329 filiam
2111 1303 2259 1341 nuptam

1273 1346 1385 1380 alteri.
1436 1347 1575 1379 Deinde
1602 1348 1733 1380 marito
1759 1349 1957 1381 concedunt
1980 1347 2115 1380 Atticae
2141 1355 2174 1380 et
2189 1348 2261 1380 Ro-

1272 1409 1399 1430 manae
1433 1399 1526 1441 leges
1563 1398 1758 1432 interficere
1794 1397 2003 1439 moechum,
2046 1410 2120 1431 non
2155 1398 2261 1431 etiam

1272 1461 1431 1482 uxorem.

1374 1500 1568 1534 PausanIas
1587 1500 1898 1543 allegatDraconis
1913 1500 2081 1546 legemw)
2093 1527 2101 1540 ‚
2118 1506 2151 1533 et
2168 1505 2262 1532 extat

1271 1551 1397 1596 Lysiae
1423 1551 1560 1591 oratio,
1598 1552 1634 1584 in
1659 1564 1727 1597 qua
1753 1553 1954 1585 defenditur
1977 1552 2172 1597 quispiam,
2201 1550 2262 1596 qui

1272 1600 1459 1635 moechum
1482 1603 1705 1636 interfecerat
1718 1602 1783 1649 ⁸⁰),
1810 1611 1843 1637 et
1859 1605 1987 1637 citatur
2004 1604 2058 1636 lex
2074 1602 2203 1641 Attica,
2223 1601 2260 1634 in

1272 1666 1340 1699 qua
1358 1666 1517 1698 expresse
1539 1655 1708 1698 scriptum
1719 1657 1794 1698 lest:
1825 1656 2025 1688 adulterum
2045 1654 2190 1699 impune
2208 1653 2261 1685 in-

1273 1705 1383 1738 terfici
1407 1718 1508 1750 posse
1533 1718 1551 1738 a
1577 1706 1719 1740 marito.
1772 1706 1819 1740 Et
1841 1707 1983 1752 quidem
2007 1706 2125 1745 addit,
2153 1704 2259 1738 etiam

1272 1757 1371 1790 illum
1393 1757 1536 1802 impune
1554 1757 1703 1790 interfici
1720 1770 1842 1802 posse,
1871 1757 1933 1803 qui
1955 1757 2191 1790 concubinam
2211 1756 2261 1789 al-

1272 1808 1380 1842 terius
1397 1808 1611 1853 comprimit.
1640 1809 1708 1841 Sed
1724 1807 1790 1842 hae
1809 1810 1900 1853 leges
1918 1810 1959 1842 de
1979 1815 2088 1853 nupta
2107 1808 2260 1854 loquun-

1272 1866 1348 1899 tur,
1371 1861 1461 1893 etde
1481 1860 1672 1893 adulterio:
1702 1873 1774 1893 non
1801 1867 1917 1893 autem
1946 1862 2145 1893 concedunt
2167 1859 2260 1902 leges

1272 1911 1421 1944 interfici
1438 1924 1538 1951 eum,
1568 1912 1627 1956 qui
1645 1912 1782 1956 puellae
1802 1912 1971 1956 innuptae
1999 1918 2160 1956 stuprum
2185 1910 2259 1943 sine

1271 1962 1305 1994 vi
1323 1962 1460 1996 obtulit.
1510 1963 1591 1998 Non
1611 1963 1717 2007 igitur
1731 1963 1830 1996 licuit
1846 1963 1953 1996 Marti
1980 1963 2174 1996 interficere
2189 1961 2260 1994 Ha-

1271 2011 1520 2054 lirrhothium,
1545 2014 1572 2047 si
1590 2021 1751 2059 stuprum
1775 2015 1849 2048 sine
1875 2014 1909 2046 vi
1926 2014 2017 2048 fecit.
2070 2013 2115 2047 Et
2140 2019 2259 2046 tamen

1272 2065 1355 2110 quia
1380 2063 1467 2099 haec
1491 2067 1614 2099 caedes
1638 2067 1747 2099 multa
1774 2064 1881 2099 hahet
1905 2065 2087 2100 dissimilia
2110 2062 2260 2098 homici-

1272 2116 1358 2155 diis,
1387 2129 1476 2162 quae
1492 2117 1566 2162 lege
1584 2117 1799 2161 puniuntur,
1828 2118 1908 2151 ideo
1931 2117 2075 2161 fingitur
2096 2114 2183 2149 haec
2208 2116 2259 2148 sa-

1271 2168 1352 2201 bula
1364 2195 1372 2207 ‚
1398 2175 1436 2202 ut
1453 2175 1597 2201 moneat
1612 2167 1804 2204 ἐπιείκειαν
1829 2169 1865 2202 in
1883 2169 2072 2203 iudicando
2089 2164 2258 2200 adhihen-

1271 2220 1353 2252 dam
1369 2232 1458 2260 esse,
1485 2221 1512 2253 si
1529 2220 1685 2254 rationes
1701 2221 1902 2264 probabiles
1919 2226 2066 2265 propter
2080 2218 2258 2252 dissimili·

1271 2270 1431 2304 tudinem
1465 2271 1813 2306 circumstantiarum
1843 2273 2016 2306 suadeant
2039 2269 2171 2304 remitti
2197 2276 2258 2303 aut

1276 2321 1436 2366 mitigari
1452 2335 1617 2367 poenam.

1303 2470 1353 2502 76)
1373 2471 1477 2496 Libanii
1492 2472 1636 2503 sophistae
1655 2473 1795 2498 orationes
1814 2474 1840 2497 et
1859 2471 2075 2496 declamationes
2095 2472 2136 2497 ed.
2153 2471 2256 2496 Reiske

1339 2507 1402 2531 voi.
1419 2507 1468 2531 iv,
1486 2514 1511 2537 p.
1530 2508 1687 2531 410-419.

1302 2549 1395 2589 77),νί
1414 2551 1548 2580 puellam]
1569 2551 1609 2575 sic
1626 2551 1674 2575 Ed.
1701 2550 1791 2581 1546.;
1815 2549 1881 2575 Edd.
1903 2549 1976 2574 1538.
1998 2551 2025 2574 et
2046 2549 2256 2580 1540..pueltam

1336 2591 1372 2609 vi.

1302 2624 1349 2656 78)
1369 2625 1487 2656 illatam]
1507 2626 1546 2650 sic
1565 2627 1614 2652 Ed.
1634 2627 1723 2658 1516.;
1742 2626 1810 2652 Edd.
1831 2626 1905 2652 1538.
1924 2627 1951 2650 et
1971 2626 2045 2650 ¹540.
2064 2627 2186 2651 allatam.

1301 2668 1347 2700 79)
1367 2669 1502 2693 Draconis
1527 2670 1616 2701 legem
1641 2670 1674 2693 de
1698 2669 1834 2693 adulterio
1858 2670 1962 2698 aliegat
1981 2669 2134 2694 Pausanias
2160 2670 2186 2694 iu
2205 2668 2255 2693 de-

1337 2704 1433 2734 script.
1454 2704 1587 2728 GraecIae
1605 2704 1649 2730 lib.
1667 2704 1714 2729 lx.
1733 2709 1791 2734 cap.
1809 2703 1851 2728 ³6.
1871 2704 1896 2733 S.
1914 2704 1939 2728 8.

1300 2744 1347 2777 80)
1367 2746 1472 2777 Lysiae
1492 2746 1579 2772 oratio
1598 2746 1617 2772 Ι.
1637 2752 1686 2777 pro
1705 2746 1787 2771 caede
1806 2746 2008 2772 Eratosthenis.
