2347 3000
94 117 167 153 829
654 115 711 151 VI.

94 202 178 248 quid
203 202 247 236 sit
269 201 489 241 iustificati0‚
517 201 764 245 exponendum
789 207 857 241 est,
885 201 981 246 quod
1000 201 1076 245 Spi-

91 253 178 286 riuis
202 260 341 286 sanctus
366 253 491 285 efficiat
516 252 553 284 in
576 252 703 284 animis
728 250 913 284 hominurn
941 257 1073 284 metum

90 303 201 336 dixini
218 303 357 343 iudicii,
385 309 419 335 et
436 303 531 347 quod
556 302 593 335 in
619 315 657 335 ea
684 303 968 335 consternatione
993 314 1074 335 con-

90 355 222 387 soletur
241 360 274 387 et
290 354 402 396 erigat
417 353 555 386 animos
572 366 634 397 per
651 353 881 395 Evangeliuui
900 354 1073 386 intuentes

90 405 125 437 in
144 403 333 438 Christum.
385 403 438 436 Ex
456 404 558 436 tertio
577 404 841 451 (ss)t't'1‹·i‹›rua1⁷⁷)
866 410 1013 448 apparet
1038 403 1072 435 in

88 455 218 488 iudicio
238 456 279 487 de
297 454 478 487 fiduciaria
496 455 758 499 mancipatione
771 482 780 495 ,
807 454 892 487 baec
910 456 1013 487 verba
1035 454 1071 486 in

87 505 248 538 formulis
281 506 402 538 solitos
438 506 653 538 adscribere:
706 506 801 539 Inter
835 507 948 539 bonos
982 506 1070 537 bene

88 555 196 599 agicr.
269 556 542 600 Quaerebantur
580 557 673 589 enim
706 558 741 589 in
771 557 901 589 iudicio
934 568 1070 595 causae,

86 607 268 650 quomodo
300 607 427 652 aliquis
455 608 555 639 alteri
580 609 727 640 fundum
754 608 972 646 tradidisset,
1009 618 1070 639 cur

83 653 140 689 hic
158 656 341 690 restituere
357 664 544 691 recusaret.
596 658 769 691 Fortassis
792 665 824 690 et
841 659 877 690 in
891 658 1067 690 sociorum

85 707 334 741 controversiis
363 714 396 740 et
420 708 496 741 aliis
523 709 719 741 actionibus
742 710 856 741 bonae
881 709 977 747 fidei,
1013 719 1069 739 ea-

84 758 164 790 dem
180 759 332 792 formula
351 759 405 792 usi
420 765 512 792 sunt.
553 759 616 792 Est
634 766 750 791 autem
769 760 947 802 egregium
964 770 1068 801 prae-

84 815 243 852 ceptum,
271 810 315 842 ad
332 821 473 841 omnem
493 809 601 841 vitam
620 810 820 852 pertinens,
848 815 882 841 et
903 821 971 841 vox
994 809 1067 851 ple-

82 871 128 892 na
145 857 394 899 humanitatis,
421 865 460 891 ut
476 858 568 892 inter
585 860 698 893 bonos
715 860 804 892 bene
829 866 972 903 agatur,
1000 857 1067 891 hoc

82 916 153 950 est,
192 911 305 943 bonos
333 921 374 942 ex
401 910 468 942 fide
491 910 617 943 debere
642 917 821 954 praestare
847 910 951 942 etiam
976 922 1065 954 quae

81 972 155 992 non
187 966 307 1004 aperte
335 959 454 1002 lingua
476 967 680 1004 nuncupata
701 962 789 1001 sint,
824 961 913 994 Dass
942 961 1066 993 heinm-

81 1012 150 1043 den
166 1012 321 1043 anderen
339 1008 504 1054 get'ehren
527 1012 658 1057 501175).
716 1012 819 1045 Actio
844 1012 896 1044 rei
919 1011 1065 1045 uxoriae

80 1067 174 1101 erat,
201 1062 345 1106 quando
362 1062 453 1094 facto
471 1062 626 1094 divortio
644 1064 868 1106 repetebatur
885 1063 960 1096 dos.
1013 1061 1064 1094 Ibi

80 1112 134 1144 vir
149 1124 252 1156 saepe
270 1112 498 1152 causabatur,
533 1113 709 1157 impensas
732 1126 766 1147 se
791 1114 931 1151 secisse;
964 1125 1065 1156 prae-

79 1168 174 1195 terea
197 1163 286 1202 alia,
319 1175 381 1195 cur
405 1164 523 1195 dotem
547 1170 725 1197 recusaret
748 1165 908 1197 reddere.
967 1163 1063 1206 Ergo

78 1213 115 1245 in
133 1214 376 1256 cognoscendo
394 1213 479 1258 quid
497 1215 641 1254 melius,
678 1215 824 1259 aequius
848 1219 936 1248 esset
958 1227 1063 1258 quae-

77 1264 223 1304 rebant,
252 1270 285 1297 ct
301 1264 506 1297 iudicabant
527 1277 569 1298 ex
591 1265 767 1310 aequitate
792 1265 877 1310 quid
902 1264 979 1297 viro
1007 1265 1063 1297 de-

76 1315 239 1354 beretur,
274 1327 317 1347 ne
342 1315 470 1347 mulier
490 1316 828 1362 det'1·.‘1udaretur⁷³).
884 1316 952 1349 Sed
978 1313 1063 1348 haec

78 1366 190 1406 actio,
223 1371 263 1397 ut
283 1366 379 1398 fraus
404 1366 666 1407 excluderetur,
702 1367 881 1410 praeclare
905 1372 1061 1399 correcta

76 1422 138 1450 est.
208 1416 441 1460 Quaerendae
473 1424 589 1450 autem
614 1424 647 1450 et
670 1417 706 1449 in
732 1415 797 1450 hac
822 1416 1062 1450 controversia

77 1478 201 1500 causae
231 1473 351 1507 erant,
391 1479 437 1500 an
461 1468 515 1500 vir
538 1468 673 1501 fecisset
696 1468 893 1512 impensas,
937 1479 982 1500 an
1007 1480 1062 1500 res

75 1518 249 1558 donatae,
284 1524 349 1552 etc.
433 1520 519 1552 Eum
540 1521 597 1564 qui
616 1522 746 1563 neqotia
764 1520 893 1564 aliena]
929 1519 1062 1552 Procu-

73 1575 244 1602 satorem.

178 1634 263 1679 Cap.
279 1633 401 1668 XVIII.
438 1632 467 1678 3.
493 1635 552 1669 67.
596 1637 797 1670 Coniunctus
818 1636 910 1680 huic]
938 1635 991 1668 De
1015 1637 1061 1669 es-

73 1685 219 1719 sectibus
237 1685 395 1731 sequitur
411 1685 520 1720 locus.
573 1684 611 1718 In
630 1692 703 1718 tota
721 1693 837 1719 autern
855 1687 926 1719 sere
945 1685 1060 1730 philo-

74 1735 199 1780 sophia
222 1737 280 1776 fit,
316 1743 356 1769 ut
380 1748 503 1769 causae
530 1749 571 1769 ex
595 1737 720 1770 effectu
745 1743 983 1782 quaerantur,
1026 1744 1060 1770 et

74 1793 239 1828 econtra,
281 1792 338 1820 ut:
379 1786 443 1820 Est
467 1799 566 1821 arcus
588 1787 625 1820 in
649 1788 822 1828 nubibus,
855 1788 913 1821 ille
938 1795 990 1822 est
1012 1790 1059 1821 ef-

73 1838 194 1871 fectus.
247 1836 381 1870 Causae
398 1844 617 1882 quaeruntur
628 1865 637 1878 ,
666 1851 728 1871 cur
745 1839 793 1871 ita
810 1840 883 1873 fiat.

178 1894 208 1940 3.
226 1896 286 1930 69.
312 1898 430 1940 Specie
454 1898 580 1942 autem]
607 1895 646 1929 Id
670 1904 739 1938 est,
770 1897 985 1939 substantia,
1019 1904 1058 1931 ut

74 1959 155 1981 cum
173 1959 299 1980 aurum
317 1960 396 1980 cum
417 1954 562 1990 argento
580 1948 723 1980 consero
736 1974 745 1988 ,
782 1955 816 1981 et
837 1961 912 1981 rein
938 1961 1001 1993 per
1023 1962 1056 1982 se

74 1998 271 2032 considem.
348 1998 533 2031 Bonorum
570 2011 696 2042 genera
735 2005 817 2032 sunt
857 1997 1057 2039 honestum,

72 2050 178 2089 utile,
204 2049 394 2082 iucundum
407 2075 416 2088 ,
442 2055 499 2083 ut:
534 2048 568 2082 Si
586 2062 728 2094 possum
749 2062 789 2083 ex
804 2049 914 2083 literis
933 2057 966 2083 et
982 2063 1055 2083 rem

72 2100 284 2133 familiarem
315 2112 464 2144 parare,
512 2106 546 2132 et
583 2101 713 2133 bonam
748 2101 1056 2142 existimationem,

72 2163 215 2196 possum
233 2151 316 2183 item
335 2150 411 2184 aliis
432 2151 616 2195 prodesse:
651 2164 734 2195 ergo
757 2152 868 2185 multo
892 2152 1056 2186 meliores

74 2208 156 2236 sunt
173 2202 314 2241 literae,
342 2214 449 2247 quam
466 2202 649 2235 cerdonica
662 2229 671 2242 ,
699 2215 740 2236 ex
757 2215 825 2247 qua
843 2215 916 2235 non
940 2210 1054 2247 potest

74 2253 190 2296 colligi
210 2252 434 2286 existimatIO.
518 2255 644 2287 Ιηιιιιΐα
665 2259 762 2299 (cique
785 2254 918 2298 insita]
946 2254 1056 2288 Natu-

74 2303 162 2336 ralia
187 2303 279 2336 bona
307 2303 493 2346 assumptis
518 2310 552 2336 et
576 2304 794 2336 adventitiis:
834 2304 935 2337 Bona
963 2305 1056 2337 vale-

75 2354 160 2386 tudo
179 2354 303 2386 melior
321 2361 371 2387 est
388 2354 531 2387 divitiis.
608 2357 683 2388 Non
702 2354 910 2400 artificiosis]
938 2354 974 2388 ld
993 2363 1054 2395 est,

72 2403 238 2437 fortuitis.

108 2535 157 2563 77)
177 2533 232 2557 eie.
251 2533 284 2556 de
303 2532 379 2557 ome.
391 2534 437 2565 111,
458 2536 498 2565 15,
517 2536 558 2560 61.

107 2584 154 2616 78)
174 2585 246 2608 Dass
266 2583 362 2606 keiner
381 2584 431 2608 den
448 2587 569 2610 anderen
588 2586 717 2617 gesehren
736 2586 768 2615 (ἰ.
783 2593 806 2611 e.

140 2619 287 2655 perieulum
309 2621 422 2645 vocare)
448 2621 524 2649 soth]
550 2622 590 2644 sie
614 2621 804 2651 Ettttt.1533.‚

142 2654 215 2676 1550.
235 2657 339 2675 omissa.
357 2654 428 2677 suut.

106 2702 154 2735 79)
173 2700 393 2734 defraudaretur]
410 2703 459 2728 Ed.
476 2705 550 2729 1541.
569 2706 680 2737 typogr.
699 2712 810 2731 errore:

832 2587 996 2616 gefflhrden,
1028 2587 1053 2611 in

834 2621 924 2651 1541.;
960 2622 986 2644 iu
1006 2622 1053 2646 Ed.

836 2705 1052 2734 desi-auderetur.

764 114 966 149 SCHOLIA
1002 114 1049 150 IN
1086 114 1336 152 CICERONIS
1370 111 1557 148 TOPICA.

2038 112 2111 146 850

1231 199 1261 245 3.
1279 201 1337 234 70.
1367 200 1526 243 Efficietne
1541 209 1642 232 causa
1659 193 1830 239 'yravz'or.]
1860 194 1959 239 Quae
1984 207 2037 228 res
2064 197 2111 228 et‘-

1127 251 1198 284 ficit
1221 252 1392 284 maximas
1417 250 1584 283 utilitates
1606 245 1813 285 homiuum,
1858 245 2024 289 pecunia,
2065 258 2111 278 .n

1316 301 1470 334 Maxime
1503 301 1625 332 xirtus.
1690 297 1797 329 Vides
1831 294 1887 328 hie
1916 296 2036 340 quaeri
2068 298 2109 329 de

1128 353 1306 397 ‹pratitaIIs
1343 352 1540 390 effectibus,
1587 350 1620 381 id
1656 355 1724 388 est,
1768 348 1810 378 de.
1848 346 2034 379 virtutibus
2051 346 2110 391 ⁸⁰).

1124 404 1264 446 Affectio
1279 403 1403 445 autem]
1431 402 1464 434 ld
1484 408 1553 441 est,
1577 397 1834 443 1·elationes⁸¹).
1895 397 2110 440 Principum]

1125 454 1216 497 Quist
1243 455 1286 485 ad
1313 454 1509 496 exemplum
1538 451 1707 495 pertinet,
1748 447 1917 493 quicquid
1946 447 2110 490 princeps

1124 504 1217 537 facit.
1307 504 1467 536 Pluribus
1487 502 1655 546 probatu]
1689 499 1945 544 Quaestuariae
1971 503 2062 531 artes
2088 508 2109 530 a

1124 555 1284 599 pluribus
1300 554 1482 586 laudatae:
1519 566 1601 595 ergo
1626 552 1836 595 sequendae.

1227 603 1257 648 3.
1276 605 1334 638 71.
1369 607 1415 637 At
1436 606 1520 649 quod
1532 605 1679 646 primum
1695 603 1757 644 est]
1786 599 1924 633 Scilicet
1941 598 1977 631 in
1992 598 2109 632 laude.

1122 655 1273 698 Magnus
1306 661 1357 689 est
1386 653 1502 687 bonor
1532 652 1825 696 imperatoribus,
1865 651 1983 695 itaque
2005 649 2109 681 debet

1122 707 1228 738 etiam
1264 718 1335 739 esse
1368 717 1517 747 maguus
1553 704 1613 743 iis,
1656 703 1717 747 qui
1749 703 1941 733 defendunt
1975 711 2109 734 causas.

1120 757 1275 800 Perfecta
1290 763 1339 790 est
1354 756 1475 800 omnis]
1502 755 1674 798 Epilogus
1694 759 1743 785 est
1760 752 1865 785 totius
1883 750 2056 796 libelliffi).

1222 807 1306 851 Cap.
1332 806 1421 840 XIX.
1459 806 1488 850 3.
1515 806 1574 839 73.
1620 807 1712 838 Haec
1736 815 1814 846 eryo
1844 800 2108 845 aryumentutio]

1119 856 1308 901 Appendix
1329 856 1386 890 hic
1409 857 1568 902 sequitur
1590 857 1698 888 totius
1720 853 1840 887 llbelli.
1897 852 1989 886 Nam
2011 851 2108 883 loco-

1118 921 1197 941 rum
1218 909 1381 941 tractatio
1400 909 1559 941 absoluta
1578 913 1639 940 est.
1675 904 1761 937 Loci
1779 915 1861 947 ergo
1881 902 2026 946 ἄτεχνοι
2036 900 2106 946 ³²²²)

1118 966 1334 1005 sequuntur,
1361 960 1422 1004 qui
1447 960 1490 992 ab
1514 958 1583 990 alio
1610 958 1836 995 adseruntur,
1872 960 1904 987 et
1931 959 2027 985 extra
2051 963 2106 984 ar-

1128 302 1262 336 virtus?

1118 1017 1187 1043 tem
1208 1010 1392 1055 positifflb)
1410 1016 1502 1044 sunt.

1220 1062 1305 1105 Cap.
1328 1062 1402 1095 XX.
1436 1059 1465 1104 3.
1491 1058 1550 1093 75.
1597 1061 1637 1092 Ut
1661 1055 1864 1101 Statoriossss)
1890 1066 1995 1097 nuper
2016 1054 2106 1085 acci-

1117 1112 1182 1156 dii]
1208 1111 1280 1144 Alii
1297 1112 1449 1145 Staterio
1462 1138 1471 1151 ,
1502 1109 1591 1144 nibil
1610 1115 1725 1141 autem
1746 1113 1839 1139 extat
1855 1107 1897 1138 de
1916 1104 1981 1138 hac
1995 1101 2106 1136 histo-

1117 1163 1167 1195 ria
1203 1164 1297 1207 apud
1328 1161 1575 1206 Thucydidem
1609 1160 1668 1192 lib.
1694 1158 1802 1203 Lm).
1876 1158 1965 1190 IIm'e
1995 1154 2105 1188 simile

1117 1215 1289 1259 ιμιίτῖάτυη]
1333 1213 1527 1246 Historiam
1559 1212 1652 1255 apud
1678 1208 1923 1253 Thucydidem
1937 1206 1982 1251 55)
2017 1205 2104 1247 Iege.

1118 1264 1207 1297 Curn
1230 1265 1425 1298 Pausanias
1454 1270 1601 1307 propter
1633 1260 1869 1305 suspicionem
1898 1258 2104 1290 defectionls

1117 1315 1321 1348 incurrisset
1344 1315 1381 1348 in
1408 1315 1529 1347 odium
1556 1312 1685 1346 civium
1709 1323 1876 1349 suorum,
1902 1314 2000 1341 metu
2022 1318 2105 1349 sup—

1116 1366 1212 1409 plicii
1228 1366 1385 1409 confugit
1401 1366 1438 1397 in
1453 1365 1642 1408 templuul3
1670 1364 1727 1396 sed
1756 1361 1836 1406 quia
1862 1359 1995 1392 crimen
2020 1356 2104 1413 satis

1116 1416 1341 1450 manifestum
1378 1421 1484 1454 esset,
1526 1415 1703 1459 quendam
1737 1413 1996 1449 subornarunt,
2042 1419 2105 1452 qm

1116 1479 1193 1501 cum
1212 1480 1253 1500 eo
1277 1474 1448 1512 tanquam
1474 1465 1632 1498 conscius
1657 1465 1698 1496 de
1723 1461 1917 1494 desectione
1941 1463 2103 1514 expostu-

1115 1518 1283 1564 laret852)
1297 1545 1305 1558 ,
1332 1516 1486 1562 Ephoris
1504 1517 1591 1549 clarn
1619 1515 1663 1547 ad
1685 1513 1857 1558 parietem
1874 1511 2103 1544 auscultanti-

1113 1569 1190 1604 bus.
1255 1569 1307 1603 Ita
1333 1582 1396 1603 suo
1424 1567 1629 1601 testimonio
1653 1578 1688 1599 se
1712 1562 1908 1598 Pausanias
1931 1559 2103 1606 prodidit,

1114 1620 1258 1654 liberius
1276 1633 1355 1653 cum
1374 1621 1433 1652 illo
1451 1620 1600 1652 locutus.

1218 1670 1247 1715 3.
1268 1671 1327 1705 76.
1371 1672 1550 1706 Coneursio
1579 1674 1689 1703 (tactem
1715 1663 1950 1710 fortuitorum]
1975 1661 2014 1694 Id
2039 1667 2102 1701 est,

1112 1723 1223 1755 inulta
1253 1722 1351 1766 signa
1379 1720 1637 1755 concurrentia.
1717 1720 1807 1759 Quae
1830 1720 1940 1749 autem
1963 1712 2101 1768 virtute]

1112 1772 1149 1806 Id
1166 1780 1235 1814 est,
1262 1785 1336 1806 non
1359 1773 1493 1805 incerta
1519 1771 1699 1815 opinione.
1752 1767 1873 1801 Firma
1896 1764 2100 1798 testimonia

1111 1831 1194 1858 sunt
1217 1823 1382 1869 duplicia.
1442 1823 1627 1867 Quaedam
1654 1826 1781 1852 natura
1806 1817 1942 1855 valent,
1976 1815 2012 1848 id
2037 1819 2100 1854 est,

1111 1888 1257 1919 prorsus
1295 1881 1388 1907 certa
1420 1880 1520 1912 sunt,
1561 1879 1600 1905 ut
1632 1871 1740 1915 petita
1768 1881 1787 1901 a
1817 1867 1946 1901 divinis
1975 1865 2099 1902 rebus;

1112 1927 1286 1971 quaedam
1305 1938 1389 1958 vero
1412 1924 1584 1957 industria
1606 1923 1736 1954 valent.
1961 1967 1967 1973 .

1213 1975 1243 2021 3.
1270 1976 1329 2010 77.
1372 1978 1480 2009 Aen-el
1510 1976 1637 2008 relatus
1668 1969 1799 2018 [evium]
1840 1967 2099 2002 Praedicehant

1111 2027 1204 2060 enim
1223 2040 1264 2061 ex
1283 2027 1440 2071 auguriis
1454 2027 1571 2059 sutura
1583 2024 1642 2071 ⁸⁶).

1149 2143 1197 2176 80)
1218 2145 1248 2168 In
1267 2144 1390 2175 margine
1409 2143 1457 2168 Ed.
1474 2143 1547 2168 1533.
1567 2142 1610 2165 his
1630 2141 1685 2166 Cic.
1710 2139 1802 2163 verbis
1827 2139 1930 2162 tantum
1956 2136 2021 2159 haec
2044 2133 2095 2158 ad-

1177 2179 1281 2209 scripta
1299 2181 1378 2203 sunt:
1407 2180 1466 2203 Hoe
1486 2178 1520 2201 ad
1536 2177 1693 2207 qualitatem
1713 2174 1840 2204 pertinet.

1141 2230 1189 2258 81)
1209 2231 1283 2254 Haec
1300 2231 1366 2254 nota
1383 2230 1488 2253 tantum
1507 2229 1534 2252 in
1553 2227 1677 2258 margine
1696 2226 1744 2250 Ed.
1760 2224 1835 2248 1533.
1854 2221 1999 2252 reperitur.

1142 2283 1190 2311 82)
1210 2283 1284 2306 Haec
1302 2283 1368 2305 nota
1385 2280 1495 2304 nonnisi
1514 2279 1541 2303 in
1562 2285 1648 2309 marg.
1668 2277 1715 2301 Ed.
1735 2276 1810 2300 1533.
1829 2269 1987 2298 ex11ibetur.⁵

1140 2334 1174 2358 82
1183 2335 1208 2361 ἢ)
1228 2333 1306 2357 conf.
1324 2333 1388 2357 Mel.
1400 2333 1486 2356 Elem.
1501 2331 1611 2354 Rhetor.
1632 2330 1659 2353 iu
1678 2329 1756 2352 tuitus
1770 2327 1850 2355 Corp.
1864 2323 1924 2348 Ref.
1942 2322 2007 2346 vol.
2019 2321 2092 2345 Xlu.

1175 2375 1200 2397 p.
1215 2367 1274 2391 434.
1294 2367 1354 2391 446.

1140 2416 1209 2446 821¹)
1229 2418 1326 2450 positi]
1344 2417 1385 2441 sic
1403 2417 1452 2441 Ed.
1470 2416 1558 2445 1550.;
1586 2415 1668 2439 Editt.
1687 2412 1777 2442 1533.,
1797 2411 1871 2435 1541.
1890 2408 1990 2439 posita.

1140 2471 1188 2498 83)
1209 2470 1353 2497 Stalerz’o]
1374 2469 1413 2491 sic
1433 2468 1498 2491 ittae
1516 2467 1617 2493 Euan:
1644 2465 1691 2488 Ed.
1712 2463 1796 2488 Orelt.
1817 2462 1943 2486 staleuo.

1140 2523 1187 2550 84]
1208 2523 1281 2544 Haec
1300 2522 1365 2544 nota
1384 2519 1566 2543 tautummodo
1586 2519 1610 2541 tu
1631 2523 1716 2547 marg.
1736 2516 1786 2541 Ed.
1803 2514 1876 2538 1533.
1897 2511 2043 2536 iuvenitur.

1139 2573 1187 2600 55)
1207 2572 1325 2602 Thucyd.
1346 2572 1366 2598 1.
1388 2572 1443 2595 133.

1140 2623 1207 2649 852¹)
1227 2620 1426 2651 expostularet]
1448 2621 1486 2644 sic
1506 2619 1589 2643 leuitt.
1606 2618 1695 2642 ¹5³3..
1718 2617 1808 2645 1541.;
1828 2616 1876 2639 Ed.
1899 2614 1972 2638 1550.
1992 2616 2089 2643 postu-

1175 2657 1254 2680 taret.

1138 2707 1187 2736 86)
1206 2708 1280 2735 Haec
1299 2707 1363 2732 nota
1382 2706 1490 2729 nonnisi
1510 2705 1536 2728 iu
1555 2711 1640 2734 marg.
1662 2704 1708 2728 Ed.
1727 2702 1799 2727 1533.
1820 2701 1929 2732 legitur.
