2347 3000
222 131 291 166 851
799 132 919 167 l‘lllL.
955 131 1067 167 MEL.
1101 130 1304 166 SCRIPTA
1337 133 1672 170 PHILOLOGICA.

224 217 348 251 iniuste
362 245 369 257 ,
403 220 511 252 multa
530 220 734 253 crudeliter:
770 231 852 261 crgo
872 217 1016 261 politiae
1034 229 1107 250 non
1125 224 1207 252 sunt

223 270 311 301 ordo
332 270 501 303 dixiuitus
518 271 707 303 institutus.

324 320 405 353 Non
424 322 515 352 valet
534 318 796 364 consequentia.
839 318 930 352 Nun
947 319 1011 352 etsi
1028 319 1116 351 ordo
1133 318 1207 362 ipse

221 369 390 404 dixiuitus
410 371 586 403 institutus
604 376 673 409 est,
710 376 743 402 et
758 382 896 413 semper
914 370 1032 414 aliqua
1052 382 1093 402 ex
1107 376 1207 413 parte

222 432 241 451 a
259 420 335 453 Deo
361 427 606 453 conseruntur:
638 426 756 453 tamen
781 420 922 453 interim
947 420 1043 453 varie
1066 426 1208 453 contur-

221 470 326 503 batur
342 470 396 503 liic
415 472 520 510 ordo,
551 471 603 503 vel
623 469 777 503 humana
801 471 1025 511 infirmitate,
1055 472 1108 504 vel
1124 471 1209 503 Dia-

222 521 304 553 boli>
325 522 490 554 incitante
511 528 699 566 tyrannos,
727 528 787 555 aut
805 522 891 555 alios
907 524 950 555 ad
967 522 1113 555 iniustas
1133 534 1209 554 cae-

222 573 300 610 des,
328 578 360 604 et
378 573 444 604 alia
464 573 607 606 scelera.
661 572 848 606 Caeterum
867 571 934 606 lioc
952 573 1078 606 xitioso
1106 585 1208 615 argu-

224 629 356 660 mento,
386 625 481 667 quod
500 624 642 656 ducitur
659 636 675 655 a
696 624 794 668 quasi
814 624 958 663 ellectu,
986 624 1208 667 deccptiMa-

222 671 433 718 11i‹-h;wi⁶²¹)‚
470 680 504 707 et
529 674 631 707 multi
653 674 732 714 alii,
767 681 943 717 negarunt
968 675 1110 718 politius
1136 686 1208 707 esse

225 736 312 768 opus
331 724 410 758 Dei.

323 776 427 815 Quasi
459 773 683 823 distributim]
726 775 983 809 Usitatissinms
1015 787 1115 807 error
1147 781 1208 814 (¹51,

221 825 333 868 legem
358 826 516 858 dixinam
541 827 750 860 distribuere
771 826 806 858 iu
824 824 887 860 lias
908 833 975 860 tres
993 826 1143 870 species:
1173 827 1209 858 in

220 876 436 916 naturalem,
465 877 680 917 Mosaicam,
716 884 750 909 et
776 878 1027 920 evangelicam.
1087 876 1132 908 lit
1160 883 1208 909 ta-

221 938 322 966 men,
351 928 432 972 quia
452 927 544 960 inter
560 926 644 960 llaec
661 940 789 971 genera
808 928 1050 960 doctrinan-mn
1076 928 1209 972 aliquid

221 977 388 1018 interest,
415 985 531 1022 potest
546 979 620 1011 salli
641 979 802 1012 indoctus
829 977 894 1011 liac
917 979 1015 1024 quasi
1044 978 1209 1011 distribu-

224 1028 332 1062 tione.

325 1079 404 1112 Una
437 1086 505 1119 est,
541 1086 574 1112 et
604 1080 726 1112 eadem
758 1080 813 1111 lex
844 1079 1014 1111 naturalis
1046 1078 1210 1111 (minibus

221 1129 460 1173 temporibus,
501 1129 589 1163 sicut
620 1131 743 1163 eadem
770 1128 957 1162 hominum
982 1135 1108 1161 natura
1137 1142 1211 1161 ma-

222 1186 298 1218 net;
333 1181 393 1214 sed
421 1181 457 1213 in
483 1181 580 1214 Mose
604 1181 744 1213 additae
766 1187 848 1213 sunt
873 1180 1012 1224 aliquae
1038 1179 1210 1223 positivae

222 1231 324 1274 leges.
377 1231 609 1275 Evangelium
631 1244 714 1264 xero
733 1230 919 1275 promissio
941 1237 1010 1269 est,
1042 1243 1116 1262 non
1139 1231 1209 1263 lex:

223 1288 256 1313 et
282 1288 402 1314 tamen
427 1283 463 1315 in
487 1283 670 1326 scripturis
694 1282 949 1326 Apostolorum
978 1282 1031 1313 lvx
1061 1287 1210 1313 naturae

222 1333 414 1376 repetitur,
466 1333 602 1367 omissis
637 1333 801 1366 Mos-aicis
833 1332 1062 1372 ceremoniis,
1103 1332 1210 1377 idque

222 1396 331 1428 quare
351 1385 428 1423 fiat,
457 1384 540 1416 alibi
556 1384 639 1417 satis
656 1384 796 1427 copiose
814 1384 953 1417 dicitur.

326 1436 429 1474 Quasi
450 1433 588 1481 glenus]
614 1434 693 1467 Iura
714 1435 888 1466 naturalia
909 1441 990 1467 sunt
1009 1433 1211 1466 immutabi-

222 1483 287 1521 lia;
323 1485 476 1526 legitima
503 1486 651 1518 debetur
673 1485 793 1518 liberis
818 1485 892 1517 iure
916 1484 1087 1517 naturali:
1126 1497 1209 1528 crgo

223 1547 295 1567 nou
315 1542 431 1578 potest
449 1536 497 1569 eis
514 1536 644 1576 adimi,
673 1543 733 1568 aut
751 1535 913 1568 diminui.

327 1586 403 1618 lloc
434 1594 683 1630 argumentum
707 1593 800 1619 recte
824 1587 964 1619 ducitur
987 1597 1007 1617 a
1031 1584 1131 1630 (piasi
1154 1597 1210 1627 ge-

225 1648 320 1668 nere.
375 1637 455 1670 ‘Nou
472 1638 628 1681 legitima
649 1643 700 1670 est
716 1637 816 1681 quasi
832 1636 1021 1674 naturalis,
1057 1634 1123 1667 lioc
1148 1641 1210 1674 est,

224 1687 378 1731 aliquam
396 1695 533 1731 partem
552 1687 777 1721 haereditatis
794 1694 957 1731 parentes
974 1686 1102 1718 debent
1124 1685 1210 1717 libc-

225 1737 273 1770 ris
293 1738 512 1783 relinquere,
541 1739 616 1771 iure
642 1745 807 1775 naturae;
845 1739 905 1771 sed
929 1737 1037 1770 triens
1062 1748 1135 1768 non
1160 1743 1210 1769 est

225 1789 369 1831 proprie
396 1789 481 1822 iuris
504 1796 666 1823 naturae.
727 1789 818 1821 Hinc
841 1795 923 1821 sunt
950 1788 1028 1819 illae
1053 1787 1209 1830 disputa-

225 1839 337 1872 tiones
349 1866 358 1878 ,
387 1852 431 1872 an
449 1841 605 1883 legitima
623 1839 733 1884 possit
746 1852 810 1883 per
824 1845 993 1873 statutum
1011 1838 1174 1870 diminui.

327 1892 430 1930 Quasi
454 1889 609 1938 species]
644 1890 794 1924 Maritus
818 1897 959 1934 raptum
983 1888 1209 1921 matrisfami-

223 1940 287 1973 lias
309 1942 426 1974 ulcisci
448 1943 571 1982 debet,
606 1954 689 1985 ergo
714 1941 949 1974 concubinae:
990 1940 1078 1973 iuste
1104 1939 1210 1983 igitur

222 1990 375 2025 Achilles
394 1993 555 2026 irascitur
570 1992 831 2036 Agamemnoni
855 1999 1001 2036 propter
1020 1992 1207 2023 abductam

223 2042 417 2075 Briseidem
433 2043 490 2088 61).
530 2043 607 2076 Hoc
631 2049 879 2087 argumentum
897 2043 1036 2075 ducitur
1053 2054 1093 2074 ex
1109 2041 1207 2086 quasi

225 2093 359 2136 specie,
395 2094 476 2138 quia
501 2094 696 2127 concubina
726 2100 775 2126 est
801 2093 900 2138 quasi
923 2093 1054 2137 species
1077 2093 1207 2125 uxoris.

223 2143 271 2175 Et
302 2150 415 2178 textus
443 2145 477 2177 in
500 2146 574 2178 iure
599 2145 693 2178 civili
712 2142 780 2177 hoc
804 2151 1013 2188 argumento
1039 2156 1122 2176 usus
1146 2149 1208 2183 est,

223 2194 333 2228 citans
354 2195 503 2229 Homeri
523 2209 659 2229 versus:

307 2255 442 2292 Coniugis
465 2262 586 2293 ereptae
609 2255 685 2293 quod
708 2254 807 2283 Atrida
825 2254 927 2282 dolore
949 2253 1083 2290 moveris,

304 2305 342 2333 Et
365 2307 455 2343 probo
478 2312 508 2334 et
528 2307 556 2334 in
579 2306 663 2334 simili
686 2305 806 2342 reliquis
828 2304 979 2332 concedite
1002 2313 1087 2332 causa

304 2354 410 2390 Irasci,
432 2356 589 2394 legesque,
617 2355 843 2393 pudicitiamque
866 2354 952 2382 tueri.

323 2407 428 2446 Quasi
442 2403 733 2452 praecurrentia]
761 2403 1018 2437 Themistocles
1035 2404 1122 2436 clam
1140 2404 1205 2436 rni-

223 2454 267 2487 sit
300 2456 420 2490 literas
453 2459 497 2490 ad
530 2457 668 2489 Xerxen
684 2456 746 2503 ff²):
789 2467 871 2499 ergo
907 2455 1052 2488 molitur
1086 2455 1205 2499 prodi-

222 2506 365 2540 tionen.

252 2624 299 2654 60)
321 2623 485 2651 Manichaei]
506 2622 532 2646 in
549 2623 599 2646 hoc
619 2623 769 2647 comment.
788 2622 905 2654 legitur:
931 2622 1098 2649 nianacliaei.

251 2676 297 2707 6¹)
318 2677 394 2699 unm.
413 2675 442 2697 a.
457 2675 477 2699 1,
496 2674 547 2697 318
562 2681 619 2704 sqq.

253 2730 300 2757 62)
321 2728 391 2751 Pan.
411 2725 538 2750 'riu-mist.
561 2732 582 2750 c.
600 2725 639 2749 12.

2171 139 2244 176 852

1361 219 1473 263 Supra
1493 220 1623 253 dictum
1644 225 1693 252 est
1709 220 1751 252 de
1767 219 1892 261 signis,
1921 233 2071 266 qnorum
2089 222 2155 254 alia
2174 235 2246 256 cer-

1261 269 1350 301 tiora
1379 276 1412 302 et
1437 270 1629 303 illustriora
1653 277 1733 303 sunt
1759 272 1846 304 aliis.
1900 271 1945 303 lit
1969 270 2024 304 liic
2049 272 2244 307 infirmiora

1260 320 1357 363 signa
1379 327 1568 364 ponantur.
1611 320 1720 353 ludici
1738 334 1808 354 non
1824 322 1903 354 licet
1919 329 2041 354 contra
2058 323 2149 365 leges
2164 335 2245 367 pro—

1262 371 1442 403 nuntiare:
1483 383 1565 414 ergo
1601 384 1663 403 nec
1694 372 1840 406 arbitro.
1910 372 1983 405 Etsi
2015 373 2108 406 cuim
2143 374 2246 407 iudex

1262 421 1361 466 quasi
1380 422 1494 454 maior
1513 428 1563 454 est
1581 422 1734 460 arbitro,
1763 429 1796 454 et
1813 422 1951 467 aliquae
1976 430 2058 456 sunt
2080 424 2246 457 disseren-

1263 473 1348 512 tiae,
1377 479 1494 504 tamen
1511 478 1658 517 uterque
1675 472 1848 506 subiectus
1865 480 1915 506 est
1931 474 2076 517 legibus.

1364 525 1421 556 Es
1446 525 1541 568 quasi
1565 521 1676 569 pari]
1712 521 1891 556 Interdum
1921 536 2023 565 vera,
2065 526 2245 557 interdum

1261 573 1569 619 salsa'argumcnta
1589 574 1767 606 ducuntur
1787 586 1827 606 ex
1850 575 1949 618 quasi
1976 575 2071 618 pari,
2099 576 2187 609 sicut
2211 581 2246 608 et

1261 637 1366 668 supra
1393 625 1597 657 monuimus
1629 625 1671 657 de
1702 625 1847 658 caeteris
1871 625 1956 658 locis
1986 624 2088 659 liuius
2116 626 2245 667 elassis,

1262 687 1351 720 quae
1369 675 1466 719 quasi
1487 676 1600 707 sontes
1618 675 1786 709 continet.

1361 725 1492 758 Ycrum
1512 732 1758 769 argumentum
1779 732 1829 759 est
1848 738 1889 758 cx
1914 726 2014 770 quasi
2038 725 2131 770 pari:
2174 725 2247 758 Ho-

1264 776 1443 809 micidium
1479 777 1624 820 punitur
1659 777 1784 808 ultiino
1821 777 1992 820 supplicio
2012 790 2018 809 :
2067 789 2149 819 ergo
2192 788 2247 809 ca-

1263 827 1416 866 lumnia,
1444 841 1511 872 qua
1533 827 1609 872 quis
1633 827 1777 859 exitium
1806 827 1898 859 vitae
1924 827 2067 860 alterius
2089 826 2247 866 molitur,

1264 879 1480 921 puniendum
1501 886 1551 911 est
1567 877 1691 910 ultimo
1706 878 1891 921 supplicio.
1944 877 2019 910 Etsi
2037 876 2129 910 enim
2151 888 2248 921 gras-

1263 929 1330 960 s.·.1·i
1355 930 1448 961 l'erro
1475 937 1531 961 aui
1563 941 1697 960 veneno
1718 928 1870 961 atrocius
1896 935 1966 968 est,
1999 935 2118 961 tamen
2144 940 2247 971 gene-

1264 991 1344 1012 roso
1362 980 1481 1011 animo
1502 979 1677 1011 interdum
1697 979 1913 1011 tolerabilius
1935 985 1985 1011 est
2008 985 2158 1011 mortem
2183 990 2246 1022 op-

1265 1037 1402 1073 petere,
1431 1042 1536 1074 quam
1557 1029 1692 1072 aspergi
1712 1023 1763 1060 w'l
1783 1029 1848 1060 lvx-i
1873 1029 2070 1072 suspicione
2092 1029 2163 1062 ficti
2183 1029 2247 1061 ali-

1887 1079 1994 1111 Recte
2022 1080 2128 1123 igitur
2154 1080 2246 1123 leges

1264 1131 1359 1174 ipsa«.-
1378 1132 1525 1163 eandem
1544 1142 1695 1174 poenam
1717 1129 1967 1162 columniatori
1989 1130 2190 1169 minantur,
2216 1129 2247 1163 si

1264 1181 1407 1213 obiiciat
1429 1182 1576 1225 capitale
1598 1181 1751 1220 crimen,
1787 1193 1893 1225 quam
1919 1180 2005 1213 illud
2025 1181 2141 1224 ipsum
2163 1180 2248 1213 faci—

1264 1245 1328 1265 nus
1350 1233 1574 1271 merebatur,
1599 1230 1627 1264 si
1651 1243 1732 1263 vere
1759 1231 1990 1270 obiicorvtur,
2024 1238 2062 1264 ut
2086 1231 2170 1263 dicit
2192 1231 2248 1263 lex

1263 1283 1389 1315 ultima
1408 1309 1417 1322 ‚
1473 1283 1602 1316 Codice
1645 1282 1687 1313 de
1727 1281 2044 1315 calumniatoribus
2062 1281 2125 1328 ὦ)
2181 1280 2247 1314 Ca—

1263 1334 1478 1367 lumniantes
1509 1335 1553 1366 ad
1579 1332 1771 1365 vindictam
1799 1338 1919 1376 poscat
1939 1332 2102 1376 supplicii
2124 1331 2248 1366 simiti-

1264 1386 1348 1418 tudo
1361 1384 1419 1430 G''¹).

1364 1435 1487 1468 Aliud:
1520 1432 1559 1466 In
1585 1433 1746 1467 oratione
1772 1446 1837 1478 pro
1861 1432 2065 1480 Caecinaffi)
2090 1432 2247 1477 disputa-

1264 1492 1342 1526 tur,
1370 1485 1557 1518 interdicto
1580 1487 1674 1518 unde
1699 1485 1752 1524 vi,
1778 1491 1969 1529 utrumque
1992 1496 2110 1517 casum
2136 1483 2248 1517 conti-

1263 1537 1359 1577 neri,
1384 1537 1412 1570 si
1431 1536 1508 1581 quis
1525 1536 1675 1579 expellat
1690 1535 1887 1579 ingressum
1910 1536 1946 1567 in
1969 1535 2137 1574 fundum,
2165 1541 2199 1567 et
2217 1534 2248 1567 si

1264 1588 1341 1632 quis
1359 1594 1475 1620 arceat
1499 1589 1733 1619 accedentem.
1786 1587 1881 1619 Haec
1904 1592 1986 1619 sunt
2007 1585 2108 1631 quasi
2133 1585 2246 1629 paria,

1263 1651 1345 1670 nam
1369 1645 1402 1671 et
1424 1638 1542 1670 Labeo
1567 1638 1799 1676 existimavit,
1833 1648 1908 1668 non
1932 1648 2034 1680 posse
2057 1636 2113 1679 agi
2139 1636 2246 1668 inter-

1263 1688 1355 1720 dicto
1380 1690 1473 1721 unde
1496 1688 1549 1727 vi,
1589 1689 1775 1720 adversum
1801 1700 1901 1726 eum,
1945 1686 2007 1731 qui
2032 1693 2126 1719 arcet
2150 1698 2247 1719 accc—

1262 1741 1402 1771 ‹lentcm
1417 1739 1475 1783 ⁶⁶).

1365 1790 1486 1822 Aliud:
1516 1787 1648 1819 Verum
1668 1794 1916 1831 argumentum
1932 1787 2072 1820 ducitur
2089 1799 2129 1820 ex
2146 1787 2247 1832 quasi

1263 1841 1417 1884 paribus.
1469 1839 1568 1871 Licet
1583 1838 1693 1881 repeti
1711 1838 1894 1881 pecuniam
1922 1844 2019 1871 metu
2041 1837 2167 1871 mortis
2189 1850 2248 1871 ex-

1262 1898 1409 1924 tortam:
1439 1903 1521 1934 ergo
1540 1889 1619 1921 licet
1642 1889 1782 1921 mulieri
1804 1889 1915 1932 repeti
1936 1889 2124 1932 pecuniam
2149 1895 2247 1922 metu

1261 1943 1373 1986 stupri
1392 1948 1577 1974 extortam.
1631 1939 1725 1972 Haec
1743 1939 1907 1972 videntur
1924 1952 1997 1973 non
2017 1939 2164 1973 omnino
2182 1951 2246 1984 pa-

1260 1993 1330 2031 ria;
1375 1994 1435 2026 sed
1461 1993 1515 2025 lex
1538 1989 1683 2023 honeste
1710 1990 1809 2023 dicit:
1849 1990 1960 2024 Bonis
1990 1997 2103 2025 metus
2133 1990 2247 2034 stupri

1261 2045 1376 2076 maior
1395 2050 1464 2083 est,
1493 2055 1598 2088 quam
1618 2042 1743 2074 mortis
1759 2048 1889 2081 metus,
1916 2042 1953 2074 in
1967 2041 2120 2085 Digestis
2139 2042 2245 2087 Quod

1262 2102 1373 2128 metus
1393 2107 1494 2127 causa
1513 2100 1646 2136 gestum
1667 2092 1798 2136 eritffi).

1361 2146 1463 2179 Falsa
1485 2150 1691 2188 argumenta
1708 2144 1816 2176 nmlta
1835 2140 1917 2176 hinc
1934 2144 2122 2182 ducuntur,
2147 2142 2242 2188 quia,

1260 2203 1298 2230 ut
1316 2210 1421 2241 supra
1444 2196 1514 2228 dixi
1528 2223 1536 2235 ‚
1562 2195 1755 2228 similitudo
1771 2206 1873 2238 saepe
1893 2196 2009 2227 fucum
2029 2194 2109 2227 facit
2125 2193 2244 2227 incau—

1260 2249 1315 2282 tis.
1367 2248 1480 2281 Dolus
1502 2253 1535 2280 et
1558 2247 1627 2279 lata
1653 2245 1753 2289 culpa
1778 2245 2073 2290 aequiparantur;
2109 2244 2240 2289 Caepio

1264 1080 1360 1112 cuius
1393 1079 1622 1112 abominandi
1657 1079 1826 1112 criminis.

1292 2364 1340 2391 63)
1360 2363 1487 2388 cod.1x.
1505 2363 1545 2386 tit.
1562 2363 1602 2386 46.
1623 2363 1655 2386 de
1673 2363 1929 2392 calumniatoribus,
1954 2362 1997 2385 lex
2014 2362 2052 2384 10.

1292 2407 1340 2433 64)
1359 2406 1484 2435 supplicii
1507 2406 1678 2434 similitudo.J
1704 2405 1744 2429 sic
1767 2406 1810 2429 iiic
1830 2405 1997 2435 Coiiiinent.;
2029 2404 2120 2428 Codex
2142 2405 2238 2429 habet:

1326 2441 1471 2463 similitudo
1491 2440 1625 2470 supplicii.

1290 2482 1337 2509 65)
1357 2483 1387 2505 A.
1410 2482 1545 2513 Caecina,
1571 2482 1792 2512 Yolaterranus,
1823 2486 1839 2504 a
1858 2480 1989 2505 Cicerone
2011 2480 2140 2504 defensus
2165 2481 2239 2505 circa

1325 2523 1350 2541 a.
1366 2523 1389 2540 ιι.
1407 2523 1429 2541 e.
1442 2517 1500 2540 655.

1288 2568 1336 2597 66)
1355 2567 1648 2598 Οοηί.ὓίἕεεῐ.Χι111.
1669 2567 1711 2590 tit.
1728 2566 1767 2590 16.
1788 2566 1820 2589 de
1835 2566 1903 2590 vict
1922 2566 1954 2590 de
1973 2566 1999 2589 vi
2018 2567 2135 2597 armata,
2153 2566 2197 2589 lex
2212 2566 2234 2591 l.

1288 2619 1336 2646 67)
1356 2618 1516 2647 ΒῐςζοςῐᾸν,
1536 2618 1576 2641 tit.
1593 2618 1616 2641 2.
1637 2617 1711 2645 Quod
1732 2619 1818 2639 nictus
1839 2623 1921 2639 causa
1941 2618 2046 2648 gestum
2063 2617 2125 2644 erit,
2145 2617 2234 2647 lege.

1323 2655 1348 2681 5.
1361 2653 1400 2676 2.;
1428 2652 1529 2681 Quodsi
1548 2652 1667 2675 dederit.
1698 2657 1731 2673 ne
1755 2655 1876 2679 stuprum
1904 2653 2023 2680 patiatur
2043 2651 2085 2674 vir
2103 2657 2150 2674 seu
2170 2657 2231 2674 mu-

1320 2688 1388 2715 lier,
1409 2688 1457 2709 lioc
1476 2687 1590 2710 edictum
1611 2687 1693 2708 iot-iun
1715 2686 1810 2707 habet.
1830 2691 1907 2714 quum
1929 2686 1996 2709 viris
2016 2685 2091 2710 isonis
2106 2685 2158 2709 iste
2171 2691 2231 2709 me-

1320 2724 1363 2745 tus
1382 2721 1485 2751 maior,
1505 2726 1582 2750 quain
1604 2720 1712 2749 morus,
1735 2725 1794 2742 csse
1815 2719 1918 2743 debeat.
