2347 3000
231 136 301 171 931

802 134 922 170 PIIIL.
957 131 1070 168 MEL.
1104 131 1305 167 SCRIPTA
1338 132 1673 170 PHILOLOGICA.

2179 133 2253 169 932

846 267 1640 317 2.PARAP11RASIS⁰⁷).

327 374 413 407 Cum
440 372 608 406 hactenus
633 373 668 405 in
692 377 816 405 senatu
835 369 923 404 nibil
948 371 1099 414 egerim,
1127 382 1214 415 qua-

227 425 308 456 dam
346 425 532 468 impeditus
548 423 593 469 ⁶⁸)
628 423 804 456 moestitia
842 428 1068 466 te'mporum,

228 476 378 507 libenter
398 475 546 518 pristino
570 487 648 506 meo
668 487 767 507 more
790 486 910 507 rursus
933 474 1048 507 (licere
1072 473 1214 516 incipio.

1122 434 1215 454 nunc

229 526 312 560 Nm
337 526 429 558 enim
453 538 595 570 possum
614 526 746 565 facere,
774 525 860 570 quin
878 525 1036 558 Caesaris
1053 525 1215 557 modera-

230 577 383 616 tioncm‚
420 590 490 622 qua
524 577 561 609 in
589 589 725 610 summa
760 582 930 620 potestate
952 588 1072 608 rerum
1092 576 1216 614 utitur,

228 627 470 670 dignissimam
503 640 642 660 summo
677 627 834 672 principe
860 628 1034 671 planeque
1058 626 1215 658 divinam

230 679 440 722 praedicem.
495 678 663 712 l‘tcstituit
679 679 771 712 enim
798 679 900 711 nobis
925 677 1127 710 admirabili
1151 677 1216 709 cle-

228 729 360 762 mentia
379 729 428 764 M.
446 730 674 770 Marcellum,
708 742 776 775 qua
801 729 837 762 in
863 742 899 761 re
924 729 1077 773 primum
1100 741 1215 760 meam

229 781 458 813 autoritatem
476 781 651 814 excitztxit.
705 782 795 815 Nam
817 781 959 813 absente.
979 779 1216 825 Marcellum),

231 831 417 865 videbatur
433 832 605 865 autoritas
622 833 736 866 onmis
752 838 935 864 oratorum
953 831 1082 863 iacere:
1111 844 1217 870 nunc,

231 896 272 915 eo
290 883 473 923 restituto,
501 883 651 916 recreari
669 884 726 916 illa
746 883 896 915 ridetur.
948 882 1069 927 ltaque
1084 882 1217 914 (].(]ae-

230 947 287 968 sar
302 941 330 966 et
353 932 438 967 milli
458 942 612 968 veterem
630 934 919 967 consuetudinem
936 933 1074 965 dicendi
1092 933 1217 976 aperit,

230 992 264 1017 ct
291 985 492 1019 uniwrsam
524 986 780 1029 rempublicam}
816 986 903 1017 bene
937 996 1078 1028 sperare
1110 984 1216 1016 iubet.

231 1037 318 1069 Cum
334 1037 426 1069 enim
446 1037 600 1080 prixatas
617 1037 763 1069 iniurias
778 1035 913 1068 senatui
928 1036 1117 1073 condonat,
1133 1034 1217 1066 satis

231 1088 406 1127 declarat,
432 1094 592 1120 senatum
613 1093 718 1131 atque
737 1086 937 1118 universam
960 1085 1214 1128 rempublicam

232 1138 444 1171 ineolumem
470 1151 542 1172 csse
565 1138 664 1171 velle.
718 1137 768 1170 Ac
794 1136 962 1168 Marcello
989 1136 1131 1180 quidem
1154 1133 1218 1167 ho-

231 1190 417 1222 norificum
450 1195 519 1229 est,
556 1190 650 1234 quod
678 1194 711 1221 et
734 1194 875 1221 senatus
899 1186 1045 1229 dignum
1073 1185 1219 1225 censuit,

231 1247 271 1274 ut
289 1252 354 1285 pro
373 1254 413 1273 eo
431 1241 700 1284 deprecaretur,
727 1245 760 1271 et
778 1245 833 1278 tu,
863 1251 941 1270 cum
966 1237 1138 1277 restituis,
1168 1237 1219 1269 iu-

230 1293 346 1325 dicare
380 1292 509 1325 videris
539 1304 617 1324 eum
650 1289 865 1334 reipublicae
900 1295 1005 1333 atque
1028 1288 1089 1320 tibi
1116 1300 1220 1320 orna-

230 1349 349 1376 mento
368 1343 526 1375 futurum
550 1354 633 1375 esse.
694 1342 782 1374 Cum
808 1347 925 1373 autem
950 1340 1001 1372 illi
1026 1339 1218 1383 gloriosum

231 1395 293 1434 sit,
329 1391 396 1426 lloc
417 1400 517 1427 tuum
542 1393 750 1426 beneficium
778 1392 951 1436 accipere:
996 1397 1130 1436 quanto
1156 1389 1218 1422 tibi

232 1444 419 1487 gloriosius
448 1451 499 1478 est
533 1444 695 1477 dedisse?
754 1443 918 1476 Profecto
942 1442 1144 1475 fortunatus
1170 1447 1220 1474 est

232 1496 440 1536 Marcellus,
468 1508 546 1528 cum
568 1496 676 1539 ipsius
702 1495 795 1528 salus
819 1507 858 1526 ac
880 1493 1012 1526 laetitia
1039 1493 1218 1535 ingentem

231 1548 418 1580 universae
434 1547 648 1591 reipublicae
668 1546 837 1579 laetitiam
856 1545 962 1589 parit.
995 1544 1111 1589 Atque
1128 1542 1219 1576 lianc

232 1599 263 1631 ei
284 1598 509 1632 foelicitatem
531 1598 706 1641 gratulor;
743 1603 792 1629 est
811 1597 904 1628 enim
927 1608 965 1628 ea
985 1601 1132 1639 propter
1157 1608 1220 1627 no-

232 1650 403 1683 bilinaem
423 1655 455 1682 et
474 1650 697 1682 excellentem
715 1648 881 1680 xit-tutem
899 1646 1123 1689 dignissimus
1136 1645 1194 1690 ⁷⁰).

332 1700 407 1733 Etsi
429 1707 545 1732 autem
571 1706 639 1738 tot,
672 1705 814 1743 tamque.
833 1697 940 1730 variis
956 1697 1054 1730 bellis
1074 1709 1128 1729 res
1147 1709 1219 1739 ges-

233 1751 305 1785 sisti
322 1751 513 1784 maximas:
542 1757 660 1783 tamen
677 1750 851 1782 veriorem
877 1749 1017 1781 laudem
1042 1748 1138 1780 nulla
1165 1759 1220 1779 res

235 1801 360 1842 lialwt,
390 1815 494 1847 quam
522 1800 607 1834 baec
628 1807 686 1834 tua
708 1799 928 1839 moderatio,
956 1811 1024 1844 qua
1052 1796 1158 1831 bodie
1184 1797 1218 1829 in

234 1854 450 1887 restituendo
478 1853 646 1886 Marcello
678 1864 760 1885 usus
793 1864 838 1885 es.
906 1850 1093 1884 'Neminem
1125 1849 1217 1881 enim

233 1911 348 1938 terum
380 1906 538 1938 conferre
569 1916 755 1949 possumus
780 1903 834 1935 vel
861 1908 1061 1934 exterorum
1085 1912 1219 1944 regum,

234 1957 287 1989 vel
304 1962 507 1989 nostrorum
528 1956 797 1999 imperatorum.
849 1953 982 1986 Totum
1008 1953 1128 1984 orbem
1152 1958 1220 1984 ter-

234 2019 355 2040 rarum
379 2013 566 2051 pervagata
591 2013 673 2039 sunt
697 2017 795 2037 arma
820 2010 899 2044 tua,
927 2003 1100 2047 superatis
1122 2002 1219 2035 belli-

234 2057 421 2092 cosissimis
450 2057 674 2097 nationibus,
713 2062 747 2088 ‹·t
779 2055 923 2088 devictis
952 2054 1151 2087 fortissimis
1181 2066 1219 2085 ac

234 2109 396 2143 maximis
423 2109 640 2141 exercitibus.
702 2107 837 2140 llarum
862 2118 979 2138 rerum
1005 2105 1219 2149 magnitudi-

234 2173 315 2194 nem
348 2160 560 2204 cogitatione
591 2158 758 2203 consequi
788 2158 846 2189 vix
874 2157 1061 2202 quisquam
1093 2162 1219 2200 potest,

233 2218 369 2245 tantum
389 2212 503 2250 abest,
530 2217 569 2243 ut
587 2209 790 2254 praedicare
814 2221 879 2252 pro
903 2207 1073 2251 dignitate
1098 2207 1218 2251 possit.

236 2263 462 2308 Quamquam
480 2263 587 2306 igitur
602 2260 686 2293 haec
704 2273 775 2294 esse
790 2259 964 2299 maxima,
990 2265 1029 2291 ut
1045 2265 1142 2298 sunt,
1170 2259 1219 2290 fa—

235 2320 329 2347 teor:
359 2320 475 2346 tamen
493 2320 574 2347 sunt
594 2312 661 2345 alia
680 2313 713 2344 in
733 2318 765 2344 te
784 2310 938 2348 maiora;
966 2322 1050 2342 nam
1067 2310 1125 2342 illa
1144 2309 1218 2343 iure

234 2366 502 2410 praeferuntur,
545 2376 634 2410 quae
665 2370 698 2396 et
722 2369 781 2396 tua
806 2367 887 2396 sunt
911 2361 1074 2405 proprie,
1117 2366 1150 2394 et
1181 2360 1216 2392 in

269 2483 316 2510 (37)
335 2482 408 2505 Haec
426 2480 601 2510 paraphrasis
621 2479 646 2502 in
667 2479 714 2502 Ed.
731 2478 802 2501 Μῦς.
822 2477 955 2506 inscripta
974 2478 1030 2500 est:
1061 2477 1216 2506 Paraphra-

304 2517 342 2539 sis
367 2516 498 2539 orationis
526 2521 572 2544 pro
597 2515 632 2538 Μ.
658 2513 788 2536 Marcello
816 2512 909 2535 eodem
934 2511 1001 2536 Phil.
1026 2512 1089 2535 Mel.
1120 2514 1216 2535 autore

304 2551 378 2574 15³2.

267 2604 314 2630 δῇ)
335 2602 490 2631 impeditus]
512 2599 700 2625 }]‹1itt.15363.,
722 2598 810 2628 1539.,
832 2598 922 2629 1553.,
945 2597 1017 2622 1554.
1035 2596 1182 2629 impetitus.

267 2655 314 2679 69]
334 2652 479 2679 marvello]
501 2652 547 2674 Ed.
569 2651 640 2674 1592.
660 2652 694 2673 M.
715 2649 853 2673 Mai-ceno.

266 2704 314 2731 70)
332 2701 522 2728 dignissimus]
543 2700 582 2722 sic
597 2700 678 2724 Eunt,
698 2699 781 2723 1539..
804 2698 908 2722 1553-
920 2698 1011 2730 1574.;
1030 2697 1114 2723 Editt.
1130 2697 1214 2729 1536.,

306 2738 396 2767 1545„
419 2735 491 2759 1592.
510 2738 535 2757 ct
556 2734 665 2758 Coton:
691 2732 860 2763 dignissima.

1267 381 1358 415 quac
1384 367 1473 402 nihil
1496 368 1603 404 habet
1625 371 1711 405 iuris
1736 372 1892 405 fortuna.
1950 371 1997 405 At
2018 382 2137 403 rerum
2160 370 2254 403 bello

1268 427 1445 465 gestarum
1469 422 1544 455 laus
1566 423 1610 454 ad
1634 422 1761 455 milites
1786 423 1891 455 etiam
1916 425 2089 466 pertinet,
2116 427 2150 454 et
2172 433 2255 465 pro-

1269 472 1459 516 pemodum
1474 473 1575 519 οἰδ-Ἡ)
1594 474 1734 506 fortuna
1753 474 1970 508 dominatur.
2023 473 2118 505 llaec
2135 478 2254 505 autem

1268 523 1487 563 moderatio,
1527 531 1585 556 tua
1611 530 1661 557 est
1685 525 1844 568 proprie:
1888 537 2002 570 neque
2034 522 2089 557 liic
2113 523 2255 563 milites,

1269 586 1331 606 nec
1348 574 1489 607 fortuna
1509 575 1574 608 sibi
1594 575 1788 620 quidquam
1805 588 1972 619 arrogare
1996 581 2125 619 potest:
2163 586 2254 619 quac

1269 638 1348 657 cum
1372 625 1416 658 sit
1438 638 1561 670 expers
1585 627 1742 668 consilii,
1779 624 1869 659 nihil
1893 628 1937 660 ad
1963 626 2141 671 sapienter
2163 626 2253 658 suem

1270 676 1433 720 pertinet.

1371 727 1508 760 Deinde
1533 728 1709 762 difficilius
1733 734 1765 761 et
1789 727 2031 773 gloriosiusffl)
2049 731 2099 761 est
2120 724 2257 768 magnis

1271 778 1353 812 viris
1373 779 1408 811 in
1429 780 1575 812 victoria
1595 777 1759 812 cohibere
1778 786 1810 812 et
1826 779 2005 812 moderari
2023 776 2258 815 iracundiam,

1270 842 1377 874 quam
1395 832 1488 863 ferro
1505 844 1544 863 ac
1564 830 1697 864 viribus
1720 829 1835 864 liostcs
1859 832 2034 873 frangere..
2093 827 2151 861 Tu
2171 838 2258 859 vero

1272 881 1306 913 in
1325 881 1470 914 victoria
1492 881 1604 921 cixili,
1632 894 1722 926 quae
1738 883 1827 915 solet
1850 895 1922 915 esse
1947 880 2146 918 crudelior,
2181 889 2256 910 non

1270 932 1384 965 solum
1404 933 1518 977 parcis
1541 933 1744 965 adversario
1768 933 1878 965 nobili
1899 946 1937 965 ac
1957 929 2169 976 praestanti,
2197 929 2258 962 sed

1270 983 1375 1015 etiam
1413 996 1492 1016 cum
1531 983 1567 1015 in
1607 983 1792 1027 pristinam
1838 984 2045 1027 dignitatem
2089 979 2256 1014 restituis.

1270 1034 1497 1078 Quamquam
1524 1033 1631 1075 igitur
1655 1035 1792 1067 consilii
1817 1035 2118 1077 magnitudinem,
2146 1030 2257 1063 virtu-

1272 1091 1360 1123 tem,
1389 1097 1429 1117 ac
1445 1084 1671 1116 foelicitatem
1695 1091 1792 1117 tuam
1819 1085 1855 1116 in
1880 1085 2041 1128 gerendis
2060 1082 2158 1117 bellis
2177 1093 2256 1125 per—

1273 1141 1377 1178 petuo
1398 1134 1583 1167 celebrabit
1603 1135 1767 1169 universa
1784 1136 1990 1179 posteritas,
2018 1134 2104 1178 tem)
2126 1132 2258 1176 princi-

1273 1198 1351 1229 pem
1370 1186 1463 1218 inter
1480 1184 1605 1219 heroes
1620 1199 1742 1220 omnes
1758 1193 1866 1231 ponet
1891 1193 1996 1232 atque
2020 1182 2257 1230 praedicabit:

1273 1243 1391 1270 tamen
1407 1235 1493 1270 haec
1512 1238 1748 1285 moderatew)
1771 1238 1861 1270 facta
1886 1238 2095 1270 mirabiliter
2119 1234 2258 1268 animos

1274 1286 1459 1321 hominum
1490 1289 1674 1328 adficient,
1715 1295 1749 1321 et
1780 1289 1816 1321 in
1847 1301 2005 1321 al'norem
2029 1288 2080 1321 tui
2104 1285 2257 1330 rapient⁴

1272 1340 1376 1373 Nulla
1396 1340 1488 1372 enim
1507 1341 1617 1373 vlrtus
1636 1346 1696 1373 aut
1721 1340 1984 1380 admirabilior,
2019 1345 2080 1372 aut
2103 1335 2260 1371 homini·

1272 1392 1336 1424 bus
1356 1392 1491 1435 gratior
1513 1397 1580 1430 est,
1607 1403 1713 1436 quam
1740 1391 1910 1424 modestia
1934 1391 1971 1424 in
1996 1401 2134 1424 summa
2159 1393 2258 1432 pote-

1273 1449 1360 1476 state
1385 1455 1525 1482 rerum,
1564 1442 1769 1475 iracundiae
1795 1443 2012 1481 moderatio,
2048 1438 2258 1486 praesertim

1273 1494 1309 1526 in
1333 1494 1493 1527 xit-toria.
1546 1493 1642 1526 Haec
1665 1506 1744 1527 cum
1767 1494 1805 1526 in
1830 1494 1956 1527 sabulis
1981 1494 2145 1537 leguntur
2167 1491 2259 1530 ficta,

1274 1552 1392 1578 tamen
1428 1546 1475 1577 ita
1504 1551 1731 1577 commovent
1757 1558 1840 1585 nos,
1878 1551 1917 1578 ut
1944 1545 2041 1583 illos,
2084 1542 2145 1589 qui
2168 1552 2259 1574 nun-

1274 1609 1379 1641 quam
1403 1596 1612 1635 extiterunt,
1639 1597 1819 1640 praeditos
1836 1594 1889 1629 his
1908 1596 2097 1629 virtutibus
2112 1604 2186 1627 non
2203 1604 2259 1626 so-

1272 1649 1345 1680 lum
1363 1647 1600 1687 admiremur,
1626 1649 1684 1680 scd
1703 1647 1808 1679 etiam
1826 1659 2003 1686 amemus,
2032 1651 2165 1691 quanto
2182 1654 2258 1675 ma-

1273 1699 1323 1741 gis
1338 1704 1369 1730 te.
1386 1704 1604 1742 praesentem
1623 1699 1797 1741 suspicere
1815 1704 1920 1742 atque
1943 1709 2062 1729 amare
2087 1695 2259 1739 cogimur,

1273 1749 1369 1782 cuius
1393 1749 1552 1782 videmus
1579 1755 1714 1781 tantam
1740 1749 1849 1781 animi
1880 1747 2180 1791 magnitudinem,
2219 1750 2259 1777 ut

1272 1800 1458 1832 victoriam
1489 1813 1562 1832 non
1590 1802 1632 1832 ad
1657 1800 1833 1844 privatam
1854 1799 2056 1839 libidinem,
2096 1804 2157 1831 aut
2181 1807 2259 1829 cru—

1273 1851 1452 1883 delitatem
1477 1852 1728 1889 exercendsmi,
1756 1852 1815 1884 sed
1840 1851 1882 1882 ad
1908 1851 2055 1884 salutem
2079 1847 2258 1894 publicam

1274 1902 1433 1935 omnium
1453 1902 1608 1944 gentium
1626 1902 1784 1934 conferre.
1800 1902 1959 1941 studeas,
1987 1902 2084 1934 cuius
2100 1898 2259 1933 bonitate

1272 1955 1425 1986 fruimur
1441 1953 1527 1997 ipsi,
1556 1959 1587 1985 et
1604 1953 1752 1986 salutem
1778 1960 1811 1986 ct
1837 1953 2044 1996 dignitatem
2068 1960 2257 1996 recupera-

1274 2005 1399 2038 ximus.
1451 2005 1545 2037 Haec
1564 2004 1636 2048 ipsa
1655 2004 1749 2037 curia
1769 2016 1994 2037 counnunem
2013 2003 2172 2037 omnium
2188 2002 2261 2034 lae-

1273 2056 1387 2088 titiam
1407 2055 1530 2095 sentit,
1559 2062 1591 2087 et
1610 2057 1737 2097 gaudet
1758 2068 1827 2088 una
1851 2055 2034 2088 nobiscum
2048 2082 2057 2095 ‚
2089 2052 2259 2088 autorita-

1274 2114 1341 2139 tem
1360 2105 1464 2140 lmius
1481 2107 1617 2140 consilii
1640 2107 1677 2139 in
1702 2105 1756 2140 his
1782 2107 1926 2140 aedibus
1949 2105 2097 2140 restitui.
2149 2101 2259 2137 Deni-

1273 2172 1340 2204 que
1374 2158 1424 2190 illi
1456 2159 1521 2202 ipsi
1544 2158 1697 2191 maiores
1720 2158 1850 2197 nostri,
1891 2170 2044 2203 quorum
2077 2155 2258 2189 excellenti

1272 2210 1443 2253 sapientia
1471 2215 1505 2241 et
1524 2209 1653 2242 virtute
1679 2207 1746 2242 hoc
1769 2209 1957 2253 imperium
1984 2215 2124 2253 partum
2150 2214 2256 2253 atque

1272 2261 1501 2294 constitutum
1533 2266 1601 2299 est,
1643 2273 1722 2293 cum
1748 2260 1785 2293 in
1810 2260 1869 2292 illa
1897 2266 2037 2292 aeterna
2062 2260 2142 2292 sede
2166 2258 2256 2292 nihil

1273 2312 1418 2356 perinde
1439 2318 1579 2355 optent,
1614 2318 1719 2356 atque
1744 2318 1782 2344 ut
1805 2309 1890 2344 haec
1913 2310 2106 2354 respublica
2132 2322 2257 2355 perpe—

1271 2369 1328 2396 tua
1350 2363 1411 2403 sit,
1437 2363 1627 2395 maximam
1652 2363 1870 2407 voluptatem
1894 2374 1934 2394 ex
1955 2367 2013 2394 tua
2037 2359 2258 2395 humanitate

1270 2414 1428 2458 capient,
1459 2427 1538 2447 cum
1561 2413 1716 2447 viderim
1738 2420 1770 2447 te
1797 2411 1888 2446 hanc
1910 2412 2034 2445 urbem
2057 2413 2254 2454 restituere,

1302 2541 1350 2569 71)
1371 2540 1423 2568 eis]
1441 2541 1490 2565 Ed.
1509 2540 1584 2563 1568.
1603 2539 1630 2562 in
1650 2538 1699 2563 eis.

1301 2592 1348 2620 72)
1369 2591 1533 2620 gloriosius]
1552 2591 1600 2614 Ed.
1618 2589 1690 2612 1574.
1709 2590 1820 2618 typogr.
1839 2594 1950 2611 errore:
1976 2587 2125 2618 gloriosus.

1301 2643 1348 2670 7³)
1367 2643 1407 2672 to]
1427 2639 1779 2698 si‹:1⁴:‹1itt.t1536—155z.,
1800 2639 1886 2667 1563„
1908 2639 1980 2665 1592.
1995 2640 2022 2663 et
2036 2638 2131 2663 colon.
2139 2645 2147 2669 3
2166 2637 2248 2665 Editt.

1340 2678 1430 2705 15⁶4„
1452 2676 1526 2699 1574.
1547 2682 1582 2699 e.

1301 2730 1348 2758 74)
1371 2728 1527 2756 moderate]
1545 2727 1593 2750 Ed.
1613 2726 1686 2750 1568.
1705 2725 1854 2750 moderata.
