2347 3000
225 150 246 182 7
471 143 591 178 PIllL.
620 141 730 176 MEL.
758 138 958 173 SCRIPTA
984 137 1049 171 Al)
1077 133 1284 169 liTlllCliN
1312 132 1375 165 1-1'1'
1403 130 1658 166 POLlTlCEN
1688 129 1985 165 SPECTANHA
2213 131 2234 163 8

226 230 299 262 cis?
343 229 427 268 Quid
452 230 479 258 si
501 229 598 258 etiam
622 225 793 256 accederet
816 225 971 253 incurvus
995 226 1027 250 et
1051 217 1218 265 squalidus
1482 259 1487 264 .
1871 258 1897 262 Δ.
2135 256 2140 261 .
2209 256 2213 261 .

227 279 351 313 positos
380 271 491 301 ordine
524 278 673 299 numeros
704 269 868 307 pingeret,
899 270 932 294 ut
964 264 999 292 lit
1031 263 1063 291 in
1095 256 1242 290 scholis?
1286 259 1374 288 Num
1404 268 1509 298 magis
1538 263 1780 297 expavesceret
1804 258 1944 288 Catilina
1974 259 2162 294 conspectis
2184 255 2236 285 lus

227 317 341 346 fiam-is
381 324 475 353 quam
497 322 569 343 cum
593 312 673 341 vidit
697 310 840 339 consulis
863 305 1081 345 vigilantiam,
1111 307 1144 332 et
1168 302 1351 342 legionibus
1374 302 1514 340 quinque
1537 302 1694 330 munitam
1715 301 1861 339 italiam,
1891 309 2027 339 quarum
2051 298 2153 328 duces
2177 297 2236 327 fir-

226 338 360 389 „si'ssjmi
384 361 473 386 crant
515 361 544 384 et
571 354 715 384 adiuncti
734 351 880 382 Ciceroni
902 344 1024 378 consuli
1035 344 1052 376 ’ἐ
1096 344 1188 374 llaec
1211 350 1245 374 et
1267 344 1384 373 similia
1406 344 1507 372 multa
1529 348 1644 373 contra
1665 343 1750 373 hane
1772 342 2008 382 philosophiam
2031 341 2071 371 de
2094 340 2237 370 moribus

227 410 325 439 saepe
356 378 503 428 ‹licuntu'r
532 398 572 427 ab
603 398 658 427 iis,
691 396 743 433 qui
773 394 908 422 libenter
933 390 1041 418 l'renos
1064 387 1228 417 hominum
1257 385 1489 425 cupiditatibus
1512 386 1641 424 laxant,
1671 385 1711 414 ad
1733 395 1817 425 quae
1840 387 1903 415 etsi
1926 394 2006 415 vera
2028 382 2238 422 respondere,

228 444 320 472 nobis
344 442 533 480 pracsertim
561 441 592 468 in
617 438 757 468 ecclesia
780 434 874 464 l‘acile
897 436 967 469 est,
997 435 1106 460 tamen
1130 431 1162 459 in
1185 429 1246 459 hoc
1270 433 1461 467 arguuicnto
1485 428 1569 457 mala
1592 436 1708 465 causa,
1742 433 1775 457 et
1803 428 1988 467 perniciosa
2010 428 2113 457 oratio
2136 425 2238 455 multo

227 485 425 525 plausibilior
449 488 516 514 est,
539 480 622 520 quod
647 489 684 509 eo
709 480 760 508 tit.
789 476 862 514 quia
885 482 1036 512 magnum
1060 472 1230 502 dissidium
1257 476 1310 500 est
1332 472 1364 499 in
1387 471 1516 500 homine
1541 471 1659 499 mentis
1683 474 1715 498 et
1739 470 1969 509 cupiditatum,
1998 479 2082 509 quae
2105 467 2237 498 vincula

227 534 259 557 et
290 536 454 557 carcerem
483 534 581 554 aeo‘re
610 523 792 560 patiuntur,
822 521 855 546 et
886 517 1004 545 mentis
1035 515 1151 545 iudicio
1181 513 1397 543 audacissime
1428 513 1617 542 reclamant.
1670 511 1706 541 ld
1730 512 1914 550 dissidium,
1946 512 2030 542 unde
2054 516 2159 541 ortum
2183 511 2237 547 sit,

227 580 289 599 nou
320 569 470 598 ioiiorant
501 549 547 598 hio,
578 566 629 603 qui
653 562 813 591 ecclcsiae
844 559 1022 588 doctrinam
1046 563 1078 587 et
1102 556 1316 594 audiverunt,
1345 560 1378 585 et
1401 556 1651 594 amplectuutur.
1703 555 1882 593 Deplorare
1905 560 2014 585 autem
2035 552 2238 594 maguitudi-

227 622 299 642 nem
322 595 392 640 etius
416 610 486 639 mali
510 609 611 637 bonae
634 609 759 633 mentes
783 603 907 635 solent,
932 602 1098 630 intuentes
1121 605 1154 629 et.
1177 600 1255 628 iram
1279 599 1356 636 Dei,
1390 602 1424 627 et
1447 597 1626 628 horrendas
1648 597 1811 627 homiuum
1835 598 2057 636 calamitates,
2089 605 2172 635 quae
2196 595 2236 624 ab

224 656 281 684 illa
309 653 487 682 domestica
520 647 678 678 discordia
711 650 845 675 naturae
875 644 1011 673 hominis
1042 644 1196 672 oriuntur.
1251 641 1324 671 Nec
1354 641 1449 670 ullius
1478 645 1571 670 tanta
1601 644 1654 670 est
1682 640 1884 679 eloquentia,
1915 644 1951 669 ut
1979 640 2065 669 hunc
2095 639 2237 669 dolorem

225 697 371 726 oratione
402 692 571 722 exhaurire
595 694 627 719 et
650 689 732 718 satis
755 688 935 726 exprimere
958 686 1072 725 possit.
1120 683 1346 724 Lachrymaus
1370 684 1468 723 igitur
1492 684 1613 721 fateor,
1638 692 1697 712 nec
1720 682 1770 712 liis
1794 682 2014 712 blandissimis
2038 681 2235 720 disputatio-

230 740 323 768 nibus
342 736 494 771 Euneos,
518 742 578 762 uec
602 741 719 761 severa
741 731 847 768 legum
871 738 969 762 voce,
992 737 1052 757 nec
1075 728 1233 757 atrocium
1255 726 1486 765 suppliciorum
1509 726 1724 765 spectaculis,
1749 731 1898 755 errantes
1925 723 2124 764 cupiditates
2147 732 2238 753 sem·-

226 790 282 820 per
308 781 392 808 intra
421 781 526 806 metas
555 775 685 804 retrahi.
737 772 818 809 Quid
850 769 972 811 igitur-3
1016 771 1121 800 Estne
1151 769 1297 799 doctrina
1320 769 1544 798 commenticia
1567 773 1601 798 et
1623 766 1774 798 incerta?
1806 768 1922 798 deinde
1946 769 1973 797 si
1998 776 2061 806 qua
2084 770 2137 796 est
2157 775 2239 795 vera

226 822 388 855 doctriua,
412 824 506 848 estne
530 814 678 847 inutilis?
720 816 785 844 lmo
809 814 1006 844 contumelia
1028 818 1079 843 est
1103 811 1266 843 adversus
1289 812 1411 850 Deum,
1435 812 1538 841 lucem
1560 811 1800 841 discernentem
1824 811 1964 841 honesta
1986 815 2020 840 et
2043 809 2160 848 turpia,
2183 808 2237 838 in-

228 865 295 895 dita
318 863 480 893 mentibus
503 861 624 890 nostris
648 858 820 895 divinitus,
848 866 906 886 seu
930 857 1087 895 principia
1113 855 1259 894 practica
1281 859 1314 884 et
1338 854 1632 884 demonstrationes
1654 855 1817 892 practicas
1841 854 1926 882 velle
1951 853 2076 891 delere,
2107 851 2239 882 sublata

224 905 433 938 certitudine:
458 904 531 933 Xon
555 903 644 932 dicas
668 901 783 930 salsum
808 899 1044 938 testimonium,
1074 899 1178 937 inquit
1200 907 1266 926 vox
1290 897 1416 927 diviua:
1451 897 1526 926 Non
1550 896 1748 926 delectemur
1771 897 1964 935 corruptelis
1985 895 2154 934 veritatis,
2177 902 2238 923 uec

224 957 417 989 quaeramus
440 946 635 985 praestigias
658 943 698 973 ad
722 952 791 972 eam
815 941 1018 971 eludendam.
1072 942 1135 971 Est
1161 941 1289 969 omuino
1312 950 1392 969 vera
1421 940 1528 979 aliqua
1558 939 1722 977 doctrina,
1753 945 1787 969 et
1810 945 1900 969 certa
1923 939 1964 969 de
1986 938 2144 975 moribus,
2175 945 2237 966 cx-

225 998 330 1022 tructa
355 999 395 1019 ex
418 989 470 1018 illa
492 981 581 1021 luce,
611 987 769 1016 divinitus
791 986 888 1014 insita
910 984 1060 1013 humanis
1084 984 1266 1020 mentibus,
1297 992 1355 1012 seu
1380 992 1421 1012 ex
1444 983 1570 1022 legibus
1594 987 1742 1011 naturae.
1799 982 1842 1012 [ἰ
1872 991 1964 1011 meus
1986 981 2059 1020 ipsa
2081 988 2143 1010 sua.
2163 979 2237 1008 luce

223 1035 325 1065 cernit
355 1035 437 1062 lianc
468 1031 716 1069 propositionem
739 1037 873 1064 veram,
901 1032 1024 1056 certam
1053 1031 1086 1056 et
1110 1027 1272 1055 immotam
1296 1035 1387 1055 esse:
1425 1026 1482 1055 Bis
1506 1029 1643 1064 quatuor
1673 1030 1749 1054 sunt
1771 1030 1861 1063 octo,
1892 1025 1940 1054 sic
1962 1032 2059 1061 vera,
2090 1026 2182 1053 certa
2204 1025 2238 1050 et

225 1079 356 1107 immota
378 1079 427 1103 est
453 1074 532 1102 hacc
556 1072 736 1101 sententia:
770 1070 975 1100 Adulterium
998 1074 1050 1098 est
1073 1074 1167 1108 turpe
1191 1074 1224 1098 et
1247 1068 1427 1098 vitandum.
1469 1069 1520 1098 Ac
1545 1067 1584 1098 dc
1608 1068 1697 1098 fonte
1721 1072 1755 1098 et
1777 1067 1972 1098 certitudine
1996 1065 2180 1104 doctrinae,
2203 1068 2238 1093 et

227 1119 266 1149 de
289 1123 451 1148 sectarum
476 1115 703 1144 diuidit-atione
725 1122 824 1151 saepe
847 1114 877 1142 in
902 1113 953 1142 his
974 1112 1216 1141 commentariis
1237 1111 1364 1141 dicitur.

309 1161 404 1189 Nunc
426 1168 504 1187 vero
527 1158 566 1187 de
589 1158 728 1186 utilitate
752 1156 895 1184 breviter
917 1155 1030 1184 dicam.
1086 1155 1216 1184 Scimus
1239 1155 1344 1184 Deum
1367 1153 1453 1182 velle
1477 1162 1582 1193 genus
1606 1153 1781 1183 humanum
1805 1152 1976 1192 disciplina
1999 1150 2180 1181 domestica
2203 1153 2237 1178 et

223 1203 325 1241 civili,
356 1202 481 1241 legibus
504 1205 536 1230 et
560 1199 786 1238 suppliciorum
810 1202 897 1227 metu
921 1199 1008 1237 regi,
1039 1202 1074 1226 ut
1097 1198 1200 1227 multa
1223 1197 1310 1227 dicta
1333 1197 1489 1226 coelestia
1513 1201 1687 1226 testantur.
1743 1196 1825 1226 Cum
1854 1197 1952 1236 igitur
1982 1193 2152 1225 consilium
2174 1191 2237 1222 Dei

223 1256 284 1275 non
309 1245 350 1273 sit
372 1252 506 1282 prorsus
529 1243 657 1279 inutile,
692 1241 857 1271 fatendum
887 1245 940 1270 est
971 1240 1090 1279 aliquid
1114 1240 1225 1269 valere
1249 1241 1332 1270 lianc
1356 1239 1553 1277 doctrinam,
1584 1247 1668 1277 quae
1692 1237 1883 1277 disciplinae
1907 1246 1983 1277 pars
2007 1241 2075 1275 est,
2105 1240 2140 1265 et
2162 1235 2237 1265 fons

222 1290 429 1318 honestarum
456 1287 572 1325 legum.
622 1285 696 1314 Nou
727 1284 769 1313 sit
801 1288 910 1313 autem
940 1288 1058 1312 natura
1088 1283 1240 1321 distorta,
1271 1283 1322 1313 cui
1351 1282 1556 1321 proponitur,
1586 1287 1619 1311 et
1648 1281 1742 1310 vivat
1766 1290 1830 1310 nou
1854 1281 2029 1320 Cyclopico
2052 1288 2142 1309 more
2165 1278 2237 1307 sino

223 1331 329 1361 freno,
358 1330 427 1358 siue
449 1329 571 1367 legum,
596 1327 784 1366 religionum
808 1330 841 1355 et
863 1326 1025 1355 hominum
1044 1326 1248 1363 reverentia,
1280 1324 1340 1354 sed
1363 1330 1514 1353 versetur
1538 1325 1622 1353 inter
1646 1323 1793 1353 homiues
1816 1324 1923 1353 civilia
1945 1322 2054 1352 officia
2075 1321 2235 1359 colentcS,

219 1374 373 1403 invitetur
396 1371 553 1408 exemplis
575 1370 741 1407 honestis,
765 1373 889 1398 metuat
912 1377 1052 1406 poenaS,
1076 1367 1238 1397 adsueliat
1262 1367 1303 1397 ad
1327 1367 1455 1397 civilem
1475 1367 1566 1395 vitae
1588 1365 1868 1395 consuetudinem.
1913 1366 1987 1395 Etsi
2001 1370 2111 1395 autem
2125 1372 2236 1402 saepe,

219 1420 348 1455 propter
378 1418 513 1442 naturae
544 1412 816 1448 imbecillitatem,
847 1410 1059 1449 cupiditatum
1091 1410 1238 1439 flammae
1269 1411 1423 1447 vincunt,
1454 1418 1554 1447 saepe
1584 1409 1732 1438 diabolus
1755 1409 1888 1447 impellit
1912 1409 2051 1447 animos,
2081 1416 2122 1436 ne
2145 1410 2236 1436 recto

218 1458 334 1488 iudicio
355 1457 592 1494 obtemperent,
616 1460 723 1484 tamen
747 1453 863 1492 aliquid
887 1455 916 1482 in
942 1453 1011 1482 vita
1034 1453 1194 1482 communi
1217 1453 1277 1481 loci
1301 1458 1353 1482 est
1376 1452 1582 1490 discipliuae,
1615 1460 1653 1481 ac
1676 1451 1792 1480 addam
1816 1452 1952 1490 amplius
1974 1451 2146 1489 plurimum
2169 1457 2234 1478 va-

219 1502 285 1530 lere
307 1499 522 1537 diligentiam,
545 1503 579 1527 et
601 1497 685 1526 hauc
708 1497 811 1535 ipsam
835 1496 1014 1526 doctrinam
1038 1495 1192 1533 adfirmo,
1216 1504 1287 1525 cum
1312 1495 1471 1525 accedunt
1494 1494 1616 1533 agnitio
1640 1499 1668 1523 et
1697 1495 1862 1523 invocatio
1886 1494 1941 1523 lilii
1957 1494 2027 1523 Dei.
2071 1492 2134 1521 uic
2154 1500 2234 1520 vero

220 1552 342 1583 genera
366 1542 530 1571 doctrinae
560 1545 650 1569 recte
673 1538 888 1568 discernenda
912 1543 1007 1576 sunt,
1037 1539 1139 1578 Legis
1162 1538 1330 1576 disciplina
1353 1543 1385 1567 et
1408 1537 1640 1576 Evaugelium,
1670 1546 1734 1575 qua
1763 1536 1803 1565 de
1827 1546 1861 1565 re
1885 1546 1985 1575 saepe
2008 1536 2090 1565 alias
2113 1533 2235 1563 dictum

219 1590 280 1615 est.
322 1585 393 1614 Nec
417 1593 487 1613 raro
511 1583 586 1612 mihi
608 1584 640 1612 iu
664 1587 806 1612 mentem
830 1582 938 1619 veuit,
962 1590 1035 1610 cum
1060 1581 1098 1610 de
1122 1581 1206 1620 legis
1230 1581 1372 1610 utilitate
1397 1580 1529 1617 dicitur,
1554 1580 1725 1619 imagiuiS,
1750 1588 1833 1618 quae
1858 1579 1888 1608 in
1914 1578 2110 1618 evangelica
2126 1577 2233 1606 histo-

218 1630 264 1657 ria
294 1632 384 1656 extat
416 1626 454 1655 de
479 1628 664 1665 sycomoro.
723 1624 898 1663 Significat
926 1624 1012 1652 euim
1035 1624 1234 1663 Sycomorus
1264 1624 1416 1662 populum
1445 1623 1555 1661 Legis.
1609 1622 1689 1651 Eius
1722 1627 1831 1651 autem
1863 1622 1988 1651 arboris
2018 1621 2145 1650 fructus
2168 1628 2231 1649 non

216 1674 453 1707 maturescunt,
485 1669 548 1698 nisi
578 1669 661 1698 ferro
684 1667 890 1705 scalpantur,
921 1672 955 1696 et
978 1667 1084 1695 oleum
1107 1666 1312 1703 infundatur,
1346 1666 1377 1695 id
1401 1670 1470 1703 est,
1501 1666 1585 1704 legis
1609 1664 1756 1694 doctrina
1785 1665 1831 1693 ita
1854 1664 1989 1703 prodest
2017 1662 2232 1703 auditoribus,

217 1715 244 1742 si
268 1713 488 1752 castigentur,
519 1716 551 1740 et
575 1716 682 1740 tamen
707 1710 792 1748 oleo,
824 1710 855 1739 id
879 1714 947 1748 est,
970 1709 1154 1749 Evangelio
1177 1714 1454 1748 conspergantur,
1479 1707 1508 1737 id
1533 1713 1604 1743 est,
1628 1709 1654 1737 si
1679 1707 1839 1737 accedant
1862 1708 1986 1747 agnitio
2010 1711 2043 1736 et
2065 1705 2230 1736 invocatio

217 1756 348 1785 Christi.
393 1755 474 1784 Cum
497 1754 633 1794 legimus
657 1755 688 1782 iu
712 1752 872 1782 mentibus
896 1752 1016 1781 nostris
1039 1753 1224 1781 sententias
1248 1762 1267 1781 a
1290 1752 1359 1781 Deo
1382 1752 1558 1789 inscriptas
1583 1751 1622 1780 de
1646 1751 1806 1787 moribus,
1830 1759 1903 1779 cum
1927 1759 2041 1779 vocem
2064 1749 2126 1779 Dei
2148 1757 2232 1779 con-

215 1798 376 1827 cionantis
405 1797 445 1826 de
469 1797 548 1826 Sina
577 1795 747 1835 audimus,
777 1796 883 1833 ipsum
910 1795 993 1835 legis
1023 1799 1190 1824 auctorem
1214 1796 1349 1833 primum
1373 1795 1574 1832 intueamur,
1605 1798 1638 1822 ct
1667 1794 1853 1832 cogitantes
1883 1793 2139 1822 imbecillitatem
2169 1801 2231 1821 uo-

215 1846 332 1872 stram.
362 1844 393 1868 et
425 1839 543 1869 diaboli
571 1838 726 1876 iusidias,
757 1843 923 1876 petamus,
953 1842 988 1867 ut
1011 1837 1102 1867 Deus
1133 1842 1288 1866 aeternus
1312 1842 1404 1875 pater
1428 1837 1555 1866 Domini
1579 1837 1683 1865 nostri
1708 1837 1781 1865 lesu
1807 1835 1947 1874 Christi,
1977 1840 2108 1874 propter
2131 1834 2230 1864 silium

214 1883 422 1912 mediatorem
445 1891 504 1911 nos
527 1883 680 1920 recipiat,
710 1885 743 1910 et
766 1880 917 1919 adiuvet,
949 1881 1033 1909 sicut
1059 1881 1144 1909 lilius
1168 1881 1314 1918 promisit
1337 1880 1502 1919 inquiens:
1540 1878 1670 1916 Quanto
1694 1880 1799 1917 magis
1823 1882 1915 1917 pater
1937 1883 2052 1907 vester
2075 1878 2230 1907 coelestis

215 1925 301 1954 dabit
328 1926 480 1963 Spiritum
509 1930 658 1953 sanctum
689 1923 885 1962 petentibus.
938 1923 980 1951 Et
1009 1922 1139 1961 quidem
1170 1932 1287 1952 severe
1316 1923 1492 1962 praecipit.
1523 1926 1559 1951 ut
1583 1922 1643 1951 hoc
1668 1926 1794 1951 tautum
1818 1930 1934 1951 munus
1957 1926 2124 1959 petamuS,
2146 1922 2228 1950 ‘cum

214 1969 275 1997 ait:
300 1968 405 1996 Petite
429 1971 461 1996 et
483 1968 660 2005 accipietis.
703 1967 795 1996 llaec
819 1965 858 1994 de
883 1966 1024 1995 utilitate
1049 1967 1194 1994 breviter
1216 1966 1323 1995 visum
1347 1974 1398 1995 est
1424 1965 1542 1994 dicere.
1587 1964 1673 1994 Nam
1697 1964 1737 1994 de
1761 1965 1916 1995 universa
1936 1963 2107 2002 disciplina
2129 1972 2228 2002 saepe

212 2011 293 2040 alias
317 2020 335 2039 a
361 2010 450 2038 nobis
475 2009 591 2039 dictum
616 2014 677 2038 est.

294 2052 385 2089 Quod
410 2062 486 2081 vero
509 2052 627 2082 studiis
651 2057 684 2081 et
707 2051 747 2080 ad
772 2050 973 2080 forniandum
997 2048 1149 2079 iudicium
1180 2050 1279 2089 prosit
1305 2051 1491 2089 inspexisse
1520 2049 1580 2079 lias
1604 2049 1833 2079 Aristotelicas
1863 2048 2122 2087 disputationes,
2153 2047 2228 2077 inde

212 2094 422 2124 animadverti
455 2099 578 2132 potest,
613 2094 697 2133 quod
730 2104 867 2123 necesse
899 2098 951 2122 est
981 2093 1009 2121 in
1036 2093 1185 2122 Ecclesia
1216 2094 1388 2131 perspicue
1412 2092 1552 2122 discerni
1577 2092 1811 2131 philosophiam
1843 2098 1876 2122 et
1900 2092 2126 2130 Evangelium.
2180 2091 2227 2120 At

213 2147 273 2165 nou
305 2142 455 2175 poterunt
485 2137 657 2167 discrimen
689 2137 853 2166 illustrare
884 2135 933 2173 hi,
967 2135 1020 2174 qui
1054 2145 1116 2163 non
1147 2135 1331 2165 didicerunt
1360 2140 1533 2174 utrumque
1558 2135 1725 2164 doctrinae
1755 2144 1871 2173 genus.
1922 2134 2102 2172 Propterea
2124 2142 2225 2172 saepe

211 2189 272 2208 nou
297 2180 387 2209 modo
412 2180 442 2208 in
467 2180 551 2218 sore,
581 2179 639 2209 sed
664 2180 761 2209 etiam
786 2180 817 2208 iu
841 2178 992 2208 Ecclesia
1016 2177 1188 2207 dicendum
1212 2183 1265 2207 est
1290 2178 1329 2207 de
1359 2179 1466 2216 aliqua
1489 2178 1590 2217 Legis
1613 2184 1724 2216 parte,
1754 2177 1794 2206 de
1819 2178 1976 2207 virtutum
1999 2177 2140 2207 civilium
2164 2175 2224 2205 de-

211 2222 408 2251 linitionibus
432 2227 487 2251 aut
510 2223 668 2251 membris.
713 2222 797 2250 llinc
821 2227 929 2250 autem
953 2221 1138 2258 exemplum
1161 2219 1304 2250 methodi
1328 2221 1410 2249 sumi
1435 2225 1560 2259 potest,
1592 2230 1663 2250 cum
1689 2221 1764 2249 talis
1788 2221 1923 2250 materia
1946 2218 2138 2259 explicanda
2162 2224 2223 2248 cst.

209 2264 345 2302 Propter
369 2265 427 2293 has
451 2265 608 2294 utilitates
630 2264 819 2294 Aristotelis
842 2263 960 2293 Ethica
983 2264 1013 2291 iu
1037 2263 1187 2292 manibus
1210 2263 1480 2293 scholasticorum
1503 2264 1630 2292 versari
1653 2262 1802 2301 prodest,
1835 2272 1918 2302 quae
1941 2268 1977 2293 ut
1999 2272 2018 2292 a
2040 2261 2223 2291 rudioribus

209 2311 242 2336 et
265 2307 433 2345 tyronibus
456 2308 581 2336 facilius
603 2307 843 2346 intelligantur,
868 2306 1095 2336 annotationes
1118 2306 1235 2334 alicubi
1259 2305 1300 2335 ad
1324 2310 1452 2336 textum
1475 2306 1504 2334 in
1530 2306 1619 2335 libris
1642 2306 1825 2344 praecipuis
1841 2305 1960 2344 adieci,
1982 2314 2066 2344 quae
2081 2309 2111 2334 et
2131 2305 2221 2343 ipsae

207 2348 368 2377 interdum
399 2349 570 2380 ostendent
599 2359 693 2379 usum
723 2350 835 2378 harum
867 2349 1011 2378 tenuium
1040 2348 1306 2386 disputationum.
1361 2348 1439 2378 Ideo
1463 2354 1572 2378 autem
1597 2348 1729 2377 latinam
1753 2349 1936 2377 versionem
1959 2347 2079 2377 nullam
2103 2346 2222 2382 addidi,

208 2391 291 2429 quod
316 2390 422 2420 malim
442 2400 578 2429 graecos
602 2392 709 2422 l'ontes
733 2392 799 2431 legi
824 2396 954 2430 propter
979 2390 1098 2419 multas
1123 2400 1250 2421 causas.
1295 2390 1381 2420 Nam
1404 2396 1438 2420 et>
1460 2392 1626 2420 sententia
1651 2392 1762 2421 nativa
1786 2391 1913 2420 facilius
1935 2391 2089 2430 cognosci
2111 2395 2221 2428 potest.

207 2433 248 2462 ab
271 2434 325 2470 iis,
355 2433 469 2471 quihus
492 2443 610 2472 graeca
634 2435 729 2464 lectio
752 2434 788 2463 fit
812 2434 996 2471 familiaris,
1027 2440 1060 2462 et
1083 2434 1137 2471 qui
1160 2443 1223 2462 non
1247 2438 1361 2463 tenent
1384 2434 1528 2463 nativam
1552 2434 1765 2473 seutentiam,
1794 2433 1857 2472 ipsi
1880 2433 1939 2462 sibi
1963 2442 2083 2462 novum
2112 2436 2146 2462 et
2168 2431 2220 2462 ‹li-

207 2476 308 2505 lutum
332 2475 551 2513 philosophiae
573 2486 677 2515 genus
700 2478 845 2516 fingunt,
869 2485 907 2506 ac
929 2476 1069 2505 miscent
1093 2475 1254 2506 absurdas
1277 2477 1476 2515 sententias,
1501 2482 1534 2506 et
1558 2476 1772 2506 abhorrentes
1795 2484 1815 2505 a
1837 2476 1927 2505 sanis
1949 2474 2077 2505 iudiciis
2100 2475 2132 2504 in
2155 2474 2218 2505 hac

205 2519 363 2548 communi
391 2518 468 2546 vita.
519 2518 563 2548 Ut
592 2525 699 2548 autem
728 2528 881 2559 maguum
909 2523 1135 2548 ornamentum
1164 2523 1236 2556 est,
1269 2523 1302 2548 et
1324 2519 1412 2549 vitae
1435 2519 1595 2548 hnmanae
1625 2524 1658 2549 et
1680 2519 1867 2555 Ecclesiae,
1896 2518 2116 2557 philosophia,
2145 2527 2217 2547 cum

204 2565 311 2597 recte,
341 2559 482 2596 erudite,
511 2561 616 2590 sobrie
639 2567 672 2590 et
695 2561 860 2592 moderate
883 2560 1039 2598 traditur,
1070 2561 1117 2590 ita
1140 2561 1244 2599 pestis
1270 2566 1322 2591 est
1345 2567 1378 2592 et
1401 2562 1584 2601 corruptela
1605 2561 1809 2600 iudiciorum,
1839 2570 1912 2590 cum
1935 2570 1992 2600 pro
2015 2560 2218 2600 philosophia

200 2603 376 2633 instillatur
400 2602 513 2632 animis
536 2604 681 2634 confusio
703 2605 886 2644 opinionum
908 2612 1061 2634 verarum
1085 2608 1118 2634 et
1141 2603 1313 2644 falsarum,
1337 2610 1369 2636 et
1393 2606 1573 2636 accersitur
1596 2604 1739 2636 studium
1761 2603 1904 2635 absurda
1925 2602 2121 2635 defendendi
2135 2612 2216 2634 ver-

1241 225 1364 255 senex,
1388 217 1437 246 Iro
1456 216 1488 255 1)
1512 216 1644 254 similis,
1680 224 1719 245 ac
1743 216 1774 245 in
1797 224 1911 244 mensa
1933 219 1991 244 aut
2014 213 2140 253 pariete
2165 212 2236 243 dis-

236 2738 263 2770 1)
285 2739 361 2765 1rus.
381 2737 518 2761 mendicus
536 2736 641 2760 Ithacae
660 2736 775 2760 insulae.
