2347 3000
89 134 156 169 121
638 127 663 162 Ι.

87 216 231 265 (Mauh.
249 217 282 257 7,
304 214 395 261 15.):
426 214 553 248 Cavete
571 226 588 246 a
610 211 939 258 pseudoprophetis.
981 212 1067 246 Item

87 270 220 315 (Galat.
242 269 274 308 1,
295 268 361 314 8.):
398 267 433 300 Si
461 266 539 311 quis
564 266 659 298 aliud
682 265 913 307 Evangelium
942 266 1068 304 tradet,

87 319 273 354 anathema
292 320 346 353 sit.
399 317 474 350 Iloc
492 318 698 350 mandatum
716 318 850 361 pariter
875 319 919 349 ad
946 328 1068 349 (nunes

89 373 259 417 pertinet,
302 377 339 403 ut
364 382 428 413 pro
452 381 514 402 suo
540 370 617 401 loco
641 370 682 401 de
708 369 869 402 doctrina
896 381 936 401 ex
960 368 1066 400 verbo

90 424 151 456 l)ei
169 422 334 456 iudicent.
372 420 417 453 Et
434 421 560 453 Petrus
582 420 677 453 iubet
697 433 818 453 omues
837 426 977 465 paratos
996 431 1067 451 esse

86 477 128 507 ad
153 474 369 507 reddendam
395 472 567 504 rationem
594 472 672 504 fidei
695 485 778 505 suae
804 478 867 505 etc.
904 471 954 516 (1.
973 470 1067 503 Petr.

86 526 120 565 4,
140 524 204 571 5,).
266 525 385 568 Quare
410 536 506 567 reges
529 524 658 556 debent
684 524 910 567 interponere
936 521 1068 554 autori-

85 583 192 609 tatem
215 587 334 615 suam,
370 575 427 607 ubi
455 575 648 619 periculum
675 581 745 614 est,
787 587 884 607 secus
911 585 1067 618 pronun-

84 628 233 661 tiaturos
264 639 335 660 esse
368 626 562 670 episcopos.
630 626 675 658 Et
702 625 919 667 Augustinus
948 624 1069 658 scribit

85 679 184 724 epist.
210 677 292 712 166.
322 677 592 711 Constantinum
627 677 801 720 principio
836 677 889 709 bis
922 675 1068 709 commi—

85 732 168 765 sisse
211 741 353 763 causam
394 729 585 762 Caeciliani
601 728 647 773 9⁸)
689 728 861 772 episcopis
879 754 888 767 ,
946 734 1067 772 postea

87 784 199 827 ipsum
216 780 387 814 audixisse
407 793 446 812 ac
463 779 729 823 pronuntiasse,
759 786 789 812 et
812 779 931 812 multis
953 778 1067 811 xerbis

85 835 258 877 disputat,
287 832 328 864 ad
352 831 428 875 pios
445 831 621 875 principes
636 828 720 863 haec
739 830 864 863 iudicia
884 831 1066 863 doctrinae

86 886 190 918 etiam
219 883 406 927 pertinere.
476 882 598 927 [Neque
621 882 715 915 enim
740 882 776 914 in
799 882 952 915 Ecclesia
981 880 1066 914 haec

85 935 243 980 tyrannis
274 933 518 967 constituenda
550 940 619 973 est,
656 935 751 978 quod
776 940 937 978 oporteat
963 933 1067 967 laicos

84 985 264 1024 assentiri,
307 992 340 1017 et
370 985 582 1029 applaudere
615 986 779 1018 omnibus
809 985 882 1018 sine
919 985 1067 1023 delectu,

87 1050 176 1084 quae
201 1036 422 1070 decreverint
445 1036 611 1080 episcopi.
676 1036 748 1070 Nec
776 1037 879 1069 debet
904 1048 974 1070 esse
1004 1034 1068 1081 ὃν]-

83 1086 286 1135 μοκρατία,
328 1100 397 1132 qua
430 1088 631 1131 promiscue
663 1089 878 1121 concedatur
903 1087 1067 1120 omnibus

84 1140 225 1174 licentia
258 1139 475 1171 vociferandi
507 1146 541 1172 et
573 1140 741 1172 movendi
771 1141 960 1183 dogmata,
1008 1140 1066 1171 sed

86 1188 348 1238 ἀριστοκρατία
373 1190 435 1230 sit,
477 1190 513 1223 in
540 1203 608 1236 qua
633 1191 758 1223 ordine
779 1189 836 1230 hi,
878 1190 939 1236 qni
967 1202 1067 1234 prae-

85 1249 187 1281 sunt,
225 1241 380 1286 episcopi
405 1247 438 1273 et
466 1254 582 1285 reges,
622 1242 885 1275 communicent
908 1241 1067 1280 consilia,

87 1301 119 1326 et
144 1294 274 1337 eligant
301 1291 462 1325 homines
487 1294 531 1325 ad
555 1293 781 1326 iudicandum
807 1293 963 1325 idoneos.
1015 1292 1068 1324 Ex

87 1343 140 1378 his
170 1345 253 1378 satis
288 1343 434 1387 intelligi
468 1350 601 1386 potest,
656 1344 893 1387 cognitionem
931 1344 973 1376 de
1006 1344 1066 1375 do-

88 1396 198 1429 ctrina
217 1395 393 1439 pertinere
412 1395 456 1426 ad
471 1394 683 1435 Ecclesiam,
707 1396 740 1427 id
760 1401 828 1433 est,
857 1395 899 1426 ad
924 1395 1067 1438 presby—

86 1454 180 1480 teros
197 1452 230 1479 et
245 1445 441 1489 principes,
468 1446 527 1478 sed
545 1446 721 1489 principes
742 1458 777 1478 re
801 1445 940 1489 cognita
959 1451 993 1477 et
1016 1446 1067 1477 iu-

87 1498 199 1530 dicata
213 1523 221 1536 ‚
247 1497 318 1528 iam
336 1496 496 1529 custodes
514 1508 585 1529 esse
604 1503 766 1529 externae
784 1496 1010 1540 disciplinae,
1034 1502 1067 1528 et

86 1554 287 1581 executores
310 1547 503 1580 sententiae
528 1547 675 1592 synodi,
710 1554 749 1580 ut
771 1547 933 1580 videlicet
955 1547 1067 1579 idolo-

85 1599 226 1632 latricos
257 1598 389 1637 cultus,
429 1596 666 1642 blasphemias
692 1605 726 1631 et
758 1598 867 1643 impia
899 1599 1064 1643 dogmata

85 1648 316 1694 prohibeant,
345 1655 377 1681 et
396 1650 610 1693 professores
629 1650 791 1694 puniant.

183 1701 290 1734 Aliud
307 1706 567 1743 argumentum.
618 1701 845 1745 Magistratus
860 1706 997 1734 tantum
1017 1707 1067 1734 est

84 1753 248 1786 defensor
276 1763 485 1795 corporum:
527 1753 694 1796 dogmata
721 1765 795 1786 non
816 1753 996 1797 pertinent
1023 1753 1067 1784 ad

86 1817 230 1849 corpus:
259 1816 342 1847 ergo
369 1804 575 1847 dogmatum
601 1802 797 1848 prohibitio
818 1817 892 1837 non
914 1804 1067 1848 pertinet

85 1857 129 1889 ad
143 1855 401 1900 magistratum.
442 1854 652 1900 Responsio.
689 1856 857 1900 Neganda
874 1862 923 1889 est
940 1856 1067 1895 maior,

86 1913 119 1940 et
134 1907 224 1940 ratio
241 1912 302 1940 est.
356 1906 570 1952 Quanquam
589 1908 682 1940 enim
701 1907 922 1941 conservatio
942 1919 1067 1951 corpo-

84 1958 132 1992 ris
148 1958 301 2002 pertinet
316 1957 421 1990 etiam
439 1959 484 1991 ad
501 1959 654 1992 officium
672 1959 955 2002 magistratuum,
984 1958 1066 2004 quia

86 2016 135 2043 est
152 2021 233 2054 pars
247 2008 350 2053 legis,
379 2015 497 2042 tamen
513 2022 586 2042 non
604 2017 655 2044 est
671 2011 749 2044 smis
764 2010 971 2055 principalis
993 2022 1068 2042 ma-

85 2061 308 2105 gistratuum,
335 2061 393 2092 sed
412 2062 633 2094 conservatio
653 2062 757 2105 legis,
783 2063 878 2106 quod
896 2062 940 2094 ad
957 2067 1067 2094 exter-

86 2124 168 2145 nam
188 2111 409 2156 disciplinam
432 2112 576 2152 attinet,
604 2119 656 2146 est
676 2113 881 2157 principalis
897 2113 976 2146 sinis
993 2125 1067 2145 ma-

85 2163 307 2207 gistratuum.
360 2162 452 2196 Nam
475 2163 701 2207 magistratus
723 2171 773 2198 est
791 2164 888 2197 velut
908 2164 982 2208 ipsa
1002 2164 1067 2197 lex.

85 2215 200 2248 Porro
232 2215 287 2247 lex
319 2225 393 2247 non
422 2220 559 2247 tantum
588 2216 761 2260 praecipit
790 2216 833 2248 de
864 2215 1067 2248 defensione

87 2265 245 2311 corporis
261 2271 321 2299 aut
337 2277 470 2305 rerum,
497 2267 557 2299 sed
575 2267 747 2311 praecipit
761 2267 918 2311 primum
934 2267 976 2299 de
994 2267 1067 2310 glo-

87 2318 138 2350 ria
172 2317 257 2357 Dei,
310 2323 344 2349 et
378 2316 575 2361 disciplina.
654 2317 751 2351 Sicut
787 2318 903 2363 inquit
936 2318 1067 2352 Paulus

87 2370 138 2414 (1.
156 2368 251 2402 Tim.
271 2369 304 2407 1,
322 2367 392 2413 9.):
421 2367 493 2401 Lex
513 2375 564 2401 est
584 2368 718 2413 posita,
744 2375 783 2402 ut
808 2367 993 2402 coherceat
1015 2370 1067 2402 in-

86 2420 207 2459 iustos,
235 2417 471 2464 blasphemos.
525 2419 687 2465 Denique
705 2432 805 2452 error
824 2421 978 2460 illorum,
1006 2421 1067 2466 qui

87 2471 214 2505 nolunt
230 2484 249 2503 a
266 2471 475 2515 magistratu
498 2471 613 2504 curari
638 2472 823 2514 dogmata,
852 2472 1000 2504 omnmo
1027 2485 1067 2504 ex

87 2522 146 2554 illo
178 2523 275 2555 fonte
305 2528 408 2556 natus
440 2528 508 2561 est,
548 2523 643 2568 quod
670 2522 815 2565 fingitur
842 2523 1067 2567 magistratus

89 2574 182 2607 velut
197 2573 393 2617 Epicureus
421 2580 557 2606 tantum
576 2571 706 2613 habere
724 2574 931 2607 mandatum
950 2575 1067 2607 defen-

87 2624 193 2658 dendi
208 2624 378 2669 corporis.
431 2624 498 2658 Sed
517 2625 612 2671 quod
629 2637 668 2658 ea
687 2624 894 2669 imaginatio
909 2625 953 2658 sit
969 2626 1068 2665 salsa,

119 2738 166 2771 98)
187 2739 357 2764 caecilianus
378 2741 520 2772 episcopus
540 2740 777 2773 Carthaginiensis
797 2746 820 2765 a.
836 2741 894 2765 311.
914 2741 1026 2765 electus.

706 126 1055 162 PHILOSOPHIAE
1083 123 1295 161 MORALIS
1321 120 1550 158 EPITOME.

2035 123 2105 156 122

1122 212 1220 245 facile
1240 211 1386 245 iudicari
1411 215 1545 255 potest,
1573 207 1599 241 si
1628 206 1706 252 quis
1730 205 1975 248 magistratum
2002 214 2030 238 et
2061 209 2104 239 le-

1122 278 1198 307 gem
1216 276 1318 308 pares
1336 274 1407 296 esse
1426 261 1573 305 cogitet,
1602 265 1634 291 et
1655 258 1879 300 magistratus
1902 258 2005 290 tinem
2033 272 2103 291 esse

1123 315 1352 359 principalem
1374 311 1679 347 conservationem
1699 309 1781 352 legis
1800 315 1862 341 etc.

1223 367 1335 399 Debet
1353 366 1458 407 igitur
1476 362 1721 407 magistratus,
1750 360 1808 405 qui
1829 359 1982 402 gladium
2004 360 2104 403 gerit,

1122 414 1309 460 prohibere
1327 408 1430 449 etiam
1449 414 1627 454 haereses,
1656 410 1721 445 hoc
1739 418 1806 451 est,
1836 411 1942 454 impia
1960 412 2103 454 dogma-

1122 474 1168 507 ta,
1185 475 1217 500 et
1229 469 1354 512 punire
1366 466 1573 506 haereticos,
1588 464 1654 498 hoc
1671 470 1732 504 cst,
1750 462 1942 506 impiorum
1959 463 2103 505 dogma-

1121 525 1194 551 tum
1220 526 1373 553 autores.
1439 520 1507 551 Sed
1538 518 1574 550 in
1605 517 1708 549 rebus
1735 514 1891 548 obscuris
1916 515 2102 558 praecedat

1120 570 1295 604 Ecclesiae
1319 570 1487 613 cognitio.
1540 569 1655 614 Atque
1683 567 1729 599 ita
1752 565 1896 610 proprie
1922 565 2102 607 magistra-

1121 628 1175 655 tus
1198 622 1304 656 scrvit
1327 622 1459 665 gloriae
1483 620 1570 659 Dei,
1613 626 1646 651 et
1674 619 1711 650 fit
1739 618 1812 650 eius
1833 617 1967 650 functio
1993 617 2103 648 cultus

1121 673 1206 713 Dei,
1234 686 1311 706 cum
1337 674 1453 706 studet
1474 671 1583 710 tueri,
1608 681 1806 714 propagare
1836 675 1869 701 et
1897 680 2024 701 ornare
2048 680 2103 699 xe-

1120 737 1197 757 ram
1220 725 1439 764 doctrinam,
1467 730 1501 756 et
1524 728 1665 755 econtra
1686 719 1873 765 prohibere
1895 720 2000 763 impia
2020 720 2103 761 dog-

1119 783 1227 810 mata.
1288 776 1380 821 Quia
1402 775 1447 807 ita
1476 774 1558 807 facit
1582 772 1774 817 principale
1803 772 1974 809 osticium,
2008 772 2101 815 quod

1120 827 1264 872 proprie
1280 829 1322 860 ad
1343 827 1491 869 gloriam
1511 825 1575 858 Dei
1593 823 1765 869 pertinet,
1795 829 1825 855 et
1845 823 1939 867 quod
1959 822 2103 865 proprie

1120 886 1277 912 meretur
1302 879 1400 911 illum
1427 877 1588 915 titulum,
1625 888 1695 920 quo
1721 880 1894 907 ornantur
1920 873 2111 915 magistra-*¹

1121 938 1194 969 tus,
1222 930 1409 964 inPsalmo
1431 930 1509 975 (82,
1529 928 1596 973 6.);
1625 927 1701 970 Ego
1718 925 1808 958 dixi:
1834 924 1892 957 Dii
1912 924 2010 960 estis,
2040 924 2102 955 sci-

1120 982 1200 1015 licet
1231 982 1313 1028 quia
1347 987 1379 1014 et
1408 981 1561 1013 osticium
1587 977 1717 1011 habent
1740 976 1908 1010 divinitus
1936 975 2103 1008 coustitu-

1120 1040 1214 1073 tum,
1251 1040 1284 1066 et
1308 1032 1481 1078 impertiri
1506 1030 1710 1064 hominibus
1734 1029 1862 1061 debent
1881 1040 1937 1060 res
1954 1027 2103 1065 divinas,

1120 1085 1347 1128 religionem,
1383 1084 1574 1123 iustitiam,
1608 1081 1851 1124 disciplinam,
1890 1090 2009 1123 pacem
2041 1084 2103 1110 etc.

1119 1137 1164 1170 Et
1191 1138 1235 1169 ob
1260 1134 1352 1169 hanc
1376 1148 1517 1168 causam
1544 1139 1717 1166 xocantur
1741 1133 1783 1164 ab
1807 1131 1911 1164 Esaia
1932 1128 2009 1174 (49,
2026 1129 2103 1171 23.)

1120 1188 1263 1221 nutricii
1287 1187 1484 1227 Ecclesiae,
1526 1185 1608 1231 quia
1637 1184 1774 1217 nutrire
1799 1190 1831 1216 et
1856 1181 1947 1215 tueri
1975 1182 2100 1214 debent

1121 1239 1197 1283 pios
1222 1240 1401 1277 doctores,
1435 1244 1467 1271 et
1491 1249 1564 1270 non
1587 1236 1714 1269 debent
1739 1234 1921 1269 saevitiam
1945 1244 2103 1266 exercere

1121 1291 1156 1323 in
1181 1289 1411 1323 Christianos.

1222 1342 1312 1374 Sunt
1339 1341 1427 1373 aliae
1458 1338 1681 1384 quaestiones
1715 1339 1756 1371 dc
1792 1343 1962 1381 potestate
1999 1335 2104 1373 cix-ili,

1121 1404 1272 1437 quarum
1296 1392 1431 1436 aliquas
1449 1391 1613 1433 deinceps
1634 1389 1883 1426 tractabimus,
1911 1387 2037 1420 scilicet
2062 1388 2103 1417 de

1120 1443 1273 1485 legibus,
1309 1443 1404 1487 quod
1429 1443 1519 1485 leges
1543 1440 1743 1473 contrariae
1767 1439 1896 1472 dixinis
1920 1445 1979 1471 aut
2005 1444 2103 1470 natu-

1120 1494 1253 1527 ralibus
1270 1506 1343 1526 non
1361 1494 1431 1527 sint
1454 1492 1709 1525 observamlae.
1761 1490 1847 1523 Item
1872 1491 1967 1534 quod
1994 1489 2103 1532 magi-

1119 1545 1244 1579 stratui
1255 1545 1302 1590 99)
1339 1557 1411 1577 non
1448 1544 1551 1576 liceat
1583 1542 1815 1587 pronuntiare
1855 1547 1978 1573 contra
2013 1541 2104 1583 leges

1121 1609 1202 1631 suae
1220 1596 1450 1641 reipublicae3
1485 1596 1541 1628 sed
1563 1596 1605 1627 de
1630 1592 1683 1627 his
1710 1592 1974 1639 quaestionibus
1999 1591 2103 1635 paulo

1120 1654 1200 1693 post
1216 1649 1385 1682 dicemus.
1437 1646 1539 1680 Nunc
1560 1646 1667 1678 redeo
1692 1646 1735 1677 ad
1761 1650 1971 1689 potestatem
1997 1643 2103 1675 eccle—

1119 1700 1313 1739 siasticam,
1342 1711 1431 1745 quae
1456 1704 1506 1731 est
1532 1698 1741 1730 mandatum
1765 1696 1925 1729 divinum
1954 1693 2102 1727 docendi

1119 1751 1321 1795 Evangelii,
1350 1749 1622 1783 administrandi
1645 1754 1884 1785 sacramenta,
1914 1745 2102 1779 ordinandi

1119 1803 1301 1836 ministros
1332 1801 1538 1846 Evangelii,
1586 1799 1823 1833 annuntiandi
1857 1797 2101 1831 remissionem

1120 1861 1344 1899 peccatorum
1369 1853 1515 1897 singulis
1539 1859 1599 1885 aut
1623 1851 1762 1889 multis,
1790 1848 2027 1883 constituendi
2053 1848 2103 1880 iu-

1120 1906 1209 1939 dicia
1233 1907 1452 1949 dogmatum.
1510 1903 1556 1936 Et
1580 1916 1657 1943 eos,
1693 1902 1753 1948 qui
1776 1902 1811 1934 in
1835 1900 1969 1934 delictis
1990 1900 2102 1932 mani-

1120 1957 1215 1991 festis
1239 1963 1445 1995 versantur,
1481 1953 1813 1988 excommunicandi
1834 1953 1942 1985 verbo
1968 1951 2043 1984 sine
2069 1950 2101 1981 xi

1121 2008 1311 2053 corporali.
1372 2007 1506 2041 Multae
1525 2013 1606 2040 sunt
1623 2012 1740 2050 partes
1756 2003 1860 2038 huius
1877 2002 2104 2038 definitionis,

1121 2073 1211 2106 quac
1228 2060 1312 2092 alibi
1330 2059 1434 2092 latius
1452 2057 1618 2103 explicari
1634 2058 1759 2091 solent.
1820 2056 1884 2089 Hic
1904 2055 2010 2098 igitur
2026 2054 2102 2085 bre-

1121 2113 1211 2144 viter
1235 2112 1433 2156 respondeo
1457 2110 1499 2142 de
1516 2109 1692 2142 Bonisacii
1710 2107 1980 2145 constitutione,
2008 2106 2100 2150 quod

1121 2164 1196 2197 iure
1214 2163 1336 2196 divino
1353 2175 1426 2195 non
1452 2159 1583 2194 habent
1599 2160 1761 2205 Apostoli
1790 2165 1850 2192 aut
1873 2169 1995 2191 eorum
2027 2169 2101 2189 suc-

1121 2227 1274 2248 cessores
1292 2214 1467 2258 gladium,
1494 2210 1562 2245 hoc
1578 2218 1648 2251 est,
1676 2212 1729 2245 ius
1749 2209 1956 2244 cohercendi
1977 2208 2010 2239 εἰ
2027 2220 2103 2240 cor-

1120 2266 1246 2311 porali.
1300 2265 1420 2310 Quare
1436 2277 1552 2309 neque
1574 2264 1627 2297 ius
1650 2261 1780 2296 habent
1802 2259 2015 2304 occupandi,
2045 2271 2103 2291 ne-

1121 2330 1188 2364 que
1206 2317 1409 2350 conferendi
1424 2328 1532 2359 regna
1549 2315 1687 2348 mundi.

1222 2369 1334 2401 Multa
1360 2374 1508 2412 possimt
1532 2379 1572 2400 ex
1586 2363 1780 2408 Evangelio
1805 2361 2008 2395 testimonia
2034 2360 2103 2393 col-

1120 2419 1193 2464 ligi.
1255 2417 1415 2453 Christus
1439 2418 1555 2464 inquit
1579 2416 1719 2463 (Ioann.
1738 2415 1796 2453 18,
1816 2413 1910 2459 36.):
1939 2413 2101 2455 Regnum

1119 2484 1237 2504 meum
1254 2483 1327 2503 non
1344 2477 1395 2504 est
1411 2471 1454 2503 de
1470 2468 1536 2502 hoc
1553 2469 1699 2502 mundo.
1739 2466 1826 2500 ltem
1845 2465 1946 2509 (Luc.
1966 2467 2026 2500 22,
2043 2461 2103 2498 25.

1119 2522 1213 2567 26.):
1241 2522 1354 2565 Reges
1379 2521 1535 2565 gentium
1559 2520 1790 2552 dominantur
1811 2518 1880 2557 eis,
1906 2530 1968 2550 ros
1987 2522 2105 2548 autem

1118 2586 1192 2607 non
1214 2573 1273 2607 sic.
1327 2572 1505 2606 Discernit
1523 2571 1615 2604 enim
1635 2572 1722 2604 duas
1741 2575 1941 2613 potestates.
2001 2566 2103 2607 Regi-

1154 2704 1408 2763 99)tm{t2gistratui]
1437 2704 1476 2729 sic
1502 2705 1548 2729 Ed.
1571 2705 1662 2735 ¹546.;
1689 2705 1755 2729 Edd.
1778 2703 1850 2728 15³8.
1872 2706 1897 2728 et
1920 2703 1991 2727 1540Δ
2019 2701 2104 2732 magi—

1189 2747 1201 2764 s
1218 2745 1249 2764 ra
1264 2747 1304 2764 us.
