2347 3000
225 131 297 167 375

227 225 277 252 est
295 217 541 263 acqualitasffl)
567 218 603 250 in
626 215 847 250 distributiva
872 212 1022 252 iustitia,
1049 218 1089 245 ut
1109 223 1209 256 prae-

226 270 329 313 cipua
349 269 548 302 obedientia
569 275 637 308 est,
665 266 778 300 bonos
793 266 867 297 Deo
885 263 1108 297 conveniens.
1148 262 1209 296 Os-

226 321 345 353 sicium
364 320 481 352 alendi
500 320 668 352 infantem
685 324 735 350 est
751 328 898 355 munus,
933 315 1028 360 quod
1046 320 1210 358 parentes

229 377 410 415 praestare
443 371 533 403 natis
564 371 702 402 debent.

229 422 435 466 aequalitas.

229 473 400 516 dignitate
428 471 583 503 membra
610 470 798 507 differunt,
839 475 957 501 tamen
984 474 1130 512 propter
1153 478 1212 498 ne-

231 523 425 556 cessitatem
444 521 562 553 omnia
588 521 693 554 simul
721 520 871 552 [111-0111111
895 526 996 559 511111,
1026 519 1073 552 sic
1098 518 1133 549 in
1158 530 1212 551 so-

1035 569 1213 602 Diss'erunt

229 624 419 667 dignitate,
447 623 698 661 concionator,
725 628 886 660 senator,
920 621 1090 659 bellator,
1124 619 1215 662 agri-

232 676 328 713 cola,
366 674 484 713 saber,
525 674 584 707 sed
608 673 795 706 necessitas
820 685 941 705 omnes
967 672 1096 714 gradus
1121 683 1214 703 00111-

230 724 413 769 plectitur,
442 731 552 757 totam
577 724 684 767 igitur
708 724 911 757 societatem
937 723 1094 755 intuetur
1118 720 1215 754 iusti-

772 367 866 399 llace
891 365 1137 398 convenientia
1161 370 1211 397 est

490 421 535 453 Ut
559 426 674 452 autem
698 419 734 450 in
760 428 909 461 corpore
933 415 1113 455 humano,
1148 415 1212 448 etsi

231 575 354 605 cietate
390 573 433 605 sit
468 572 675 616 exaequatio
711 570 968 603 necessitatum.

231 776 290 809 tia.
344 776 426 809 Non
442 775 536 808 enim
553 782 670 819 posset
685 774 954 808 convenientem
974 772 1120 816 singulis
1139 784 1216 815 gra-

230 827 333 860 dibus
360 827 477 860 locum
505 826 681 866 tribucre,
722 826 790 859 nisi
825 832 938 859 totum
975 824 1136 858 ordinem
1165 823 1217 854 in-

230 884 401 912 tueretur.

335 937 539 971 Necessaria
559 936 665 979 igitur
684 935 796 968 virtus
812 940 862 967 est
883 931 969 967 haec
993 931 1216 967 distributiva

232 988 384 1027 instilla,
414 1000 502 1032 quae
526 1000 590 1020 nos
616 988 658 1019 de
680 986 839 1031 personis
862 991 995 1018 monet.
1056 982 1220 1016 Ostendit

233 1039 395 1072 omnium
411 1039 505 1078 loca,
531 1044 692 1072 nostruin
710 1038 816 1070 etiam
834 1036 936 1069 nobis
962 1034 1143 1073 attribuit,
1168 1033 1219 1066 iu-

232 1090 292 1123 bet
313 1102 378 1122 1105
402 1096 560 1122 nostram
584 1094 740 1132 spartam
765 1099 913 1127 ornare,
941 1099 1014 1118 non
1033 1096 1218 1128 erumpere

232 1147 331 1173 extra
348 1147 459 1173 metas
477 1140 589 1174 nostri
608 1139 713 1172 officii
725 1165 734 1179 ‚
762 1145 796 1171 et
814 1138 1026 1171 conturbare
1044 1136 1219 1173 ordinem,

233 1198 268 1224 et
286 1191 437 1224 alioruin
456 1192 629 1235 graduum
645 1201 807 1222 munera.
859 1188 1019 1222 Pertinet
1043 1186 1150 1229 igitur
1176 1186 1218 1217 ad

232 1243 493 1276 distributivam
514 1241 696 1280 iustitiam,
720 1240 873 1272 officium
891 1238 1078 1282 proprium
1094 1237 1220 1275 facere,

233 1300 266 1326 et
283 1293 370 1326 alios
387 1305 460 1325 non
480 1292 670 1336 impedire,
698 1291 758 1324 sed
777 1291 930 1323 tribuere
953 1288 1096 1322 cuilibet
1117 1300 1220 1320 suum

232 1345 363 1383 locum,
379 1356 481 1377 suum
500 1356 639 1376 munus.
673 1341 719 1375 Et
735 1354 813 1375 cuin
832 1339 897 1374 hac
915 1340 1044 1373 virtute
1061 1344 1222 1383 pugnant

233 1395 398 1439 superbia
418 1400 451 1427 01
474 1390 834 1440 πολυπραγμοσύνη,
872 1397 1095 1435 erumpentes
1125 1395 1220 1421 extra

233 1452 366 1486 metas,
411 1445 448 1477 in
464 1444 510 1489 34)
535 1445 772 1488 gubernatore
795 1442 975 1487 tyrannis,
1014 1453 1103 1486 quae
1126 1441 1219 1472 fovet

234 1497 364 1536 malos,
394 1502 427 1529 et
451 1496 581 1539 premit
604 1496 738 1533 bonos,
765 1507 845 1527 cuin
871 1492 1086 1538 aequalitas,
1114 1503 1221 1536 quam

234 1548 391 1592 postulat
413 1546 565 1586 iustitia,
592 1546 654 1585 sit,
687 1546 869 1578 benefacta
892 1543 1088 1583 beneficiis,
1115 1542 1222 1575 male-

234 1600 323 1632 facta
341 1598 465 1643 poenis
482 1608 724 1641 compensare.

338 1658 391 1691 Ex
406 1655 471 1690 11110
486 1655 723 1690 declaratione
741 1653 889 1696 intelligi
906 1658 1033 1697 potest,
1052 1650 1222 1685 iustitiam

235 1709 497 1743 distributivam
517 1713 682 1751 oportere
701 1706 737 1738 in
756 1705 901 1749 singulis
917 1702 1121 1736 hominibus
1139 1714 1222 1736 esse.

235 1760 383 1794 Erudite
406 1765 523 1792 autem
540 1758 746 1791 Aristoteles
773 1756 929 1789 declarat
952 1767 1048 1794 eam,
1083 1760 1221 1797 sumpta

236 1811 389 1855 imagine
417 1822 457 1843 ex
490 1809 678 1843 collatione
707 1806 1000 1852 geometricarum
1021 1805 1225 1849 proportio-

237 1875 345 1902 num,
370 1862 417 1894 ita
435 1859 491 1894 hic
517 1872 636 1893 rerum
661 1866 694 1892 et
718 1869 950 1903 personarum
978 1855 1223 1889 convenientia

238 1913 433 1959 quaeritur.
486 1910 526 1944 In
547 1911 627 1944 aula
654 1923 742 1955 opus
766 1916 817 1943 est
841 1920 987 1941 munere
1013 1906 1224 1946 cancellarii,

239 1971 274 1998 et
288 1976 436 1997 munere
453 1962 674 2008 quaestorio,
703 1962 746 1994 ad
766 1959 851 1993 haec
869 1965 1087 2005 quaerantur
1106 1970 1225 2002 perso-

238 2028 305 2049 nae
323 2016 491 2054 idoneae,
519 2020 558 2047 ut
575 2013 617 2045 de
643 2012 855 2056 geometrica
880 2010 1113 2054 proportione
1142 2008 1226 2041 dici-

240 2080 334 2100 mus:
363 2066 451 2100 sicut
465 2078 500 2098 se
516 2063 648 2098 habent
669 2064 689 2097 8
708 2064 750 2096 11(1
771 2061 813 2101 4,
841 2062 889 2095 510
907 2074 942 2094 50
958 2059 1089 2093 1111110111
1111 2061 1158 2094 10
1181 2060 1225 2092 ad

239 2116 279 2152 5:
308 2116 390 2151 hinc
414 2117 521 2160 igitur
543 2116 582 2148 fit
605 2120 851 2158 argumentum
879 2125 897 2145 a
922 2117 1123 2156 permutata
1144 2123 1226 2155 pro-

241 2169 407 2214 portione
425 2166 492 2200 1100
508 2167 629 2199 1110(10.

343 2235 440 2268 Sicut
457 2247 491 2267 se
508 2232 641 2266 habent
655 2229 884 2265 cancellarius
908 2235 942 2262 et
966 2235 1152 2274 quaestor,
1179 2228 1226 2261 sic

242 2299 277 2320 se
292 2285 424 2319 habent
441 2284 664 2318 Mercurinus
673 2283 719 2328 35)
746 2288 779 2314 et
795 2280 1072 2324 Saltzburgensis
1082 2277 1119 2326 ἧς)
1131 2306 1139 2319 ,
1167 2280 1226 2312 50(1

242 2338 465 2371 Mercurinus
482 2343 532 2370 est
554 2336 702 2368 idoneus
725 2332 866 2366 muneri
892 2331 1108 2364 cancellarii:
1144 2342 1226 2374 ergo

278 2464 325 2495 33)
345 2463 510 2493 aequalitas]
529 2461 567 2485 sie
580 2461 665 2485 Editt.
682 2459 774 2490 ¹545.‚
796 2457 870 2483 1546.
890 2458 916 2481 et
931 2457 1023 2488 1550.;
1040 2456 1125 2480 Editt.
1142 2456 1227 2481 ¹554..

319 2499 392 2522 1557.
411 2500 437 2520 et
459 2498 531 2519 1560.
550 2496 681 2525 aequalia.

281 2541 327 2572 34)
352 2542 391 2568 in]
411 2540 450 2563 sic
468 2539 551 2564 Editt.
568 2539 658 2569 1550.,
680 2537 771 2567 1554„
793 2535 866 2559 1557.
886 2536 913 2558 et
934 2534 1024 2564 1560.;
1056 2533 1140 2558 Editt.
1155 2534 1227 2557 ¹545.

315 2578 341 2599 et
363 2576 435 2598 1516.
455 2575 481 2596 et
499 2574 534 2597 111.

279 2619 327 2646 35)
346 2616 515 2641 mercurinus
541 2613 725 2638 Cattiuarius,
759 2612 852 2637 Caroli
875 2612 910 2636 V.
937 2611 1127 2634 cancellarius
1180 2610 1229 2634 Hic

314 2652 539 2676 couuneuioratur
559 2649 638 2671 etiam
655 2648 680 2670 iu
695 2648 805 2670 butha-ri
822 2646 963 2675 colloquiis
974 2645 1138 2669 mensalibus
1157 2645 1227 2668 T.11.

317 2695 342 2717 p,
355 2686 414 2710 245.
434 2685 474 2707 ed.
494 2684 689 2707 Foerstciuanu
709 2684 734 2705 et
755 2681 885 2705 lliudseil.

281 2730 314 2759 ἐζ)
332 2728 486 2754 Matthaeus
504 2725 640 2756 bangius,
664 2724 882 2754 archiepiscopus
900 2721 1120 2753 salisburgensis
1140 2718 1192 2753 (ἓ).

494 130 693 166 SCRIPTA
719 130 794 165 PH.
822 129 933 163 MEL.
957 127 1022 161 AD
1047 124 1255 161 ETHICEN
1284 125 1346 159 ET
1375 124 1628 160 POLITICEN
1658 125 1967 161 SPECTANTLx.

2171 127 2246 162 376

1262 211 1539 254 Saltzburgensis
1557 218 1606 245 051
1625 211 1771 245 idoneus
1787 212 1830 244 ad
1847 224 1975 245 munus
1994 210 2247 258 quaestorium.

1261 262 1433 295 Addenda
1464 269 1515 295 est
1549 269 1581 295 01
1611 260 1697 295 baec
1722 264 1881 296 collatio:
1925 263 2021 297 Sicut
2052 275 2087 296 se
2117 260 2249 296 babent

1265 314 1362 347 1000
1385 313 1427 344 ad
1453 313 1546 352 100,
1579 313 1627 346 sie
1652 326 1687 346 se
1710 312 1815 347 11111101
1829 314 1874 359 ³⁰)
1895 327 2024 348 munus
2049 313 2249 347 cancellarii

1264 365 1308 397 ad
1326 363 1580 408 quaestorium.
1617 364 1684 396 Sed
1703 366 1881 409 quaestori
1902 367 1973 399 100
1989 366 2136 397 dantur:
2166 375 2248 407 ergo

1265 416 1392 447 dentur
1414 414 1511 448 1000
1531 415 1752 449 cancellario.
1805 416 1901 449 Sicut
1915 430 1950 449 se.
1969 414 2099 448 babent
2115 414 2250 459 Synodi

1266 465 1432 498 iudiciuin
1454 471 1487 496 et
1506 471 1714 509 quaestura,
1749 465 1797 498 sic
1819 479 1853 500 se
1879 465 2009 499 habent
2024 467 2193 499 Erasmus
2217 471 2251 497 ct

1265 516 1562 558 Saltzburgensis,
1590 517 1649 548 sed
1669 516 1946 560 saltzburgensis
1964 524 2013 552 est
2038 518 2184 550 idoneus
2207 517 2252 548 ad

1267 574 1509 613 quaesturam:
1546 579 1628 609 ergo
1654 566 1822 600 Erasmus
1844 569 1889 600 ad
1910 569 2044 613 Synodi
2071 568 2251 601 iudicium.

1267 618 1348 651 ldeo
1372 619 1474 651 Plato
1502 617 1603 650 dicit:
1640 617 1823 663 Quidquid
1845 619 1930 651 boni
1955 620 1993 652 fit
2019 619 2055 651 in
2080 619 2253 662 guberna-

1269 671 1382 709 tione,
1425 668 1512 700 oriri
1543 681 1561 700 a
1594 669 1828 712 proportione
1858 669 2090 711 geometrica,
2131 669 2166 701 id
2191 674 2254 708 est,

1269 734 1347 753 cum
1379 731 1552 763 personae
1585 720 1802 753 conxeniunt
1826 712 1959 754 officiis.
2028 719 2067 753 ln
2089 719 2252 764 Apologo

1269 769 1437 816 Acs‹›pi⁵·⁴²)
1456 770 1653 814 exemplum
1674 771 1807 804 illustre
1824 772 2049 816 proponitur,
2067 771 2161 816 quod
2179 781 2255 802 mo-

1270 829 1329 855 net
1348 821 1514 854 contundi
1534 820 1624 854 1111110
1640 823 1909 866 proportionem
1927 836 1944 855 a
1963 822 2140 867 tyrannis:
2168 820 2255 860 Leo,

1272 874 1410 917 vulpes,
1438 885 1542 916 aper,
1564 885 1673 917 equus
1693 880 1726 905 et
1742 873 1880 913 asinus,
1907 874 2012 907 simul
2028 873 2157 912 venati,
2185 878 2255 905 tres

1273 931 1391 957 tauros
1410 930 1595 967 ceperant,
1623 924 1677 956 leo
1695 924 1790 956 iubet
1813 925 1951 957 asinum
1976 924 2134 957 dividere
2154 934 2254 967 prae-

1272 976 1372 1014 dam,
1400 975 1427 1007 is
1447 981 1538 1007 secat
1556 981 1675 1007 tauros
1701 988 1823 1008 omnes
1849 976 1885 1008 in
1912 976 2068 1020 quinque
2093 973 2255 1020 aequales

1274 1032 1408 1070 partes,
1436 1031 1468 1057 et
1486 1025 1606 1057 tribuit
1625 1025 1791 1067 singulis,
1820 1027 1880 1070 qui
1905 1038 1974 1058 una
2001 1026 2120 1059 venati
2143 1030 2256 1064 erant,

1272 1089 1392 1109 unam.
1430 1075 1493 1107 llic
1510 1076 1563 1107 leo
1583 1075 1704 1114 iratus,
1731 1076 1879 1108 dilaniat
1894 1076 2030 1109 asinum
2043 1103 2051 1115 ,
2073 1075 2255 1121 inquiens:

1272 1127 1336 1160 sibi
1356 1127 1433 1170 plus
1449 1125 1580 1164 deberi,
1610 1138 1715 1170 quam
1735 1127 1891 1165 caeteris,
1920 1127 2000 1172 quia
2019 1125 2258 1170 antecellatffi)

1274 1177 1350 1209 aliis
1376 1177 1524 1216 robore,
1564 1182 1597 1208 et
1622 1177 1698 1220 plus
1727 1177 1937 1217 laborasset,
1982 1190 2088 1222 quam
2119 1176 2258 1216 caeteri,

1273 1228 1370 1260 iubet
1388 1227 1494 1270 igitur
1510 1240 1639 1271 equum
1656 1228 1793 1271 partiri,
1814 1228 1927 1273 qui³⁸)
1946 1229 2147 1261 admonitus
2164 1227 2260 1260 exitu

1274 1277 1385 1317 asini,
1428 1284 1461 1310 et
1491 1279 1649 1321 cogitans
1682 1279 1864 1324 aliquanto
1897 1280 1974 1324 plus
2006 1279 2126 1313 deberi
2150 1277 2258 1318 leoni,

1275 1328 1436 1362 attribuit
1468 1328 1500 1361 ei
1533 1329 1709 1372 integrum
1737 1336 1898 1370 taurum,
1936 1330 2082 1374 singulis
2113 1329 2259 1363 caeteris

1274 1380 1473 1413 dimidium.
1527 1379 1600 1412 Leo
1626 1387 1660 1413 et
1685 1379 1778 1414 bunc
1801 1382 1999 1425 concerpit,
2034 1382 2104 1414 iam
2128 1380 2258 1425 non³⁹)

1275 1432 1430 1474 allegans
1449 1443 1593 1475 operas,
1621 1432 1681 1464 sed
1698 1432 1766 1471 ait,
1798 1433 1877 1476 plus
1893 1430 2060 1472 lionoris,
2088 1439 2258 1477 tanquam

1274 1482 1365 1525 regi,
1399 1481 1465 1515 sibi
1489 1482 1717 1515 tribuendum
1740 1496 1823 1517 esse.
1883 1483 2045 1517 Tandem
2068 1484 2164 1517 iubet
2185 1482 2260 1515 vul-

1275 1546 1356 1577 pem
1374 1532 1530 1565 dividere
1548 1534 1715 1576 praedam
1727 1561 1736 1574 ,
1763 1532 1849 1568 haec
1865 1536 2020 1568 cumulat
2037 1547 2160 1568 omnes
2178 1545 2259 1578 par-

1276 1590 1344 1623 tes,
1373 1590 1406 1616 et
1422 1584 1518 1616 iubet
1533 1584 1671 1616 leonem
1689 1586 1828 1618 auferre
1850 1586 2052 1619 universam
2077 1586 2259 1630 praedam.

1274 1633 1493 1677 Interrogata
1512 1635 1653 1678 vulpes,
1682 1637 1773 1668 unde
1791 1637 1967 1669 didicisset
1990 1634 2080 1669 banc
2098 1635 2260 1681 partitio-

1276 1697 1378 1724 nem,
1417 1686 1618 1729 respondit:
1661 1686 1704 1718 ab
1736 1684 1790 1719 his
1814 1687 2018 1731 purpuratis
2042 1686 2259 1726 doctoribus,

1276 1736 1312 1769 id
1335 1742 1403 1775 est,
1435 1747 1453 1768 a
1476 1736 1637 1769 laceratis
1659 1737 1891 1778 divisoribus,
1918 1737 2117 1781 significans
2141 1744 2261 1782 tyran-

1276 1800 1340 1820 nos
1358 1787 1491 1819 saevire
1510 1787 1547 1819 in
1564 1787 1714 1827 iudices,
1742 1801 1803 1821 sen
1824 1789 2064 1829 consiliarios,
2091 1800 2164 1821 non
2189 1799 2260 1821 ser-

1277 1838 1410 1871 vientes
1427 1838 1584 1882 ipsorum
1603 1838 1864 1882 cupiditatibus.
1913 1840 2125 1873 Servaverat
2141 1845 2259 1873 autem

1277 1889 1394 1922 asinus
1429 1889 1699 1933 proportionem
1731 1888 2011 1931 arithmeticam,
2048 1903 2158 1936 equus
2180 1902 2260 1935 geo-

1277 1940 1479 1980 metricam,
1505 1947 1677 1985 tyrannus
1694 1947 1882 1987 utramque
1901 1943 2100 1976 conturbat.

1382 1991 1438 2024 Sic
1461 1991 1498 2023 in
1519 1992 1685 2036 Synodo,
1729 1993 1790 2037 qui
1820 1993 1965 2037 singulis
1996 2006 2013 2027 e
2044 1994 2148 2037 vulgo
2171 1991 2261 2025 iudi-

1279 2042 1381 2075 candi
1406 2049 1616 2087 potestatem
1640 2044 1785 2076 concedi
1814 2045 1956 2085 volunt,
1999 2045 2088 2078 asini
2117 2043 2259 2077 divisio-

1278 2107 1358 2126 nem
1384 2094 1580 2128 imitantur.
1640 2095 1710 2140 Qui
1735 2095 1893 2139 deligunt
1917 2096 2084 2135 idoneos,
2119 2099 2260 2129 servant

1279 2145 1529 2189 geometricam
1554 2146 1846 2190 proportionem,
1881 2148 1941 2180 sed
1964 2146 2125 2192 tyranni,
2158 2157 2258 2178 more

1278 2196 1402 2236 leonis,
1425 2197 1637 2230 conturbant
1656 2210 1745 2237 eam,
1769 2199 1861 2231 etad
1878 2210 1950 2231 sese
1966 2198 2108 2241 rapiunt
2127 2196 2259 2230 onmia.

1280 2248 1373 2280 Haec
1393 2248 1551 2292 exempla
1571 2255 1605 2281 et
1621 2249 1800 2282 illustrant
1820 2255 1971 2289 textum,
2000 2255 2032 2281 et
2051 2248 2259 2294 quotidiana

1312 2372 1360 2405 36)
1380 2374 1471 2402 habet]
1486 2373 1524 2397 sic
1538 2373 1621 2398 Editt.
1638 2373 1723 2404 1545„
1745 2373 1818 2397 1546.
1834 2374 1860 2397 et
1876 2372 1965 2403 1550.;
1985 2372 2068 2396 Editt.
2080 2372 2162 2403 ¹55⁴„
2184 2371 2259 2397 1557.

1348 2410 1374 2432 et
1397 2409 1468 2432 1560.
1487 2409 1594 2432 liabent.
2234 2408 2245 2418 ‘

1312 2457 1344 2486 ἧι“)
1365 2458 1441 2483 Conf.
1462 2458 1562 2488 Aesopi
1580 2458 1632 2483 sab.
1648 2458 1704 2483 109.

1313 2510 1360 2538 37)
1380 2510 1540 2537 antei-ellat]
1555 2511 1593 2533 sie
1608 2510 1688 2532 Editt.
1709 2508 1797 2539 1550.,
1819 2508 1892 2532 1554.
1904 2524 1911 2535 ,
1934 2507 2006 2532 1557.
2023 2510 2048 2531 et
2066 2508 2158 2539 156⁰.;
2175 2507 2260 2535 Editt,

1351 2545 1424 2568 1545.
1444 2546 1470 2567 et
1492 2545 1565 2567 1516.
1584 2544 1769 2567 antecelleret.

1313 2596 1438 2654 3833qu
1457 2596 1495 2634 sic
1508 2595 1591 2620 Editt.
1607 2595 1697 2625 1545.,
1718 2592 1808 2625 1545,
1831 2592 1920 2623 1550.,
1942 2592 2014 2617 1557.
2034 2594 2060 2616 et
2080 2592 2170 2624 ¹560.;
2189 2593 2261 2616 Edit.

1365 2638 1398 2653 oo
1418 2648 1423 2654 .
1443 2635 1513 2660 quia.

1313 2682 1360 2710 3⁹)
1381 2682 1431 2704 iani
1451 2682 1519 2708 non]
1538 2679 1576 2702 sic
1595 2678 1677 2702 Editt.
1694 2678 1785 2709 1550„
1807 2678 1898 2708 1554.,
1922 2677 1994 2701 1557.
2014 2680 2040 2701 et
2062 2677 2150 2708 1560‚;
2176 2677 2260 2702 Editt.

1349 2716 1422 2740 1545.
1441 2717 1468 2738 et
1489 2715 1561 2738 1546.
1580 2719 1634 2737 uon
1652 2713 1713 2736 iam,
