2347 3000
226 171 295 208 127

224 258 333 295 tium,
368 268 441 289 nou
469 255 548 288 ideo
573 254 728 293 tollitur,
763 253 846 298 quia
873 251 1036 296 superior
1057 255 1212 293 potestas

225 315 375 342 creatur.
436 307 492 339 Sic
510 313 627 339 autem
646 305 774 338 dicitur
793 304 912 336 onmia
932 314 1003 335 esse
1021 301 1211 345 imperato-

225 361 292 399 ris,
321 366 359 393 ut
375 359 524 392 dicimus
541 358 656 401 legum
676 368 747 389 esse
766 355 899 393 onmia,
924 353 956 385 id
975 358 1037 391 est,
1060 352 1212 396 impera-

226 419 283 444 tor
310 417 360 443 est
395 422 580 454 supremus
615 408 767 441 iudexet
799 410 981 449 protector
1012 401 1212 443 hominum,

227 463 324 496 cuius
336 461 465 494 iudicio
478 473 531 493 res
541 460 635 492 velut
647 458 821 491 cudendae
838 462 931 495 sunt,
944 468 1021 489 cum
1034 456 1076 488 de
1090 467 1212 488 earum

227 513 444 558 proprietate
473 510 675 553 ambigitur.
729 507 776 541 Et
793 508 829 540 in
846 520 1003 547 smmna,
1040 507 1089 540 sic
1108 505 1214 540 habet

229 566 280 599 ius
305 563 514 608 disponendi
541 562 582 594 de
607 561 729 599 rebus,
753 565 791 592 ut
816 559 888 603 ipsa
915 559 982 593 lex.
1036 558 1085 591 Ut
1108 558 1213 602 igitur

228 618 281 649 lex
311 614 515 652 1100101111,
555 613 613 645 sed
644 611 831 644 confirmat
860 610 1018 643 dominia
1046 622 1107 643 5011
1133 622 1213 654 pro-

230 667 392 711 prietates
404 693 412 703 ,
428 665 475 697 sic
492 663 584 707 regia
602 669 757 707 potestas
768 674 841 694 non
861 662 950 694 101111.
968 662 1213 706 proprietates.

230 719 321 750 Haec
339 729 379 749 ex
397 717 455 748 illo
473 716 570 748 fonte
592 714 710 747 omnia
738 714 957 753 iudicantur,
985 713 1067 758 quia
1091 713 1213 745 distin-

228 769 295 801 ctio
331 767 574 801 dominiorum
610 766 704 798 valet
732 766 807 799 iure
835 771 984 798 naturae
1012 771 1045 797 et
1080 764 1214 797 divino.

229 820 376 853 Manent
401 818 508 863 igitur
532 817 652 851 liberis
676 830 759 851 suae
781 817 1034 861 proprietates,
1078 815 1214 849 etiamsi

229 871 409 905 constituti
434 870 504 903 sint
530 882 639 911 reges.
693 868 784 903 Nam
811 866 865 902 1115
888 880 961 901 non
986 867 1066 900 licet
1092 867 1214 900 tollere

229 925 304 956 Iura
322 928 469 955 naturae
488 927 521 953 et
537 920 669 954 divina.

331 973 425 1006 Haec
443 972 635 1016 disputatio
654 971 750 1005 utilis
766 977 828 1009 cst,
845 970 926 1015 quia
945 970 1110 1009 ostendit,
1128 982 1215 1014 quo-

230 1027 336 1059 modo
355 1037 409 1058 res
425 1030 564 1057 nostras
581 1030 780 1062 teneanms,
808 1028 840 1054 et
861 1023 962 1054 docet
980 1021 1056 1054 Deo
1079 1022 1214 1065 placere

230 1076 319 1110 hauc
343 1075 617 1121 proprietatem,
646 1080 675 1107 et
704 1086 824 1107 rursus
847 1073 1030 1117 displicere
1056 1072 1215 1117 tyranni-

229 1131 308 1161 dem
336 1135 368 1161 et
393 1127 645 1160 immoderatas
670 1125 912 1169 expilationes.
986 1123 1102 1169 Atque
1136 1124 1214 1155 ideo

231 1181 307 1213 iura
325 1179 528 1224 praedicant
544 1178 762 1216 libertatem,
791 1176 872 1221 quia
893 1175 1033 1208 libertas
1052 1175 1130 1208 talis
1148 1181 1216 1207 sta-

231 1240 284 1265 tus
303 1238 371 1271 051,
399 1230 435 1262 in
454 1242 524 1275 quo
544 1242 644 1263 suum
664 1228 789 1272 cuique
809 1234 925 1259 tenere
942 1226 1041 1265 licet,
1070 1232 1103 1258 et
1128 1224 1216 1257 nihil

231 1289 352 1315 contra
371 1282 462 1325 leges
489 1287 522 1313 et
549 1279 767 1312 honestatem
792 1279 906 1310 facere
924 1278 1015 1309 cives
1031 1282 1216 1320 coguntur.

230 1335 349 1379 Quare
375 1333 498 1376 etipsa
524 1331 602 1364 iura
626 1329 793 1375 inquiunt
819 1325 1083 1372 philosophiam
1099 1328 1216 1360 favere

230 1384 394 1418 libertati.
448 1381 545 1415 Talis
563 1381 656 1415 enim
673 1387 783 1415 status
800 1379 951 1412 maxime
976 1379 1142 1411 convenit
1157 1391 1218 1411 na-

231 1444 330 1470 turae
356 1433 555 1468 hominum.
607 1432 690 1465 Ideo
715 1433 750 1464 in
771 1431 899 1464 Codice
927 1431 1018 1463 libro
1044 1436 1140 1463 sexto
1175 1431 1217 1462 de

231 1480 770 1528 501101111500115111105111101110οᾗ)
788 1482 958 1526 scriptum
979 1487 1042 1520 051,
1064 1482 1217 1514 maxime

232 1541 266 1572 in
292 1537 533 1577 libertatibus,
562 1548 649 1581 quas
672 1546 811 1578 semper
834 1530 1060 1578 philosophia
1086 1533 1218 1576 ample-

231 1591 335 1623 ctitur
351 1588 406 1634 ¹3).

332 1640 470 1673 Deinde
490 1638 552 1671 etsi
574 1637 625 1670 ius
643 1636 744 1669 civile
771 1633 861 1668 nihil
884 1635 1071 1680 proprium
1096 1634 1220 1667 tribuit

232 1693 358 1732 servis,
385 1697 505 1724 tamen
522 1690 573 1723 ius
592 1695 759 1727 naturae,
787 1685 854 1720 hoc
874 1693 942 1727 est,
968 1687 1060 1719 ratio
1077 1692 1220 1719 natura-

233 1746 272 1779 lis
292 1751 323 1777 et
341 1743 393 1776 ius
410 1742 570 1775 divinum
589 1740 811 1784 praecipiunt
827 1738 982 1783 relinqui
1001 1738 1131 1771 victum
1150 1749 1220 1770 ser-

232 1797 295 1835 vis,
314 1795 402 1829 sicut
421 1794 470 1826 ait
486 1791 750 1825 Ecclesiasticus
771 1791 850 1836 (33,
866 1788 961 1835 25.);
990 1789 1100 1822 Asino
1119 1801 1220 1829 onus,

234 1847 401 1892 pabulum
427 1851 461 1877 et
485 1845 645 1887 virgam,
682 1843 729 1875 ita
757 1854 858 1876 scrxo
883 1842 1062 1880 laborem,
1088 1840 1220 1873 victum

233 1907 265 1932 et
290 1897 524 1941 disciplinam.

332 1949 426 1981 Haec
457 1945 630 1981 sententia
661 1944 799 1978 tametsi
832 1945 874 1976 de
906 1943 1016 1977 servis
1050 1942 1222 1988 loquitur,

235 2010 353 2035 tamen
369 2001 395 2034 si
417 1999 494 2045 quis
513 2005 591 2043 apte
610 1997 884 2040 interpretetur,
919 2007 1047 2039 magna
1065 2007 1105 2027 ex
1122 2000 1221 2037 parte

233 2053 345 2098 pingit
364 2052 536 2096 optinuuu
555 2048 768 2093 reipublicae
786 2053 927 2080 statum.

334 2103 454 2136 Prima
467 2101 603 2134 enimet
616 2099 865 2133 nocentissima
879 2097 984 2142 pestis
994 2096 1224 2140 estreipuhli-

234 2169 292 2189 cae
308 2155 419 2188 otium
440 2153 552 2197 vulgi:
582 2152 661 2185 ideo
679 2150 853 2195 principio
879 2148 1030 2194 requirit
1057 2146 1223 2181 honestos

234 2209 382 2240 labores.

336 2256 499 2290 Secundo
522 2267 610 2298 opus
636 2253 742 2286 etiam
768 2251 974 2296 disciplina,
1003 2250 1165 2283 videlicet
1186 2256 1222 2283 ut

234 2310 358 2342 delicta
376 2319 495 2342 severe
519 2305 733 2350 puniantur,
761 2304 807 2337 ita
835 2309 1090 2337 conservantur
1112 2302 1149 2333 in
1172 2314 1224 2334 re-

237 2361 373 2406 publica
401 2358 568 2392 honestas
592 2363 625 2389 et
646 2369 726 2401 pax.

337 2411 460 2443 Tertio
480 2421 632 2454 aequum
652 2415 702 2441 051
720 2407 825 2440 etiam
845 2406 937 2440 cives
954 2405 1023 2439 frui
1040 2405 1110 2438 suis
1128 2404 1225 2437 laho-

237 2463 353 2499 rilms,
391 2468 424 2494 et
451 2473 538 2504 opus
568 2466 619 2493 est
651 2458 921 2492 conservatione
947 2457 1155 2490 facultatum
1182 2457 1224 2488 ad

237 2513 484 2547 educationem
517 2512 729 2551 liberorum,
776 2517 810 2543 et
839 2516 878 2542 ut
909 2509 978 2542 sint
1010 2508 1225 2552 reipublicae

238 2564 433 2610 praesidio,
464 2563 541 2595 11100
562 2563 656 2595 iubet
674 2562 780 2595 etiam
798 2561 930 2594 victum
948 2559 1114 2605 relinqui.

271 2650 301 2679 ss)
323 2647 477 2674 Silaniano]
498 2645 537 2668 sie
557 2644 582 2667 in
602 2644 666 2668 Cod.
687 2645 820 2674 scriptum
841 2645 903 2675 est,
927 2643 952 2666 iu
968 2643 1035 2666 Edd.
1050 2642 1138 2673 Epit.:
1160 2642 1227 2672 Syl-

274 2685 514 2747 fflpplngggwrba
533 2712 705 2736 inveniuntur
725 2713 751 2735 in
773 2713 838 2736 Cod.
859 2712 876 2737 1.
900 2712 945 2735 w.
965 2711 1005 2736 tit.
1025 2711 1067 2735 35.
1091 2711 1153 2739 lege
1174 2711 1227 2733 11.:

308 2752 421 2779 ..Quum
447 2748 615 2771 Silanianum
640 2744 955 2777 senatusconsultum⁰,
995 2746 1047 2771 vid.
1069 2745 1151 2776 Corp.
1178 2745 1227 2768 iur.

306 2787 357 2809 civ.
378 2784 418 2808 ed.
440 2783 520 2807 Beck.
541 2782 568 2805 T.
589 2781 619 2806 11.
642 2781 670 2804 Ρ.
692 2781 710 2804 1.
730 2788 753 2811 p.
773 2782 833 2804 594.

488 166 688 203 SCRIPTA
715 166 790 201 PH.
816 165 929 201 MEL.
956 164 1021 198 AD
1048 158 1258 198 ETHlCEN
1284 159 1349 196 ΕΤ
1375 159 1632 197 POLITICEN
1662 160 1973 197 SPECTANTIA.

1366 247 1455 282 Illud
1482 249 1587 282 etiam
1613 249 1650 282 in
1673 251 1742 284 fine
1773 248 2012 283 adiiciendum
2043 253 2113 287 est,
2157 248 2253 292 quod

1264 298 1474 334 Ambrosius
1491 307 1583 333 recte
1608 301 1708 343 fecit,
1737 302 1832 348 quod
1861 313 1935 335 non
1959 299 2060 333 cessit
2082 298 2255 342 templum

1266 352 1460 395 postulanti
1482 352 1710 396 imperatori,
1739 360 1771 386 et
1794 353 1970 386 tradituro
1995 349 2182 384 haereticis
2196 348 2255 394 ¹¹¹),

1266 402 1347 447 quia
1381 404 1531 447 profana
1562 410 1715 447 potestas
1746 417 1819 437 non
1850 402 1957 437 habet
1981 403 2034 437 ius
2060 400 2255 435 mandandi

1267 460 1389 487 contra
1407 454 1601 497 legitimam
1620 456 1844 489 vocationem
1861 455 2047 489 Ecclesiae.
2094 452 2177 486 Ideo
2195 452 2256 491 ait,

1266 518 1301 538 se
1320 503 1408 538 nihil
1425 504 1491 538 hae
1507 518 1591 538 voce
1612 507 1750 546 terreri,
1766 520 1833 552 qua
1852 507 2034 539 dicebatur
2050 505 2169 537 omnia
2183 516 2255 537 esse

1268 556 1505 601 imperatoris.
1560 557 1641 591 Non
1667 558 1761 591 enim
1786 559 1828 591 de.
1855 558 1987 602 templo
2006 557 2162 591 cedendo
2180 562 2255 588 erat

1268 609 1461 647 contentio,
1487 610 1545 641 sed
1565 610 1607 641 de
1625 611 1779 643 cedenda
1798 610 1997 642 vocatione.
2051 608 2132 643 Non
2149 605 2256 640 habet

1268 665 1385 693 antem
1420 660 1618 704 imperator
1648 661 1700 695 ius
1735 660 1904 694 turbandi
1932 660 2124 704 legitimam
2154 670 2256 691 voca-

1269 718 1414 745 11011010.

1514 798 1577 831 De
1608 796 1945 832 contractibus
1964 794 2013 839 ²²⁴³.)

1268 857 1322 890 An
1343 854 1481 901 foenus
1501 868 1673 892 exercere
1698 862 1837 905 pugnet
1862 869 1947 892 cum
1975 859 2056 891 iure
2083 859 2255 890 naturae.

1367 924 1484 957 Usura
1501 931 1549 957 051
1566 925 1703 958 lucrum
1719 937 1824 969 supra
1842 931 1973 958 sortem
1991 930 2165 964 exactum,
2181 929 2257 955 tan-

1270 982 1343 1008 tum
1360 982 1507 1019 propter
1526 976 1680 1009 officium
1697 976 1946 1010 nmtuationis:
1966 988 2047 1008 nam
2067 988 2145 1008 cum
2163 986 2258 1007 acce-

1269 1027 1320 1059 dit
1337 1027 1470 1072 aliquid
1489 1028 1529 1059 ad
1549 1034 1699 1067 sortem,
1729 1040 1808 1061 cum
1827 1028 1967 1060 debitor
1984 1028 2159 1059 efficacem
2178 1038 2257 1058 cau-

1269 1091 1342 1111 sam
1367 1078 1489 1110 danmi
1513 1079 1628 1117 dedit,
1658 1079 1714 1111 illa
1741 1079 1891 1111 accessio
1918 1091 1989 1111 non
2017 1084 2067 1111 051
2082 1076 2258 1113 usuraria,

1271 1136 1330 1162 aut
1355 1129 1491 1162 illicita:
1527 1131 1585 1163 sed
1610 1128 1696 1163 haec
1720 1130 1871 1164 accessio
1893 1137 1943 1163 051
1963 1129 2124 1163 usuraria
2144 1134 2177 1161 et
2193 1127 2259 1160 illi-

1270 1181 1357 1219 cita,
1386 1182 1427 1213 de
1446 1192 1513 1225 qua
1534 1181 1745 1224 paciscimur
1768 1188 1914 1225 propter
1939 1181 2092 1213 officium
2119 1186 2257 1213 mutua-

1270 1231 1395 1269 tionis,
1423 1231 1529 1263 ctiam
1549 1244 1628 1264 cum
1644 1232 1782 1265 debitor
1796 1245 1869 1265 non
1887 1232 1983 1266 dedit
2000 1233 2174 1264 efficacem
2200 1231 2258 1263 da-

1270 1282 1345 1314 mni
1362 1281 1508 1315 alicuius
1526 1295 1679 1316 causam.

1372 1332 1513 1365 Eruditi
1531 1333 1699 1377 colligunt
1717 1333 1886 1374 rationes,
1915 1341 1951 1366 ut
1971 1335 2157 1368 ostendant
2178 1345 2259 1366 con—

1273 1390 1325 1416 tra
1343 1390 1508 1417 naturam
1527 1398 1618 1424 esse,
1646 1386 1770 1418 foenus
1789 1397 1960 1418 exercere.

1374 1435 1506 1469 Prima.
1558 1435 1729 1470 Iniustum
1752 1442 1802 1469 051
1818 1437 1954 1480 exigere
1972 1435 2172 1480 pecuniam,
2200 1435 2259 1468 111ιί

1272 1486 1402 1519 nullius
1429 1486 1478 1518 rei
1503 1488 1733 1520 commutatio
1761 1494 1828 1527 est,
1863 1486 1928 1520 1101·
1952 1494 2020 1526 051,
2049 1487 2107 1520 ubi
2133 1486 2260 1531 aliquis

1273 1549 1338 1581 pro
1362 1535 1475 1569 nihilo
1500 1538 1605 1582 exigit
1636 1539 1834 1583 pecuniarii.
1915 1538 2134 1571 Foenerator
2165 1538 2259 1570 salva

1273 1595 1367 1621 sorte
1394 1588 1500 1633 exigit
1524 1602 1648 1623 usuras
1671 1603 1745 1623 non
1770 1602 1834 1633 pro
1855 1589 2047 1635 aliquare,
2077 1589 2158 1634 quia
2186 1600 2262 1622 sors

1274 1646 1324 1673 est
1356 1640 1470 1681 salva,
1511 1642 1569 1674 sed
1600 1648 1737 1675 tantum
1770 1654 1834 1685 pro
1868 1642 1983 1674 officio
2017 1639 2260 1674 mutilationis.

1273 1691 1367 1735 Ergo
1387 1691 1555 1725 iniustum
1574 1699 1624 1726 est
1641 1705 1764 1726 usuras
1782 1692 1930 1735 exigere.

1375 1743 1547 1777 Secunda.
1600 1744 1669 1778 Res
1684 1757 1757 1777 non
1773 1744 1988 1777 fructificans
2007 1750 2152 1783 natura,
2188 1755 2261 1775 non

1274 1800 1325 1828 est
1340 1795 1582 1828 transferenda
1601 1802 1769 1841 tanquam
1787 1795 2012 1834 fructificans,
2041 1802 2077 1828 ut
2096 1808 2160 1839 pro
2177 1806 2261 1838 agro

1274 1846 1429 1885 elocato,
1459 1860 1536 1880 cum
1556 1853 1681 1880 natura
1698 1847 1881 1880 fructificet
1894 1873 1901 1886 ,
1930 1847 2008 1879 licet
2027 1847 2160 1892 aliquid
2177 1846 2263 1878 reci-

1275 1910 1376 1941 pere,
1401 1898 1537 1931 etiamsi
1566 1899 1637 1943 ipse
1664 1911 1747 1943 ager
1770 1911 1842 1931 non
1868 1899 2053 1931 amittitur.
2107 1897 2262 1930 Pecunia

1276 1955 1393 1981 autem
1414 1962 1487 1981 non
1505 1957 1552 1983 est
1573 1963 1627 1983 res
1653 1957 1778 1983 natura
1801 1950 2027 1986 fructificans.
2077 1948 2172 1992 Ergo
2197 1960 2262 1993 pro

1277 2000 1391 2044 pretio
1410 2012 1483 2033 non
1503 2008 1551 2035 est
1575 2002 1709 2047 aliquid
1732 2002 1961 2046 exigendum,
1990 2014 2068 2034 cum
2091 2013 2166 2034 sors
2190 2012 2264 2032 ma—

1277 2052 1481 2085 0011150110.

1380 2102 1514 2137 Tertia.
1567 2103 1724 2137 Pretium
1750 2116 1822 2135 non
1846 2105 1947 2137 debet
1973 2116 2044 2136 esse
2063 2115 2177 2135 merx:
2209 2114 2265 2146 pe-

1278 2153 1379 2187 cunia
1405 2161 1455 2188 est
1481 2155 1652 2198 pretium:
1683 2167 1765 2198 ergo
1795 2156 1941 2199 pecunia
1972 2167 2043 2187 non
2071 2154 2173 2187 debet
2193 2166 2264 2186 0551·

1278 2218 1388 2239 merx.
1454 2206 1628 2239 Maiorem
1660 2207 1793 2250 probo,
1837 2207 1938 2252 qnia,
1979 2206 2264 2251 quandocunque

1278 2257 1432 2301 pretium
1448 2258 1484 2290 fit
1503 2271 1619 2297 merx,
1647 2270 1785 2302 semper
1801 2258 1934 2291 accedit
1953 2256 2086 2302 aliquid
2105 2257 2265 2289 foenera-

1278 2308 1347 2341 tori
1362 2308 1406 2354 ¹⁵)
1431 2321 1535 2353 supra
1562 2310 1727 2354 pretium.
1779 2308 1828 2343 Ita
1865 2310 2007 2342 additur
2037 2307 2172 2353 aliquid
2198 2319 2264 2352 pro

1279 2358 1391 2393 nihilo
1404 2387 1412 2401 ,
1441 2367 1473 2393 et
1490 2362 1524 2393 fit
1542 2361 1787 2407 inaequalitas.
1841 2360 1890 2393 Ita
1909 2360 2010 2405 pauci
2027 2361 2265 2392 foeneratores

1279 2410 1492 2445 exhauriunt
1518 2412 1699 2446 cixitatum
1715 2413 1908 2446 facultates.
1961 2412 2043 2445 Non
2068 2411 2162 2443 enim
2186 2423 2265 2455 pos-

1279 2470 1360 2497 sunt
1385 2476 1456 2496 esse
1479 2471 1669 2508 perpetuae
1696 2463 2008 2502 commutationes,
2036 2463 2096 2496 ubi
2122 2474 2195 2495 non
2217 2469 2267 2495 051

1280 2515 1484 2560 aequalitas.
1542 2515 1587 2549 Et
1614 2514 1670 2549 1110
1694 2521 1857 2562 (1011051115
1878 2527 1918 2547 eo
1944 2515 2059 2547 maior
2083 2519 2151 2553 est,
2183 2513 2264 2559 quia

1318 2657 1361 2687 14)
1383 2658 1398 2680 ἰ.
1414 2664 1436 2681 e.
1449 2657 1578 2687 Arianis;
1597 2657 1668 2681 cons.
1688 2664 1713 2686 p.
1730 2656 1785 2680 123.
1806 2658 1831 2680 et
1846 2656 1979 2680 Ambrosii
1999 2657 2132 2686 epistolae
2154 2656 2266 2680 20-22.

1316 2699 1347 2730 ἦν-)
1368 2701 1408 2724 De
1426 2700 1476 2724 hac
1495 2699 1690 2723 dissertatione
1709 2704 1814 2722 annexa
1833 2700 1902 2723 cons.
1924 2699 2050 2729 Prolegg.
2072 2706 2095 2728 p.
2115 2699 2153 2723 19.
2167 2706 2207 2729 sq.

1317 2742 1361 2773 15)
1382 2743 1565 2771 foeneratori]
1588 2742 1627 2765 sic
1644 2742 1710 2766 ΕΜ.
1738 2742 1811 2765 1538.
1831 2745 1856 2765 et
1879 2742 1967 2769 1546.;
1996 2743 2043 2765 Ed.
2068 2742 2140 2766 1540.
2159 2745 2269 2774 typogr.

1352 2783 1464 2801 errore:
1484 2777 1631 2801 soenatori.
