2347 3000
88 115 186 151 1037
408 114 466 151 XI.

84 199 234 239 iniuria;
261 199 298 233 in
314 199 482 245 petitione
502 197 649 233 honoris
673 198 747 233 sine
765 199 915 233 aliorum
932 200 1062 234 iniuria

83 251 346 289 contendiinus3
373 264 467 284 nunc
489 257 527 284 tu
544 251 744 295 opprimere
761 249 941 285 hominem
961 252 1062 285 inno-

84 309 219 336 centem
243 302 401 342 conaris,
437 308 470 335 ct
500 303 653 345 spoliare
688 302 875 346 dignitate:
910 315 993 347 ergo
1023 309 1063 336 ut

83 360 186 386 antea
211 353 338 386 merito
361 359 393 386 te
418 352 556 393 adiuvi,
591 353 638 385 ita
663 359 697 385 et
720 366 813 386 nunc
838 360 961 387 contra
988 355 1061 386 offi-

83 405 175 437 cium
199 405 369 443 facerem,
402 403 431 436 si
454 410 486 436 te
511 404 728 438 adiuvarem.
783 405 904 438 Cicero
926 405 1060 438 maiore

82 455 322 495 dissimulata,
363 454 539 488 minorem
577 461 611 488 ct
648 456 910 490 conclusionem
939 456 1060 500 ponit;

81 512 201 550 estque
225 505 316 538 ratio
341 512 481 549 sumpta
506 518 547 538 ex
569 506 647 539 loco
668 508 860 547 communi,
888 514 1060 552 quatenus

79 555 226 589 iuvandi
248 556 319 589 sint
341 557 444 589 amici
469 563 502 589 et
524 558 717 600 prudenter
739 559 889 601 cogitata
914 564 964 591 est
995 556 1059 592 ἇν-

78 604 237 646 τίθεσις,
271 607 308 640 in
331 607 502 650 petitione
532 606 678 641 lionoris
700 621 773 641 non
794 608 870 641 fieri
892 608 1059 641 iniuriam

79 657 324 701 competstori,
361 659 420 691 sed
448 658 483 691 in
509 658 639 691 iudicio
664 659 741 691 fieri
764 659 931 692 iniuriam
957 659 1059 691 inno-

79 708 191 748 centi‚
234 708 263 741 si
294 708 463 752 dignitate
497 715 529 742 ct
567 716 670 753 parto
708 708 844 742 honore
877 709 1058 753 spolietur.

77 758 277 792 Secundum
302 772 343 792 ex
368 759 548 792 communi
565 761 818 793 consuetudine
836 761 1059 799 defensionis,

78 821 119 842 ex
136 809 280 842 maiori:
299 810 398 842 Licet
414 817 535 843 contra
554 811 686 843 amicos
703 811 809 843 etiam
826 810 1059 844 alienissimos

79 860 284 893 defendere:
330 867 463 906 quanto
494 861 606 903 magis
637 861 718 893 licet
750 859 839 893 milii
869 861 1057 894 Murenam

76 911 275 950 defendere,
304 911 446 955 quicum
463 917 513 943 est
530 909 619 943 inihi
634 918 733 944 vetus
751 911 918 946 amicitia.
972 912 1059 944 Ter-

76 961 165 994 tium
192 962 237 994 ab
261 961 375 994 officio
397 961 578 995 causidici:
613 961 667 995 Ex
692 963 807 995 officio
840 974 946 1006 cogor
971 963 1058 995 reci-

73 1023 156 1055 pere
181 1023 338 1045 causam:
364 1018 457 1045 recte
482 1012 589 1055 igitur
613 1013 716 1047 facio.
769 1014 837 1046 Sed
862 1011 918 1046 liic
939 1014 1057 1046 addita

74 1068 126 1095 est
155 1062 403 1106 amplificatio,
451 1075 603 1107 quorum
644 1064 833 1097 criminum
874 1065 1055 1097 infamiam

74 1112 254 1146 subiturus
284 1113 348 1152 sit,
385 1113 414 1146 si
439 1111 671 1147 honestorum
707 1113 893 1148 hominum
937 1128 1057 1149 causas

72 1164 252 1207 repudiet:
271 1163 430 1197 Videbor
446 1164 615 1208 ingratus,
632 1165 790 1208 ignavus,
805 1166 976 1209 superbus
993 1173 1056 1199 ele.

73 1214 251 1258 Quartum
275 1215 317 1246 ab
336 1216 495 1258 exemplo
513 1215 844 1249 iurisconsultorum
857 1243 865 1257 ,
893 1217 954 1261 qui
972 1217 1055 1249 oliin

73 1265 215 1310 utrique
239 1265 398 1309 particle
435 1265 510 1299 iure
542 1267 824 1309 respondebant:
861 1279 944 1310 ergo
976 1268 1057 1299 licet

73 1315 180 1349 etiam
213 1316 348 1348 oratori
380 1323 502 1349 contra
537 1318 670 1350 amicos
695 1318 827 1352 venire.
881 1318 1054 1362 Quintum

73 1367 117 1399 ah
141 1367 301 1411 exemplo
325 1366 491 1407 aliorum,
518 1367 579 1412 qui
604 1369 751 1401 aderant
769 1369 953 1409 Murenae,
979 1369 1055 1414 qui-

71 1417 136 1451 lius
159 1417 265 1450 etiam
293 1430 371 1450 cum
389 1418 511 1451 Serxio
536 1419 689 1451 amicilia
711 1419 789 1454 fuit.
842 1419 932 1452 Huic
947 1420 1056 1452 ratio-

73 1468 211 1502 cinatur
232 1469 422 1501 absurdum
450 1467 636 1514 quiddam:
672 1469 709 1503 Si
740 1468 804 1502 lios
830 1482 972 1515 quoque
996 1477 1054 1503 tua

72 1519 226 1552 amicitia
252 1532 271 1552 a
296 1519 497 1553 defensione
520 1520 690 1553 Murenae
714 1521 951 1562 deterruisset,
977 1522 1056 1554 nul-

70 1570 144 1603 lum
166 1582 311 1614 prorsus
341 1577 533 1613 patronum
564 1569 711 1604 liaberet
733 1572 896 1605 Murena.
948 1572 1056 1605 Addit

70 1620 179 1664 igitur
204 1620 484 1662 conclusionem,
525 1623 621 1666 quod
644 1622 832 1655 Murenam
867 1623 1054 1655 defendere

70 1671 247 1705 debuerit:
277 1677 311 1704 et
338 1677 457 1705 tamen
485 1672 601 1705 mollit
622 1670 689 1705 hoc
712 1673 944 1717 occupatione
969 1686 1055 1719 qua-

69 1723 149 1755 dam
162 1749 170 1763 ‚
199 1722 316 1755 dicens
333 1721 380 1754 ita
398 1735 433 1756 se
450 1724 717 1756 moderaturum
740 1736 812 1757 esse
828 1722 919 1756 hanc
936 1725 1055 1757 defen-

69 1773 226 1813 sionem,
254 1778 294 1806 ut
308 1774 510 1807 meminerit
531 1781 722 1820 utrumque
743 1787 814 1809 esse
833 1775 985 1808 amicum
997 1775 1054 1821 ¹⁰).

105 1872 150 1899 10)
172 1870 258 1894 nulus
277 1873 430 1903 argumenti
449 1874 525 1903 loco,
552 1874 621 1903 quod
640 1873 724 1899 Editt.
746 1874 835 1903 1539.,
857 1874 948 1903 1553.,
970 1875 1054 1901 l55l.,

139 1906 212 1928 1563.
239 1907 396 1937 continent,
424 1909 505 1931 Editt.
535 1909 625 1937 1540„
652 1909 726 1931 1545.
756 1910 783 1931 et
803 1909 898 1932 (tolon.
924 1910 1055 1938 praebent

134 1945 252 1970 sequens
272 1947 286 1963 e
304 1941 411 1964 Latonii
431 1943 458 1965 et
477 1942 659 1965 Melantlionis
679 1943 850 1972 argumentis
871 1942 999 1967 mixtum:

169 1989 426 2017 Argumentum
453 1990 631 2014 orationis
656 1997 717 2021 pro
743 1991 772 2014 L.
797 1993 950 2017 Murena.

169 2032 200 2055 L.
220 2032 334 2056 Murena
352 2032 457 2062 plebeio
477 2039 578 2063 genere
601 2035 698 2062 natus,
718 2035 823 2063 patrem
843 2035 933 2058 habuit
950 2036 978 2058 L.
991 2036 1053 2059 Mu-

135 2071 239 2096 renam,
260 2066 303 2095 qni
322 2067 350 2090 in
369 2069 499 2096 praetura
518 2074 576 2090 cnm
591 2069 767 2091 adolescente
781 2069 836 2092 filio
851 2069 883 2092 de
896 2070 1053 2094 Mithridate

135 2100 321 2129 triumphavit.
357 2102 425 2124 Acta
444 2102 493 2125 sul)
514 2103 590 2130 patre
609 2103 812 2133 adolescentia,
842 2109 903 2126 mox
923 2106 1053 2133 quaestor

135 2139 190 2158 una
208 2140 266 2157 cum
280 2136 339 2157 Ser.
353 2135 473 2164 Sulpicio
494 2136 583 2159 factus
604 2138 655 2159 est.
691 2136 795 2160 Deinde
815 2137 922 2164 legatus
939 2138 1052 2161 Lucullo

133 2168 161 2192 in
180 2168 247 2191 Asia
265 2170 363 2192 contra
380 2169 562 2193 Mithridatem
580 2170 700 2201 additus,
720 2171 854 2201 singulari
872 2171 924 2194 fide
943 2173 970 2195 et
989 2173 1052 2195 dili-

136 2203 229 2234 gentia
248 2202 408 2227 iudustriam
423 2209 497 2227 suam
514 2204 673 2233 imperatori
687 2205 820 2234 probavit.
856 2205 958 2229 Postea
976 2207 1052 2229 aedi-

133 2237 239 2261 litatem
260 2238 286 2260 et
304 2238 461 2266 praeturam
480 2238 604 2269 obtinuit,
624 2239 651 2261 in
671 2244 723 2267 qna
741 2239 818 2262 ludos
837 2239 965 2268 exhibuit,
986 2246 1053 2269 quos

133 2271 162 2295 in
180 2271 321 2295 aedilitate
345 2272 577 2301 praetermiserat.
614 2273 776 2296 Praeturam
800 2273 914 2303 primum
940 2274 966 2297 in
993 2275 1052 2298 inre

134 2305 245 2329 dicendo
265 2305 383 2333 Romae,
409 2306 506 2330 deinde
531 2306 557 2329 in
582 2307 673 2330 Gallia
697 2307 830 2337 cisalpina
855 2308 951 2338 gessit.
986 2308 1052 2332 Inde

133 2340 303 2364 consulatum
321 2340 398 2370 petiit
416 2347 475 2364 cum
497 2342 557 2364 Ser.
578 2341 712 2370 Sulpicio,
739 2341 783 2371 qui
808 2342 862 2365 tum
889 2342 916 2365 in
934 2342 994 2365 iure
1012 2343 1051 2366 ci-

135 2373 185 2397 vili
203 2373 353 2403 eminebat,
372 2380 430 2398 cum
450 2375 524 2398 lunio
543 2375 659 2404 Syllano
678 2377 705 2398 et
723 2376 753 2399 L.
773 2375 908 2405 Catilina,
934 2377 983 2399 sub
1002 2383 1051 2400 ex-

135 2408 221 2431 tremo
245 2408 366 2437 tempore
390 2409 550 2432 consulatus
575 2409 716 2433 Ciceronis
742 2410 769 2433 et
792 2410 913 2435 Antonii.
949 2411 1051 2435 Eodem

133 2446 239 2472 quoque
256 2442 378 2471 tempore
395 2443 525 2466 Lucullus
552 2449 611 2466 cum
630 2444 751 2467 exercitu
779 2444 814 2467 ad
833 2444 996 2473 triumphum
1018 2452 1050 2469 ex

134 2474 276 2505 provincia
293 2478 491 2501 revertebatur.
527 2478 557 2502 L.
576 2479 718 2501 Murenam
737 2484 796 2501 cum
811 2479 925 2509 Syllano
946 2484 1050 2502 consu-

133 2510 186 2533 lem
204 2509 390 2539 designatum,
410 2513 469 2536 ser.
490 2511 625 2541 Sulpicius
645 2512 821 2541 competitor,
842 2514 868 2535 et
887 2512 945 2536 eius
964 2513 1049 2542 filins,

132 2548 188 2567 una
205 2549 264 2566 cum
281 2544 316 2566 Μ.
336 2544 440 2568 Catone
461 2547 489 2569 et
508 2545 662 2570 Postliumio
688 2546 800 2576 quodam
820 2547 949 2570 familiari
968 2547 1049 2571 Cice-

132 2577 228 2606 ronis,
247 2578 362 2601 ambitus
379 2581 526 2611 accusant,
547 2581 577 2603 ut
595 2586 626 2603 eo
646 2583 724 2610 paeto
743 2581 777 2604 ab
796 2581 898 2604 honore
918 2581 1049 2605 deturba-

130 2613 216 2635 retur.
253 2611 389 2636 Defensus
415 2615 458 2636 est
483 2615 539 2638 tum
563 2620 579 2637 a
596 2614 626 2638 L.
652 2615 800 2638 Eoi-tensio
825 2621 857 2638 ac
879 2616 915 2640 M.
943 2616 1048 2639 Crasso

130 2644 293 2670 clarissiun‘s
305 2646 386 2677 viris,
405 2647 460 2671 tuin
472 2648 642 2678 potissmium
655 2648 712 2677 ass)
728 2648 869 2674 Cicerone.
905 2649 1048 2674 patefacta

15 2741 16 2750 ἵ
96 2710 128 2739 *J
146 2712 178 2740 a]
197 2711 224 2736 in
242 2712 291 2736 Ed.
312 2711 406 2737 Colon.
426 2713 513 2738 deest.

525 111 808 151 ENARRATIO
851 112 1110 150 ORATIONIS
1151 115 1399 153 CICERONIS
1432 118 1537 154 PRO
1573 120 1790 158 MUIOENA.

2010 127 2104 161 1038

1305 203 1495 238 Exordii
1531 205 1833 251 paraphrasis
1851 208 1907 255 ¹¹).

1216 270 1321 315 Quod
1348 271 1383 304 in
1411 272 1562 307 comitiis
1584 275 1787 308 renuntiato
1804 277 1944 310 consule
1962 276 2001 312 L.
2020 278 2097 311 Mu-

1115 333 1198 353 rena
1225 333 1243 353 a
1269 322 1345 355 Diis
1374 322 1634 359 in111101·talil›us
1661 327 1798 370 publice
1824 334 1984 372 precatus
2008 342 2096 369 suin,

1113 378 1152 405 ut
1176 371 1216 405 L,
1243 373 1414 406 Murenae
1447 376 1648 409 consulatus
1677 378 1809 411 faustus
1841 379 1992 424 felixque
2019 380 2096 412 uni-

1114 435 1233 456 versae
1255 424 1470 468 reipublicae
1493 433 1598 460 esset:
1626 428 1719 461 idem
1745 442 1863 463 rursus
1888 440 2034 474 precor,
2061 437 2094 463 et

1113 480 1152 506 ut
1179 474 1330 507 retinere
1360 477 1580 510 consulatum
1611 477 1652 512 L.
1679 479 1829 513 Murena
1860 480 1983 514 vestris
2021 493 2096 514 sen-

1114 524 1230 557 tentiis
1245 525 1366 569 possit,
1381 532 1414 559 et
1432 533 1470 559 ut
1486 540 1524 560 ca
1542 541 1596 562 res
1613 530 1826 573 reipublicae
1841 532 1929 565 benc
1945 532 2096 565 exeniat.

1113 575 1250 608 Deinde
1275 576 1445 621 quoniam
1470 586 1618 622 apparet
1635 580 1729 615 Deos
1755 580 1858 616 liuius
1881 583 2095 627 reipublicae

1113 628 1273 660 custodes
1305 639 1396 668 esse,
1432 629 1702 664 existimandum
1726 640 1795 672 est,
1831 640 1865 666 et
1889 646 2008 678 preces
2032 646 2096 666 no-

1112 683 1202 710 stras
1238 684 1271 710 et
1308 684 1390 710 vota
1427 690 1445 710 a
1478 678 1555 713 Diis
1594 681 1853 723 immortalibus
1891 684 2096 729 adprobari.

1115 727 1233 773 [taque
1258 741 1385 772 precor
1408 729 1526 769 etiam,
1554 738 1593 763 ut
1617 733 1784 776 privatim
1810 733 1867 768 liic
1894 736 2095 769 consulatus

1113 779 1285 811 Murenae
1310 781 1444 812 faustus
1467 781 1620 826 felixque
1645 785 1699 817 sit.
1759 785 1804 818 Et
1829 786 1910 831 quia
1935 787 2094 819 Deorum

1112 830 1367 862 immortalium
1395 837 1548 874 potestas
1581 835 1782 875 vobiscum,
1818 837 1966 877 iudices,
2001 850 2095 870 coni-

1111 880 1290 913 municata
1323 887 1392 920 est,
1427 883 1573 925 perinde
1604 883 1645 918 L.
1677 885 1847 920 Murenae
1876 888 2022 920 salutem
2056 900 2095 920 ac

1113 931 1318 974 dignitatem
1345 932 1445 965 vobis
1470 940 1575 978 atque
1588 934 1664 968 Diis
1686 936 1769 980 ipsis
1789 940 2012 978 commendo,
2041 951 2096 971 ro-

1112 994 1226 1027 goque
1250 989 1289 1015 ut
1313 994 1391 1014 cum
1417 991 1538 1017 nostra
1570 987 1752 1020 voluntate
1782 989 1935 1022 retinere
1973 990 2095 1033 populi

1110 1033 1319 1066 beneficium
1351 1034 1479 1077 possit,
1513 1048 1601 1070 neve
1634 1050 1653 1070 a
1687 1040 1844 1072 custodia
1879 1040 2094 1084 reipublicae

1112 1097 1190 1117 cum
1219 1084 1377 1127 periculo
1412 1085 1562 1120 civitatis
1597 1087 1833 1124 abstrahatur.
1913 1091 1980 1123 Sed
2014 1092 2095 1136 quia

1111 1135 1269 1168 accusari
1300 1147 1356 1167 me
1376 1136 1630 1177 animadverti,
1663 1140 1723 1185 qui
1747 1139 1837 1173 lianc
1860 1154 1999 1175 causam
2024 1155 2097 1176 sus-

1110 1198 1283 1230 ceperim,
1324 1193 1427 1218 millo
1471 1189 1642 1222 orationis
1689 1204 1796 1233 cogor
1834 1205 1899 1236 pro
1933 1205 1988 1226 me
2020 1193 2094 1237 ipso

1110 1249 1220 1281 pauca
1245 1236 1379 1276 dicere,
1407 1244 1445 1270 ut
1468 1239 1545 1282 plus
1571 1241 1770 1276 autoritatis
1795 1244 1839 1275 ad
1862 1241 1954 1276 lianc
1979 1245 2097 1276 defen-

1109 1288 1246 1321 sionem
1274 1289 1443 1322 adferam.
1520 1289 1763 1335 Reprehendit
1792 1294 1901 1335 Cato,
1937 1296 2032 1340 quod
2064 1302 2097 1327 ct

1110 1339 1231 1372 consul
1255 1345 1289 1371 et
1310 1339 1403 1371 lator
1427 1340 1513 1383 legis
1547 1343 1589 1374 de
1616 1344 1771 1385 ambitu,
1809 1352 1842 1378 et
1874 1352 1946 1378 tam
1976 1358 2095 1379 severe

1109 1396 1204 1433 gesto
1229 1390 1434 1430 consulatu,
1470 1403 1570 1424 reum
1607 1395 1759 1428 anillitus
1783 1397 1969 1429 defendere
1993 1397 2094 1430 ausit.

1108 1441 1191 1474 Non
1223 1447 1341 1473 autem
1374 1441 1499 1474 leviter
1531 1455 1761 1479 commoveor
1791 1447 1988 1490 gravissimi
2028 1447 2095 1480 viri

1177 1591 1229 1614 iani
1248 1591 1435 1616 coniuratione
1455 1593 1635 1622 Catilinaria,
1661 1597 1710 1620 sub
1737 1597 1815 1621 finem
1835 1598 1914 1627 anni,
1939 1599 2095 1631 priusquam

1176 1626 1222 1649 ille
1242 1626 1405 1655 magistratu
1425 1628 1583 1657 decederet,
1602 1630 1713 1654 crimine
1731 1633 1873 1656 absolutus
1892 1636 1934 1657 est
1945 1634 1985 1663 ⁹5).
2023 1637 2095 1659 Ora-

1177 1660 1215 1682 tio
1240 1661 1330 1683 autem
1356 1662 1465 1691 generis
1491 1665 1531 1686 est
1560 1664 1702 1688 iudicialis.
1750 1667 1864 1690 servius
1891 1668 1961 1692 enim
1984 1672 2095 1694 accusat

1175 1695 1335 1722 Murenam,
1363 1697 1391 1717 ut
1410 1697 1553 1720 consulatu
1564 1696 1614 1725 ss21²)
1634 1705 1693 1722 eum
1713 1701 1827 1729 spoliet,
1854 1702 2011 1732 duplic-iter:
2036 1705 2094 1734 pri-

1176 1734 1257 1757 muni,
1278 1729 1339 1757 quia
1359 1735 1412 1752 non
1432 1731 1502 1753 satis
1522 1732 1558 1754 sit
1574 1732 1716 1761 dignitatis
1734 1735 1760 1756 in
1774 1735 1903 1759 Murena:
1924 1737 2020 1762 deinde
2039 1739 2095 1761 cri-

1177 1768 1237 1784 men
1258 1762 1289 1784 de
1309 1764 1409 1785 amb-‘tu
1429 1764 1453 1786 ei
1473 1765 1571 1789 obiicit.
1610 1767 1706 1791 Cicero
1724 1768 1843 1792 defendit
1857 1771 2006 1796 Murenam.
2042 1774 2094 1796 At-

1176 1802 1226 1825 que
1246 1797 1357 1824 propter
1377 1797 1488 1821 diversa
1506 1799 1636 1828 crimina,
1663 1801 1765 1825 diversi
1792 1807 1897 1833 qunque
1923 1808 1986 1828 sunt
2004 1808 2094 1830 status

1177 1829 1319 1854 orationis.
1358 1831 1465 1854 l’rinius
1481 1834 1570 1856 status
1585 1837 1626 1857 est
1640 1835 1839 1860 coniecturalis.
1875 1838 2011 1863 Infitiatur
2024 1842 2094 1865 enim

1176 1863 1272 1887 Cicero
1293 1866 1393 1893 probra
1413 1866 1519 1890 obiecta
1538 1869 1685 1898 Murenae:
1706 1870 1802 1893 deinde
1821 1872 1912 1896 adiicit
1931 1875 2094 1898 collationes

1175 1898 1305 1926 quasdam
1331 1905 1363 1921 ex
1389 1906 1491 1927 acuere
1515 1902 1737 1928 demonstrativo.
1792 1905 1822 1928 In
1850 1907 1940 1930 altero
1972 1910 2095 1937 crimine,

1175 1931 1261 1960 primo
1280 1932 1366 1955 utitur
1394 1935 1467 1956 statu
1493 1936 1687 1965 coniecturali,
1713 1944 1819 1969 negans
1842 1942 1969 1966 ambitum
1994 1943 2094 1967 sactum

1177 1972 1257 1991 esse:
1282 1967 1347 1993 sed,
1377 1969 1501 1996 quoniam
1525 1972 1688 1998 praebuerat
1707 1973 1820 1996 Murena
1845 1977 1943 2004 populo
1964 1978 2094 2006 quaedam

1176 2005 1298 2023 munera,
1318 2001 1418 2024 transit
1438 2002 1534 2026 Cicero
1553 2005 1588 2027 ad
1607 2005 1748 2034 finitivum,
1769 2013 1873 2037 negans
1891 2009 1957 2033 illud
1977 2011 2093 2035 officium

1176 2039 1238 2056 esse
1257 2034 1401 2061 ambitum,
1429 2037 1616 2068 disputatque,
1642 2045 1696 2063 non
1721 2041 1882 2070 simpliciter
1901 2050 2005 2068 omnem
2025 2046 2094 2069 libe-

1175 2067 1311 2091 ralitatem
1333 2069 1393 2099 lege
1414 2072 1558 2099 prohiberi.
1595 2074 1697 2103 Estque
1717 2075 1759 2098 liic
1777 2075 1883 2100 inserta
1898 2078 2093 2103 iucundissima

1174 2102 1353 2130 reprehensio
1374 2104 1504 2133 Catonis,
1533 2106 1609 2130 cuius
1639 2108 1815 2133 autoritatem
1834 2110 1872 2134 ita
1891 2114 2037 2139 extenuat,
2065 2116 2093 2137 nt

1175 2135 1295 2159 eiusdem
1315 2137 1441 2167 dignitati
1461 2141 1549 2163 tamen
1570 2141 1635 2164 nihil
1656 2142 1849 2173 derogaverit,
1868 2150 1900 2168 ae
1918 2146 1978 2170 sine
1996 2148 2092 2171 convi-

1174 2170 1240 2197 ciis,
1267 2172 1342 2194 molli
1361 2173 1477 2196 articulo
1498 2173 1540 2205 (ut
1561 2175 1746 2203 Quintilianus
1765 2177 1817 2208 ait)
1839 2185 1898 2202 eum
1917 2182 2091 2213 tractaverit,

1173 2209 1283 2227 causam
1310 2206 1472 2234 asperitatis
1502 2208 1529 2231 in
1556 2209 1674 2233 Stoicam
1705 2211 1855 2235 doctrinam
1887 2215 2090 2240 transferendo.

1173 2243 1251 2267 quam
1271 2239 1359 2262 facete
1378 2240 1491 2264 deridet.
1528 2242 1556 2266 lu
1576 2243 1629 2267 fine
1647 2245 1756 2268 additae
1775 2248 1839 2269 sunt
1859 2248 1994 2278 rationes,
2015 2256 2089 2273 sum-

1173 2273 1235 2301 ptae
1253 2278 1270 2296 a
1288 2274 1419 2302 periculis
1437 2276 1603 2304 reipublicae
1622 2280 1751 2308 quantum
1770 2281 1890 2313 referat,
1909 2288 1943 2306 ue
1961 2285 2091 2308 consula-

1173 2308 1217 2329 tus
1237 2307 1371 2337 eripiatur
1389 2310 1520 2333 Murenae
1531 2310 1613 2338 ssssss).

1139 2357 1185 2383 ll)
1204 2357 1495 2415 giaiictparaplirasin
1525 2361 1608 2386 Editt.
1646 2363 1737 2394 1539.,
1764 2364 1856 2396 1553„
1891 2366 1981 2398 1554„
2016 2369 2090 2394 1568.

1170 2397 1202 2421 pr
1223 2397 1288 2415 e>en
1304 2411 1310 2417 .

1171 2490 1202 2519 τίς)
1222 2492 1252 2515 L.
1277 2493 1392 2517 Murena
1419 2494 1524 2523 plebeio
1548 2501 1649 2525 genere
1667 2509 1700 2514 —
1718 2497 1831 2523 crimine
1855 2500 1998 2525 absolutus
2026 2505 2090 2532 esti]

1205 2526 1272 2564 lianc
1291 2528 1410 2556 priorem
1429 2529 1507 2551 huius
1527 2531 1680 2560 argumenti
1700 2534 1805 2561 partein
1822 2535 1930 2559 Latoiui
1951 2542 2031 2569 esse,
2056 2544 2089 2561 ex

1203 2561 1286 2583 Editt.
1310 2562 1403 2592 1539.‚
1426 2563 1516 2593 1553.,
1538 2564 1611 2587 1554.
1633 2565 1804 2598 intelligitur.

1153 2601 1205 2630 ss4)
1224 2604 1382 2633 consulatu]
1397 2604 1435 2628 sic
1443 2605 1490 2628 Ed.
1503 2606 1576 2630 1545.
1592 2608 1618 2630 et
1632 2607 1745 2639 Colon.;
1764 2610 1812 2635 Ed.
1826 2610 1900 2635 1540.
1910 2613 2088 2639 consulatum.

1135 2643 1206 2673 ssssss)
1227 2646 1322 2669 Oratio
1337 2648 1427 2670 autem
1441 2647 1551 2677 generis
1565 2650 1607 2672 est
1620 2649 1782 2675 iudicialis-
1793 2653 1927 2685 eripiatur
1935 2656 2089 2685 Murenae]

1203 2679 1272 2702 lianc
1290 2680 1406 2703 alteram
1426 2683 1531 2710 partem
1554 2683 1736 2710 Melantliouis
1761 2693 1842 2719 esse,
1867 2695 1899 2713 ex
1924 2693 2085 2720 argumento

1202 2719 1286 2744 supra
1304 2716 1444 2744 proposito
1464 2718 1650 2747 cognoscitur.
