2347 3000
1046 619 1079 660 1.

255 726 353 768 PH.
393 722 553 767 MEL.
579 718 1117 773 ,PHILOSOPHIAE
1157 713 1479 758 MORALIS
1522 709 1879 756 EPITOMES

922 817 1070 850 mssnl
1100 815 1214 848 Duo,

138 933 232 964 Huius
256 935 320 964 libri
349 934 435 964 editio
466 934 560 972 prima
591 932 675 973 (anni
700 931 828 972 1538.),
858 931 952 960 altera
982 929 1025 969 (a.
1051 927 1161 969 1539.)
1193 934 1223 957 et
1252 927 1339 956 tertia
1373 924 1414 964 (a.
1441 922 1551 962 1540„
1580 924 1664 953 annis
1698 917 1931 951 1542-1546.
1963 919 2080 960 recusa)

54 983 208 1016 tantopere
231 979 307 1006 inter
332 987 362 1006 se
385 977 546 1013 differunt,
575 983 624 1013 ut,
655 977 678 1004 si
701 985 801 1004 omnes
824 974 1007 1003 differentias
1029 973 1170 1001 adnotare
1193 971 1396 1005 voluissemus,
1426 969 1558 1005 singulae
1582 967 1726 995 editiones
1749 973 1845 1002 paene
1867 968 1947 991 totae
1971 965 2083 992 exscri-

55 1021 169 1049 bendae
190 1013 330 1057 fixissent,
352 1021 381 1048 id
403 1020 479 1058 quod
502 1029 539 1047 ex
563 1019 732 1048 diversitate
756 1019 910 1047 verborum
933 1027 963 1055 p.
985 1013 1123 1044 11-14,
1150 1015 1323 1049 allatorum,
1346 1012 1448 1050 quibus
1472 1011 1585 1048 primae
1609 1008 1789 1047 quaestioni:
1818 1004 1909 1044 Quid
1931 1011 1982 1034 est
2004 1004 2082 1044 phi-

54 1061 205 1101 losophia
228 1061 387 1091 moralis?
417 1063 627 1099 respondetur,
655 1063 725 1090 satis
752 1062 857 1090 elucet.

909 1060 1098 1096 Quapropter
1120 1057 1261 1092 sufficiat,
1290 1061 1409 1093 praeter
1437 1054 1494 1082 alia
1524 1053 1631 1089 inulta,
1660 1051 1771 1080 addere
1801 1049 1932 1078 lectionis
1956 1050 2082 1078 varieta-

55 1111 114 1134 tem
128 1127 137 1143 ,
159 1115 242 1144 quam
265 1106 293 1135 in
316 1106 547 1144 quaestionibus,
569 1105 674 1142 quibus
696 1104 828 1143 singulae
850 1103 935 1132 huius
958 1102 1024 1131 libri
1045 1100 1205 1139 particulae
1228 1099 1385 1136 inscriptae
1408 1102 1489 1134 sunt,
1512 1096 1686 1134 reperimus.

811 1305 1015 1334 LIBER
1063 1301 1324 1332 PRIMUS.

225 1408 319 1450 Quid
347 1412 403 1443 esi:
430 1404 672 1451 Philosophia
699 1403 882 1440 moralis?

60 1464 144 1518 Es't
168 1483 295 1516 notitia
319 1488 590 1526 praeceptorum
619 1481 662 1513 de
695 1480 860 1513 omnibus
886 1476 1043 1511 honestis

60 1534 273 1572 actionibus,
303 1545 389 1578 quas
410 1532 502 1565 ratio
526 1531 692 1575 intelligit
715 1537 863 1564 naturae
887 1527 1044 1562 hominis

60 1585 268 1623 convenire,
297 1590 332 1617 et
354 1584 391 1616 in
415 1583 510 1616 civili
533 1583 785 1616 consuetudine
812 1582 905 1614 vitae
927 1593 1044 1614 neces-

59 1636 168 1671 sarias
192 1647 284 1674 esse,
312 1634 477 1680 quaesitis
502 1634 657 1668 sontibus
680 1640 952 1679 praeceptorum
969 1638 1043 1664 arte

60 1695 93 1722 et
110 1687 491 1726 demonstrationibus,
521 1692 693 1731 quantum
709 1686 785 1718 fieri
802 1691 930 1729 potest.
977 1684 1043 1716 Sed

60 1738 295 1773 eruditissima
322 1737 480 1771 definitio
505 1744 556 1770 est
580 1735 685 1770 haec:
717 1733 951 1780 Philosophia
969 1747 1045 1767 mo-

59 1791 143 1824 ralis
167 1796 218 1823 est
241 1802 323 1834 pars
342 1789 401 1821 illa
425 1789 512 1832 legis
528 1789 690 1829 divinae,
719 1800 809 1834 quae
828 1788 871 1821 de
893 1786 1044 1820 externis

61 1841 258 1875 actionibus
274 1840 457 1885 praecipit.

97 1934 191 1976 Quid
214 1937 370 1969 interest
393 1935 494 1969 inter
517 1931 798 1978 Philosophiam
820 1935 858 1967 et
885 1933 1011 1966 Evan-

469 1990 639 2040 goliam?

164 2068 329 2113 Inprimis
356 2081 443 2113 opus
474 2076 527 2103 est
557 2067 660 2102 initio
686 2068 884 2102 discernere
916 2079 1043 2109 genera

63 2120 266 2159 doctrinae,
300 2120 460 2154 videlicet
481 2120 734 2164 Evangdhuu,
761 2120 873 2163 legem
897 2119 984 2159 Dei,
1013 2125 1047 2152 et

62 2170 344 2216 Philosophiam.
403 2171 497 2205 Nam
529 2171 687 2205 confusio
716 2169 846 2204 horum
876 2183 1043 2215 generum

64 2223 159 2268 parit
181 2220 369 2255 horribiles
395 2234 543 2256 errores.
595 2222 749 2256 Econtra
775 2223 970 2266 plurimum
993 2223 1045 2255 lu-

65 2274 113 2307 cis
137 2274 241 2307 affert
264 2273 406 2306 collatio
434 2274 477 2305 ad
502 2273 727 2317 intelligenda
745 2274 880 2317 singula
904 2286 1045 2317 genera,

66 2332 101 2358 et
123 2337 227 2358 verae
251 2325 371 2358 laudes
395 2322 641 2369 philosophiae
663 2325 815 2358 maxime
838 2325 875 2357 in
892 2323 958 2357 hac
975 2325 1045 2358 col—

64 2376 197 2409 latione
229 2375 505 2420 conspiciuntur.
556 2375 651 2409 Haec
678 2383 729 2409 est
758 2376 853 2409 enim
876 2377 987 2409 solida
1013 2382 1046 2408 et

66 2427 257 2472 praecipua
278 2427 355 2460 laus
381 2424 627 2471 philosophiae
651 2428 816 2467 moralis,
851 2427 1046 2471 intelligere

68 2480 164 2524 quod
180 2491 261 2511 vere.
283 2478 325 2511 sit
345 2491 427 2522 pars
444 2479 529 2522 legis
547 2478 688 2511 divinae
700 2505 709 2517 ‚
737 2485 772 2512 et
786 2484 826 2511 ut
842 2479 975 2512 Paulus
994 2479 1047 2511 in-

67 2529 145 2574 quit
158 2529 340 2562 Romanos
371 2530 387 2563 1
402 2556 410 2569 ‚
429 2530 523 2575 (32.)
551 2528 607 2562 Ius
632 2529 699 2562 Dei
714 2528 755 2574 ¹).
809 2529 876 2562 Sed
893 2530 978 2563 illud
996 2530 1047 2562 di-

67 2580 217 2624 ligenter
238 2580 533 2614 considerandum
557 2587 626 2619 est,
654 2580 886 2624 Evangelium
902 2593 1048 2625 prorsus

68 2631 164 2664 aliud
196 2643 304 2674 genus
331 2632 510 2666 doctrinae
541 2644 612 2666 esse
641 2644 747 2677 quam
773 2629 1048 2676 philosophiam.

108 2752 135 2779 ι)
155 2748 185 2773 τὸ
205 2747 339 2773 δικαίωμα
360 2748 408 2772 τοῦ
425 2748 510 2777 θεοῦ,
538 2750 607 2779 quod
627 2750 652 2773 in
673 2750 796 2781 margine
814 2749 981 2781 adscriptum
999 2752 1049 2774 est.

1093 1403 1185 1437 Nam
1203 1400 1371 1446 proprius
1386 1396 1571 1440 Evangelii
1588 1396 1685 1428 locus
1709 1402 1759 1428 est
1772 1394 1962 1439 promissio
1975 1421 1984 1434 ,
2012 1406 2081 1440 qua

1094 1454 1190 1487 Deus
1208 1457 1355 1496 propter
1373 1447 1553 1482 Christum
1574 1446 1762 1491 pollicetur
1781 1445 1884 1478 nobis
1904 1446 2011 1489 gratis
2029 1458 2083 1479 re-

1094 1504 1301 1538 missionem
1335 1506 1584 1546 pewatorum,
1622 1504 1656 1530 et
1685 1496 2013 1530 reconciliationem
2050 1504 2083 1529 et

1095 1555 1328 1589 donationem
1361 1551 1512 1596 Spiritus
1556 1548 1669 1582 sancti
1705 1555 1739 1581 et
1776 1548 1869 1580 vitae
1906 1554 2082 1582 aeternae.

1094 1607 1140 1640 Et
1164 1605 1251 1640 haec
1268 1603 1458 1649 promissio
1483 1601 1652 1634 divinitus
1673 1599 1828 1633 revelata
1847 1605 1914 1638 est,
1942 1611 2016 1632 non
2034 1605 2084 1632 est

1096 1656 1315 1703 deprehensa
1341 1655 1501 1693 ratione,
1535 1652 1624 1685 sicut.
1648 1649 1799 1684 Ioannes
1829 1649 1910 1696 (Ev.
1938 1651 1978 1689 1,
2006 1650 2082 1695 18.)

1096 1710 1230 1755 inquit:
1258 1707 1387 1746 Filius,
1416 1705 1474 1750 qui
1502 1710 1553 1737 est
1576 1704 1614 1735 in
1633 1702 1712 1735 sinu
1730 1701 1861 1746 patris,
1890 1701 1963 1745 ipse
1982 1713 2083 1734 enar-

1096 1761 1189 1794 ravit
1205 1759 1319 1793 nobis.
1348 1758 1454 1790 Ratio
1474 1755 1567 1788 enim
1585 1755 1660 1788 sine
1670 1754 1779 1786 verbo
1790 1753 1856 1785 Dei
1870 1764 1944 1785 non
1962 1753 2084 1786 statuit

1096 1813 1213 1846 Deum
1231 1810 1334 1844 nobis
1349 1808 1529 1842 remittere
1546 1812 1708 1850 peccata,
1734 1817 1807 1837 non
1827 1803 1959 1837 iudicat
1975 1804 2082 1847 gratis

1097 1862 1231 1897 remitti
1259 1867 1412 1906 peccata.
1466 1858 1560 1891 Haec
1594 1869 1737 1901 prorsus
1768 1862 1850 1889 sunt
1875 1861 1972 1888 extra
2000 1867 2083 1888 con-

1098 1921 1255 1960 spectum
1272 1911 1441 1950 rationis,
1470 1916 1503 1943 et
1520 1909 1634 1942 aliena
1653 1920 1671 1941 a
1690 1904 1930 1952 philosophia.
1965 1906 2081 1940 Porro

1097 1967 1152 2000 lex
1169 1966 1237 1998 Dei
1264 1970 1315 1998 est
1336 1961 1516 2000 doctrina,
1544 1972 1634 2005 quae
1656 1958 1830 2003 praecipit
1846 1957 1969 1997 nobis,
1996 1970 2082 2003 qua-

1097 2019 1146 2051 les
1167 2030 1232 2050 nos
1261 2028 1332 2049 esse
1357 2018 1540 2058 oporteat,
1566 2018 1599 2044 et
1621 2022 1710 2055 quae
1737 2022 1845 2053 opera
1866 2021 1946 2052 erga
1966 2008 2082 2042 Deum

1098 2076 1131 2102 et
1159 2067 1323 2102 homines
1346 2064 1558 2110 praestanda
1586 2062 1677 2101 sint,
1705 2074 1765 2095 seu
1782 2067 1832 2094 est
1850 2059 2011 2093 doctrina
2028 2072 2082 2092 re-

1098 2120 1241 2166 quirens
1265 2119 1458 2162 perfectam
1486 2113 1725 2148 obedientiam
1752 2124 1832 2155 erga
1858 2111 1990 2149 Deunu
2017 2122 2082 2144 nec

1098 2178 1147 2205 est
1165 2169 1353 2215 promissio
1377 2166 1485 2212 gratis
1508 2165 1677 2210 pollicens
1699 2162 1944 2196 remissionem
1960 2174 2082 2206 pecea-

1098 2229 1234 2261 torum,
1268 2232 1332 2253 nec
1361 2218 1493 2252 iudicat
1520 2229 1584 2250 nos
1609 2216 1747 2260 placere
1773 2214 1871 2253 Deo,
1906 2225 1987 2245 cum
2013 2213 2080 2257 legi

1097 2286 1171 2307 non
1202 2270 1445 2307 satisfacimus.
1498 2266 1572 2300 lam
1605 2266 1665 2311 qui
1697 2265 1887 2298 discrimen
1912 2262 2016 2308 Legis
2049 2271 2084 2297 et

1095 2323 1280 2369 Evangelii
1297 2320 1473 2364 intelligit,
1501 2319 1600 2352 facile
1617 2317 1796 2355 iudicabit,
1826 2315 1881 2348 cui
1897 2315 2017 2358 generi
2036 2315 2081 2348 sit

1098 2376 1211 2409 affinis
1233 2370 1479 2419 philosophia,
1505 2381 1650 2414 prorsus
1669 2368 1762 2400 enim
1781 2367 1876 2399 aliud
1898 2366 2080 2399 doctrinae

1097 2440 1205 2472 genus
1231 2432 1282 2459 est
1298 2419 1524 2469 philosophia
1550 2432 1656 2465 quam
1683 2417 1929 2461 Evangelium.
1981 2415 2081 2452 Nihil

1099 2479 1193 2512 enim
1225 2479 1328 2510 docet
1357 2470 1583 2519 philosophia
1614 2471 1656 2503 de
1685 2470 1893 2502 remissione
1920 2475 2081 2512 peccato-

1098 2543 1198 2568 rum,
1233 2541 1297 2561 nec.
1322 2524 1475 2559 ostendit
1500 2522 1682 2568 quomodo
1706 2520 1801 2553 Deus
1829 2520 2003 2564 approbet
2029 2519 2082 2551 in-

1099 2581 1235 2624 diguos.
1289 2577 1474 2611 Caeterum
1501 2570 1725 2618 philosophia
1750 2583 1832 2616 pars
1855 2577 1905 2603 cst
1928 2570 2013 2614 logis
2030 2570 2081 2603 di-

1100 2632 1215 2665 vinae,
1268 2629 1330 2662 Est
1354 2626 1448 2660 enim
1470 2626 1545 2669 ipsa
1570 2624 1625 2656 lex
1649 2630 1797 2656 naturae
1815 2623 1858 2654 ab
1875 2621 2081 2664 ingeniosis-

1099 2683 1195 2716 simis
1229 2679 1434 2714 hominibus
1459 2676 1704 2709 animadversa
1739 2680 1844 2718 atque
1870 2673 1994 2705 ordIne
2025 2684 2080 2705 ex-

1294 2731 1440 2764 Constat
1463 2734 1581 2761 autem
1605 2726 1715 2769 legem
1740 2731 1887 2757 naturae
1913 2735 1992 2756 vere
2010 2735 2081 2756 esse

1403 2776 1459 2814 2*

1100 2734 1239 2777 plicata.
