2347 3000
227 158 298 194 195

223 243 500 289 sophismatum,
543 258 694 290 quorum
721 246 837 290 aliqua
872 246 1018 277 sortasse
1046 243 1212 275 videntur

226 296 490 330 inextricabilia.
544 297 701 330 Ntimur
728 303 866 334 autem,
902 302 939 327 ut
966 293 1056 334 dixi,
1089 294 1211 327 (livino

225 348 447 387 testimonio,
476 349 534 381 sed
555 354 672 380 tamcu
691 354 719 379 ct
742 346 900 379 Platonis
921 346 1053 379 dictum
1072 346 1211 379 notissi—

225 412 319 430 mum
337 411 409 432 esse.
430 399 594 431 omuibus
613 398 757 430 cruditis
776 399 890 430 dclnel.
917 397 1033 429 Yorba
1052 397 1212 431 Platonis

223 448 309 482 llaec.
327 456 409 482 sunt
426 450 606 485 i112.libro
618 451 827 482 πολιῑειιῦντ
853 448 963 480 Omni
985 449 1211 481 contentione

570 512 611 531 uc
638 499 715 544 quis
741 499 774 531 iu
799 499 960 539 civitate,
989 512 1095 546 quam
1123 501 1210 532 110110

225 552 295 595 regi
320 552 499 588 volumus,
536 551 589 581 wl
617 550 727 589 dicat,
767 550 820 582 vcl
844 551 985 591 audiat,
1010 564 1070 584 5011
1094 564 1210 591 senex,

222 615 281 635 sen
301 603 447 640 iuvenis,
464 613 523 634 scu
542 601 575 632 in
593 607 838 644 poematc,seu
856 602 890 634 iu
908 603 975 635 alia
992 603 1210 642 narratione,

226 654 335 685 Deum
362 665 501 685 causam
525 663 596 684 esse
620 652 724 684 alicui
750 654 947 693 malorum,
977 656 1071 699 quod
1097 667 1210 699 neque

221 710 338 736 sancte
358 704 402 735 ita
423 703 491 735 dici
511 709 645 747 potest,
673 716 786 749 neque
804 705 888 737 utile
906 711 955 738 est
976 706 1122 745 civitati,
1151 718 1210 738 ne-

222 767 289 799 que
306 755 726 799 5001111101111501111011579).
754 755 799 788 Et
810 756 935 789 recitat
945 755 1209 802 l’lutarclms⁸⁰)

221 805 560 850 dictumEuripidis:
592 807 620 839 εἰ
637 805 720 840 θεοί
736 820 767 840 τι
786 804 927 852 δρῶσιν
947 807 1114 854 αἰσχρὸν,
1143 808 1211 842 οὐκ

220 855 310 891 ,εἰσὶν
329 855 412 891 θεοί
424 856 482 902 ⁸¹).
534 857 637 890 Nunc
659 859 751 890 addo
770 858 982 892 solutionem
1003 860 1210 904 praecipuo-

221 921 298 941 rum
318 915 624 951 argumentorum.

226 502 453 544 pugnandum
472 507 540 539 051,

611 994 824 1028 Primum.

271 1061 530 1095 Determinatio
555 1061 674 1094 divina
701 1068 750 1094 est
777 1062 1007 1095 inunutabilis
1032 1069 1063 1095 et
1093 1076 1208 1096 neces-

317 1114 410 1146 sario
433 1125 528 1146 vera.

268 1165 397 1197 Omnia
418 1164 583 1197 eveniunt
602 1163 678 1196 Deo
697 1164 969 1197 determinante.

271 1216 362 1259 Ergo
381 1215 499 1249 omnia
521 1215 689 1248 eveniunt
708 1215 919 1247 immutabili
938 1215 1156 1248 necessitate.

618 1298 811 1332 Solutio.

319 1368 480 1400 Primum
499 1367 699 1411 respondeo
717 1366 760 1398 ad
778 1365 969 1400 Minorem.
1031 1366 1208 1400 Determi-

217 1418 313 1451 natio
339 1419 460 1451 divina
488 1418 668 1452 dissimilis
694 1423 745 1450 est
770 1417 805 1449 in
829 1415 906 1457 liis,
936 1430 1024 1463 quae
1052 1420 1209 1462 pendent

217 1471 360 1514 proprie
378 1471 421 1503 ab
440 1470 550 1515 ipsius
567 1470 763 1507 voluntate,
790 1475 822 1501 et
838 1469 874 1501 in
895 1469 984 1509 aliis,
1002 1482 1092 1514 quae
1111 1470 1208 1514 prin-

217 1522 377 1566 cipaliter
394 1528 454 1554 aut
480 1520 625 1565 proprie
650 1519 816 1553 oriuntur
844 1532 862 1552 a
889 1521 1020 1554 nostris
1045 1522 1208 1554 volunta-

217 1574 319 1606 tibus.
385 1572 480 1606 Deus
506 1572 606 1605 aliter
633 1570 849 1604 determinat
876 1578 1063 1604 venturam
1092 1585 1207 1605 resur—

217 1624 409 1657 rectionem
425 1630 665 1662 mortuorum,
682 1628 715 1655 et
731 1622 873 1661 similia,
892 1636 982 1668 quae
1000 1629 1083 1657 sunt
1100 1624 1208 1668 ipsius

219 1675 361 1720 propria
395 1687 524 1720 opera,
561 1675 663 1707 aliter
701 1674 885 1717 praevidet
923 1680 955 1706 ct
995 1675 1209 1707 determinat

217 1727 346 1760 scelera
366 1725 552 1759 hominum
568 1753 576 1765 ,
604 1737 695 1770 quae
714 1724 899 1768 permittit.

320 1778 413 1810 Haec
429 1777 605 1822 praevisio
623 1789 685 1809 seu
701 1775 950 1808 determinatio
969 1788 1114 1819 prorsus
1131 1776 1208 1809 nul-

218 1831 286 1862 lam
305 1830 417 1862 adfert
435 1829 675 1862 necessitatem
698 1827 874 1860 voluntati
893 1833 1046 1861 nostrae.
1101 1828 1208 1861 Prae-

216 1881 312 1913 videt
338 1881 450 1920 enim,
479 1880 562 1926 quia
587 1885 669 1912 suut
697 1885 885 1917 eventura,
921 1884 954 1911 et
982 1879 1208 1919 determinat,

218 1945 402 1977 quousque
412 1932 648 1976 permissurus
657 1930 712 1964 sit.
740 1929 811 1962 lam
823 1931 865 1962 ad
878 1929 1053 1962 Maiorem
1063 1943 1209 1975 respon-

218 1986 283 2016 deo
296 2011 304 2023 ,
333 1983 584 2016 determinatio
602 1982 722 2014 divina
743 1988 794 2014 est
812 1981 1044 2019 immutabilis
1057 2009 1065 2022 ,
1093 1988 1126 2014 et
1149 1994 1209 2015 ne-

219 2035 370 2068 cessario
396 2047 497 2073 vera,
533 2033 665 2068 scilicet
693 2033 898 2066 necessitate
923 2033 1209 2079 consequentiae,

219 2098 309 2132 quae
332 2099 406 2118 non
428 2086 542 2118 adfert
566 2084 773 2129 simpliciter
798 2083 1053 2119 necessitatem,
1114 2084 1209 2118 Deus

219 2137 400 2182 praevidet
420 2137 533 2170 Saulis
548 2136 693 2180 flagitia,
715 2142 747 2168 et
766 2135 993 2175 determinat,
1018 2148 1078 2169 seu
1096 2143 1210 2170 metas

220 2189 420 2229 coustituit,
451 2200 636 2234 quousque
656 2187 892 2232 permissurus
909 2186 963 2220 sit.

256 2338 302 2369 79)
323 2339 446 2363 Platonis
467 2341 551 2363 verba
570 2339 596 2363 in
615 2340 634 2364 1
657 2338 688 2362 ll.
708 2339 741 2362 de
759 2338 862 2368 republ.
882 2338 989 2368 (Opera
1010 2338 1050 2361 ed.
1071 2339 1104 2362 Η.
1119 2339 1210 2368 Steph.

291 2374 320 2397 T
342 2374 372 2396 11.
398 2381 421 2404 p.
442 2375 500 2398 380.
527 2376 550 2398 1).
570 2381 593 2398 c.
612 2387 647 2393 —-
671 2372 988 2403 ed.Bipont.V01.51.
1016 2373 1120 2402 p.253.
1144 2373 1212 2397 haec

290 2409 368 2431 sunt:
388 2408 480 2432 κακιῦι
498 2405 525 2432 δὲ
545 2408 636 2432 αἴτιον
655 2415 744 2440 φαιαι
764 2405 832 2431 θεὸν
851 2405 902 2430 τιιὶ
922 2406 1078 2438 7Μι7ιεσθαι,
1099 2403 1211 2439 ἆ7αθόν

291 2449 373 2469 ιιῐα,
397 2441 578 2474 διαιιαχετέοι
603 2441 686 2466 παντὶ
711 2441 821 2474 τρόπῳ,
845 2440 913 2473 μήτε
932 2439 992 2464 τιιέὶ
1017 2440 1103 2465 ταῦτα
1123 2440 1211 2482 λέγειν

291 2474 321 2499 ἐι
346 2476 377 2515 τῇ
405 2475 489 2500 αὑτοῦ
516 2475 608 2506 πόλει,
636 2477 660 2502 εἰ
685 2476 779 2509 μέλλει
806 2472 1026 2507 ευνομῃσεσθαι,
1054 2474 1121 2507 μίτε
1149 2473 1209 2499 τιιεὶ

291 2500 409 2539 ἀκούειν,
427 2509 493 2541 μήτε
516 2511 657 2543 νιεύτερον,
675 2510 743 2543 μήτε
762 2508 959 2550 πρεσβύτερον,
977 2508 1045 2541 ιιὴτε
1065 2509 1095 2533 ἐν
1109 2509 1211 2542 gastum,

290 2551 357 2576 ιιητε
375 2543 440 2568 ἄιευ
459 2545 561 2577 ιιέτρου
579 2545 808 2577 αι’θολογοῦνῐιτ·
835 2542 869 2572 ὡς
895 2541 955 2583 ozi-J'
981 2542 1044 2568 ὅσια
1069 2542 1106 2568 (ἲ)
1131 2543 1210 2576 λε7ό-

293 2586 379 2609 ιιειά
398 2579 422 2603 εἰ
439 2568 485 2611 li‘y
488 2587 560 2609 οιτο,
582 2578 643 2604 οὔτε
661 2578 793 2612 ξύμφορα
812 2577 888 2611 ἦαῑν,
908 2576 969 2603 οὔτε
989 2577 1120 2612 ξύμφοιά
1140 2577 1209 2603 αυτιὶ

292 2612 384 2640 αυτοῖς

255 2656 302 2686 80)
322 2656 456 2681 Plutarch.
478 2656 503 2679 in
523 2657 614 2681 libello
634 2657 757 2682 στωικῶν
775 2655 996 2689 ἓιάντιωμάτιιιν.

257 2700 305 2727 81)
325 2699 416 2728 Eut-ip.
431 2700 630 2728 Bellerophont.
646 2700 741 2729 fragm.
757 2701 831 2724 Xlx.
853 2702 878 2724 4.
893 2701 960 2730 (vid.
977 2700 1068 2730 Eut-ip.
1084 2701 1208 2729 tragoed.

292 2735 319 2756 et
337 2733 418 2762 epist.
440 2739 471 2756 ex
498 2734 560 2758 edit.
580 2735 703 2757 Bai-nesii
729 2740 836 2758 recusa.
873 2736 970 2760 Acced.
996 2736 1151 2766 fragmenta
1177 2742 1208 2759 cx

292 2773 396 2792 recens.
418 2768 565 2798 musgrave
585 2768 658 2793 Tum.
677 2769 708 2793 u.
729 2775 752 2798 1¹.
773 2768 855 2797 433).

497 158 697 193 SCRIPTA
725 160 799 193 PH.
828 159 938 193 MEL.
968 159 1032 191 AD
1058 157 1265 192 ETIHCEN
1294 156 1357 191 ET
1385 155 1639 193 POLITICEN
1669 157 1978 193 SPECTANTIA.

2182 159 2253 193 196

1369 242 1462 276 Haec
1482 244 1658 288 praevisio
1685 252 1717 278 et
1742 245 1925 290 permissio
1954 257 2098 289 prorsus
2120 245 2255 278 nullam

1266 295 1430 327 adserunt
1447 296 1688 329 necessitatem
1706 297 1880 330 voluntati
1900 296 2026 329 Saulis.
2071 295 2153 329 ltem
2172 296 2255 329 Saul

1267 346 1435 389 punitur,
1472 347 1553 391 quia
1590 349 1757 391 peccaxit.
1839 348 1971 381 Verum
2004 354 2143 392 poterat
2172 348 2254 381 Saul

1266 397 1430 429 omittere
1448 397 1503 429 illa
1520 399 1662 432 scelera.

1367 449 1487 492 Quare
1514 449 1695 482 dialectica
1729 450 1786 482 illa
1818 450 2004 482 necessitas
2039 460 2255 494 consequen-

1267 499 1353 538 tiae,
1382 512 1452 531 uon
1472 500 1560 532 tollit
1582 513 1618 533 re
1643 501 1716 544 ipsa
1736 501 2013 545 contingentiam
2028 527 2035 539 ,
2065 507 2122 533 aut
2152 500 2254 532 liber-

1267 556 1385 584 tatem.
1440 550 1609 595 Exempla
1636 558 1718 584 sunt
1744 552 1890 585 illustria
1910 552 1944 584 in
1963 552 2069 585 sacris
2087 550 2255 585 historiis.

1266 600 1429 635 lcremias
1460 603 1593 648 inquit,
1636 616 1714 635 cum
1743 604 1886 648 quidem
1913 603 2142 647 praedixisset
2166 602 2256 635 exci-

1265 653 1380 685 dium:
1410 654 1446 685 Si
1470 654 1575 686 sacics
1600 655 1816 687 deditionem
1832 682 1840 694 ,
1870 666 1941 687 uon
1967 661 2144 687 evertetur
2162 653 2254 686 lero-

1264 705 1398 749 solyma
1412 704 1470 748 Β”·’).
1522 705 1564 737 Εἰ
1584 704 1686 739 Ionas
1703 707 1762 751 (3,
1782 705 1833 751 4.)
1859 705 2081 750 praedixerat
2099 705 2252 740 Niniven

1267 762 1490 788 interituram
1510 769 1594 790 esse.

1366 806 1403 839 ld
1422 808 1600 841 decretum
1620 821 1826 854 quanquam
1855 808 1922 840 iam
1950 820 2035 839 voce
2052 806 2253 851 Prophetae

1265 860 1527 902 promulgatum
1548 860 1682 899 suerat,
1713 867 1828 892 tamen
1849 859 1939 891 Deus
1958 865 2136 899 retractat,
2160 860 2254 892 unde

1264 909 1457 949 discamus,
1501 911 1611 943 Deum
1635 924 1707 943 nou
1734 924 1805 943 esse
1829 910 1999 944 Stoicum.
2054 909 2135 942 ldco
2161 917 2194 943 et
2218 910 2254 942 in

1266 961 1443 994 versiculis
1461 962 1592 994 dictum
1613 969 1663 994 cst
1680 963 1720 994 de
1738 963 1922 994 voluntate
1944 961 2024 993 Dei:

1348 1021 1412 1057 lpsa
1436 1021 1520 1048 etiam
1545 1022 1672 1058 quamvis
1695 1021 1840 1048 adamanti
1864 1021 1952 1048 incisa
1974 1020 2127 1055 seruntur,

1387 1072 1457 1099 Cum
1482 1073 1621 1109 petimus,
1645 1073 1753 1099 cedunt
1776 1072 1835 1099 sata
1858 1081 1960 1099 severa
1980 1072 2054 1099 Deo.

1346 1121 1408 1148 Nec
1430 1122 1508 1150 Deus
1531 1129 1575 1150 est
1598 1131 1705 1149 numen
1731 1122 1886 1149 Parcarum
1909 1130 2027 1149 carcere
2050 1121 2189 1149 clausum.

1389 1172 1484 1204 Quale
1507 1173 1661 1209 putabatur
1684 1172 1795 1200 Stoicus
1818 1181 1882 1201 esse
1906 1173 1994 1200 Deus.

1347 1222 1413 1259 lpse
1437 1228 1532 1259 potest
1555 1223 1622 1251 solis
1646 1233 1746 1251 currus
1770 1224 1900 1251 inhibere
1925 1224 2067 1252 volantes.

1390 1273 1458 1310 lpse
1482 1274 1563 1301 velut
1587 1275 1720 1312 scopulos
1744 1275 1862 1303 ssumina
1883 1281 1961 1303 stare
1984 1275 2073 1303 iubet.

1456 1350 1709 1384 Secundum
1736 1359 2058 1395 argumentum.

1313 1417 1448 1451 Causae
1466 1430 1644 1451 connexae
1663 1425 1810 1451 movent
1828 1419 2037 1452 necessario.

1312 1470 1447 1502 Omnes
1466 1476 1612 1503 eventus
1630 1470 1717 1502 fiunt
1733 1482 1750 1501 a
1771 1470 1883 1503 causis
1900 1471 2078 1504 connexis.

1314 1520 1410 1562 Ergo
1428 1533 1552 1554 omues
1572 1521 1767 1554 necessario
1786 1522 1885 1554 fiunt.

1366 1571 1539 1605 Maiorem
1565 1572 1674 1604 Stoici
1697 1572 1744 1605 sic
1771 1573 2042 1605 confirmalumt.
2103 1570 2253 1605 Manife-

1262 1628 1352 1655 stum
1371 1630 1440 1663 est,
1467 1623 1554 1656 coeli
1575 1629 1710 1656 motum
1728 1623 1963 1656 necessarium
1981 1635 2064 1656 0550.
2116 1623 2252 1657 Deinde

1262 1674 1488 1707 manifestum
1505 1681 1568 1713 est,
1595 1681 1628 1707 et
1644 1674 1811 1706 inferiora
1829 1686 1979 1718 corpora
1999 1674 2088 1707 affici
2105 1686 2123 1707 a
2142 1675 2253 1715 coelo,

1261 1736 1325 1757 nec
1356 1725 1457 1758 aliter
1487 1738 1522 1759 se
1558 1723 1705 1764 lialiere,
1749 1738 1855 1770 quani
1886 1726 1976 1759 sicut
2005 1725 2207 1760 afficiuntur
2233 1739 2250 1758 a

1263 1776 1381 1815 coelo,
1409 1783 1448 1809 ut
1468 1776 1503 1809 in
1529 1783 1659 1809 aestate
1684 1778 1870 1809 accedente
1892 1778 1984 1817 sole,
2013 1783 2144 1810 terram
2162 1778 2252 1811 cale-

1262 1828 1336 1860 fieri
1354 1840 1493 1861 necesse
1513 1834 1573 1861 est.
1629 1828 1720 1860 Hinc
1738 1835 1936 1873 scquuntur
1953 1829 2078 1862 ordine
2097 1829 2253 1862 naturali

1263 1879 1321 1911 alii
1345 1879 1507 1919 effectus,
1533 1879 1714 1922 generatio
1733 1880 1894 1923 frugum,
1928 1887 1961 1913 et
1986 1880 2058 1913 alii.
2110 1880 2162 1913 Ex
2185 1878 2253 1913 hoc

1263 1930 1388 1963 ordine
1415 1931 1632 1963 naturalium
1659 1931 1859 1973 agentium,
1900 1933 2097 1975 procedunt
2123 1933 2167 1964 ad
2191 1943 2252 1965 vo-

1262 1982 1428 2016 luntaria.
1482 1982 1821 2026 Temperamcntum
1848 1983 1883 2014 in
1907 1982 2066 2016 Antonio
2094 1989 2144 2016 ost
2169 1983 2250 2016 tale.

1262 2032 1414 2077 Impellit
1433 2033 1540 2076 igitur
1555 2034 1754 2067 necessario
1773 2040 1836 2067 etc.
1873 2034 1939 2067 Sed
1961 2035 2249 2079 respondendum

1263 2091 1310 2117 est
1328 2084 1499 2117 brexiter:
1532 2085 1650 2117 Maior
1667 2086 1751 2117 salsa
1775 2092 1835 2119 est.
1897 2085 1988 2119 Nam
2016 2086 2080 2119 etsi
2107 2093 2250 2119 natura-

1262 2136 1349 2169 lium
1367 2136 1545 2180 agentium
1561 2136 1679 2182 aliqua
1697 2143 1747 2170 est
1762 2137 1947 2177 connexio,
1967 2143 2005 2171 ut
2019 2137 2119 2177 coeli,
2147 2137 2250 2177 aeris,

1263 2194 1398 2227 terrae,
1427 2188 1699 2232 temperamenti
1718 2188 1753 2220 in
1771 2189 1980 2233 corporibus
1999 2189 2249 2229 animantium,

1263 2245 1382 2271 tamen
1403 2251 1476 2272 non
1503 2246 1553 2272 est
1578 2239 1772 2273 necessaria
1797 2252 1876 2273 cum
1897 2240 1964 2273 illis
1992 2240 2164 2273 connexio
2188 2252 2249 2272 vo-

1263 2290 1408 2324 luntatis
1425 2288 1621 2331 humanae,
1647 2292 1708 2325 sed
1729 2291 1838 2324 libere
1860 2298 1893 2323 et
1916 2292 2161 2334 contingenter
2177 2291 2247 2334 agit

1263 2342 1439 2381 voluntas,
1460 2348 1580 2387 estque.
1598 2343 1635 2375 in
1652 2343 1849 2376 actionibus
1865 2341 2029 2376 humanis
2044 2355 2146 2376 causa
2166 2355 2248 2375 con-

1264 2393 1456 2438 tingentiae
1468 2420 1477 2433 ,
1505 2394 1648 2427 libertas
1665 2394 1868 2427 voluntatis.

1367 2445 1514 2478 Etiamsi
1546 2443 1658 2490 hepar
1674 2445 1719 2492 83)
1752 2445 1932 2478 incensum
1969 2451 2002 2478 et
2035 2445 2248 2489 intempera-

1264 2502 1337 2529 tum
1351 2496 1416 2542 ⁸²),
1444 2496 1593 2530 inclinat
1616 2498 1657 2530 ad
1679 2495 2013 2541 intemperantiam,
2042 2503 2161 2529 tamen
2187 2509 2248 2528 vo-

1262 2548 1378 2581 luntas
1396 2548 1504 2581 libera
1523 2555 1592 2588 est,
1620 2561 1659 2581 ac
1675 2549 1846 2582 mandare
1865 2547 2034 2580 membris
2051 2554 2178 2592 potest,
2205 2559 2247 2580 ne

1294 2648 1341 2679 82)
1363 2649 1440 2673 Fons.
1460 2649 1557 2672 lei-em.
1578 2649 1626 2675 18,
1645 2648 1669 2673 7.
1687 2648 1712 2673 8.
1734 2649 1774 2672 11.

1293 2691 1340 2718 8³)
1359 2692 1457 2721 hepar]
1477 2692 1576 2715 Editt.:
1597 2697 1670 2721 epar.

1292 2735 1340 2761 8-1)
1360 2735 1581 2764 intemperatum]
1607 2734 1647 2757 sic
1673 2734 1739 2758 Edd.
1761 2734 1834 2758 1550.
1862 2736 1887 2758 et
1915 2735 2006 2763 ¹55&

1334 2769 1408 2793 1560.
1433 2769 1709 2800 intemperamentum.

2042 2733 2108 2758 tud.
2132 2733 2204 2760 155⁷.
2221 2736 2248 2758 et
