<?xml version="1.0" encoding="UTF-8"?>
<!DOCTYPE html PUBLIC "-//W3C//DTD XHTML 1.0 Transitional//EN"
    "http://www.w3.org/TR/xhtml1/DTD/xhtml1-transitional.dtd">
<html xmlns="http://www.w3.org/1999/xhtml" xml:lang="en" lang="en">
 <head>
  <title>
</title>
<meta http-equiv="Content-Type" content="text/html;charset=utf-8" />
  <meta name='ocr-system' content='tesseract 3.04.00' />
  <meta name='ocr-capabilities' content='ocr_page ocr_carea ocr_par ocr_line ocrx_word'/>
</head>
<body>
  <div class='ocr_page' id='page_1' title='image "./operaquaesupersu16melauoft/operaquaesupersu16melauoft_0253.png"; bbox 0 0 2347 3000; ppageno 0'>
   <div class='ocr_carea' id='block_1_1' title="bbox 83 125 157 161">
    <p class='ocr_par' dir='ltr' id='par_1_1' title="bbox 83 125 157 161">
     <span class='ocr_line' id='line_1_1' title="bbox 83 125 157 161; baseline -0.027 0"><span class='ocrx_word' id='word_1_1' title='bbox 83 125 157 161; x_wconf 83' lang='lat'>477</span> 
     </span>
    </p>
   </div>
   <div class='ocr_carea' id='block_1_2' title="bbox 78 204 1071 458">
    <p class='ocr_par' dir='ltr' id='par_1_2' title="bbox 78 204 1071 458">
     <span class='ocr_line' id='line_1_2' title="bbox 182 204 1071 251; baseline -0.002 -9"><span class='ocrx_word' id='word_1_2' title='bbox 182 208 256 242; x_wconf 87' lang='lat' dir='ltr'>Iam</span> <span class='ocrx_word' id='word_1_3' title='bbox 273 209 435 242; x_wconf 84' lang='lat' dir='ltr'>addenda</span> <span class='ocrx_word' id='word_1_4' title='bbox 463 212 514 240; x_wconf 87' lang='lat' dir='ltr'>est</span> <span class='ocrx_word' id='word_1_5' title='bbox 537 205 714 251; x_wconf 78' lang='lat' dir='ltr'>quaestio:</span> <span class='ocrx_word' id='word_1_6' title='bbox 742 204 799 239; x_wconf 92' lang='lat' dir='ltr'>An</span> <span class='ocrx_word' id='word_1_7' title='bbox 817 204 1071 240; x_wconf 77' lang='lat' dir='ltr'>Constantinus</span> 
     </span>
     <span class='ocr_line' id='line_1_3' title="bbox 82 258 1070 303; baseline -0.006 -8"><span class='ocrx_word' id='word_1_8' title='bbox 82 267 116 295; x_wconf 88' lang='lat' dir='ltr'>et</span> <span class='ocrx_word' id='word_1_9' title='bbox 135 259 359 294; x_wconf 88' lang='lat' dir='ltr'>Theodosius</span> <span class='ocrx_word' id='word_1_10' title='bbox 377 265 469 292; x_wconf 90' lang='lat' dir='ltr'>recte</span> <span class='ocrx_word' id='word_1_11' title='bbox 486 258 653 298; x_wconf 78' lang='lat' dir='ltr'>fecerint,</span> <span class='ocrx_word' id='word_1_12' title='bbox 682 259 779 303; x_wconf 87' lang='lat' dir='ltr'>quod</span> <span class='ocrx_word' id='word_1_13' title='bbox 803 258 933 301; x_wconf 88' lang='lat' dir='ltr'>templa</span> <span class='ocrx_word' id='word_1_14' title='bbox 957 258 1070 290; x_wconf 91' lang='lat' dir='ltr'>idolo-</span> 
     </span>
     <span class='ocr_line' id='line_1_4' title="bbox 81 309 1069 354; baseline -0.004 -9"><span class='ocrx_word' id='word_1_15' title='bbox 81 325 162 346; x_wconf 91' lang='lat' dir='ltr'>rum</span> <span class='ocrx_word' id='word_1_16' title='bbox 181 313 401 351; x_wconf 76' lang='lat' dir='ltr'>clauserunt,</span> <span class='ocrx_word' id='word_1_17' title='bbox 429 316 490 342; x_wconf 85' lang='lat' dir='ltr'>aut</span> <span class='ocrx_word' id='word_1_18' title='bbox 512 315 737 352; x_wconf 86' lang='lat' dir='ltr'>everterunt,</span> <span class='ocrx_word' id='word_1_19' title='bbox 773 315 807 343; x_wconf 87' lang='lat' dir='ltr'>et</span> <span class='ocrx_word' id='word_1_20' title='bbox 830 309 970 354; x_wconf 84' lang='lat' dir='ltr'>publica</span> <span class='ocrx_word' id='word_1_21' title='bbox 993 309 1069 342; x_wconf 90' lang='lat' dir='ltr'>ido-</span> 
     </span>
     <span class='ocr_line' id='line_1_5' title="bbox 79 358 1069 406; baseline -0.002 -10"><span class='ocrx_word' id='word_1_22' title='bbox 79 364 197 397; x_wconf 80' lang='lat' dir='ltr'>lorum</span> <span class='ocrx_word' id='word_1_23' title='bbox 225 362 392 397; x_wconf 81' lang='lat' dir='ltr'>sacrificia</span> <span class='ocrx_word' id='word_1_24' title='bbox 420 358 695 406; x_wconf 88' lang='lat' dir='ltr'>prohibuerunt.</span> <span class='ocrx_word' id='word_1_25' title='bbox 762 360 826 401; x_wconf 81' lang='lat' dir='ltr'>Et,</span> <span class='ocrx_word' id='word_1_26' title='bbox 870 374 916 394; x_wconf 90' lang='lat' dir='ltr'>an</span> <span class='ocrx_word' id='word_1_27' title='bbox 942 361 1069 394; x_wconf 87' lang='lat' dir='ltr'>debeat</span> 
     </span>
     <span class='ocr_line' id='line_1_6' title="bbox 78 411 971 458; baseline -0.002 -10"><span class='ocrx_word' id='word_1_28' title='bbox 78 413 170 449; x_wconf 86' lang='lat' dir='ltr'>hanc</span> <span class='ocrx_word' id='word_1_29' title='bbox 188 413 427 448; x_wconf 79' lang='lat' dir='ltr'>obedientiam</span> <span class='ocrx_word' id='word_1_30' title='bbox 445 412 522 446; x_wconf 86' lang='lat' dir='ltr'>Deo</span> <span class='ocrx_word' id='word_1_31' title='bbox 538 412 766 457; x_wconf 76' lang='lat' dir='ltr'>magistratus</span> <span class='ocrx_word' id='word_1_32' title='bbox 782 411 971 458; x_wconf 83' lang='lat' dir='ltr'>politicus?</span> 
     </span>
    </p>
   </div>
   <div class='ocr_carea' id='block_1_3' title="bbox 74 471 1068 936">
    <p class='ocr_par' dir='ltr' id='par_1_3' title="bbox 77 471 1068 712">
     <span class='ocr_line' id='line_1_7' title="bbox 178 471 1068 518; baseline -0.003 -12"><span class='ocrx_word' id='word_1_33' title='bbox 178 473 407 517; x_wconf 84' lang='lat' dir='ltr'>Respondeo:</span> <span class='ocrx_word' id='word_1_34' title='bbox 435 472 538 506; x_wconf 89' lang='lat' dir='ltr'>Duae</span> <span class='ocrx_word' id='word_1_35' title='bbox 555 473 780 518; x_wconf 76' lang='lat' dir='ltr'>quaestiones</span> <span class='ocrx_word' id='word_1_36' title='bbox 795 479 888 507; x_wconf 85' lang='lat' dir='ltr'>sunt.</span> <span class='ocrx_word' id='word_1_37' title='bbox 933 471 1068 511; x_wconf 87' lang='lat' dir='ltr'>Altera,</span> 
     </span>
     <span class='ocr_line' id='line_1_8' title="bbox 77 521 1068 570; baseline -0.003 -13"><span class='ocrx_word' id='word_1_38' title='bbox 77 524 133 557; x_wconf 92' lang='lat' dir='ltr'>An</span> <span class='ocrx_word' id='word_1_39' title='bbox 149 524 197 565; x_wconf 86' lang='lat' dir='ltr'>is,</span> <span class='ocrx_word' id='word_1_40' title='bbox 225 524 286 570; x_wconf 93' lang='lat' dir='ltr'>qui</span> <span class='ocrx_word' id='word_1_41' title='bbox 302 522 409 558; x_wconf 87' lang='lat' dir='ltr'>habet</span> <span class='ocrx_word' id='word_1_42' title='bbox 424 525 559 568; x_wconf 82' lang='lat' dir='ltr'>regiam</span> <span class='ocrx_word' id='word_1_43' title='bbox 578 531 809 568; x_wconf 84' lang='lat' dir='ltr'>potestatem,</span> <span class='ocrx_word' id='word_1_44' title='bbox 836 523 1010 563; x_wconf 72' lang='lat' dir='ltr'>videlicet,</span> <span class='ocrx_word' id='word_1_45' title='bbox 1039 521 1068 555; x_wconf 90' lang='lat' dir='ltr'>si</span> 
     </span>
     <span class='ocr_line' id='line_1_9' title="bbox 77 572 1067 620; baseline -0.003 -13"><span class='ocrx_word' id='word_1_46' title='bbox 77 586 150 607; x_wconf 89' lang='lat' dir='ltr'>non</span> <span class='ocrx_word' id='word_1_47' title='bbox 170 575 363 620; x_wconf 75' lang='lat' dir='ltr'>impeditur</span> <span class='ocrx_word' id='word_1_48' title='bbox 382 588 399 608; x_wconf 87' lang='lat' dir='ltr'>a</span> <span class='ocrx_word' id='word_1_49' title='bbox 419 576 601 620; x_wconf 77' lang='lat' dir='ltr'>superiore</span> <span class='ocrx_word' id='word_1_50' title='bbox 617 583 801 620; x_wconf 72' lang='lat' dir='ltr'>potestate,</span> <span class='ocrx_word' id='word_1_51' title='bbox 829 576 957 607; x_wconf 84' lang='lat' dir='ltr'>debeat</span> <span class='ocrx_word' id='word_1_52' title='bbox 975 572 1067 606; x_wconf 86' lang='lat' dir='ltr'>hanc</span> 
     </span>
     <span class='ocr_line' id='line_1_10' title="bbox 77 625 1066 673; baseline 0 -15"><span class='ocrx_word' id='word_1_53' title='bbox 77 626 316 660; x_wconf 89' lang='lat' dir='ltr'>obedientiam</span> <span class='ocrx_word' id='word_1_54' title='bbox 334 627 411 660; x_wconf 89' lang='lat' dir='ltr'>Deo</span> <span class='ocrx_word' id='word_1_55' title='bbox 423 654 431 668; x_wconf 89' lang='lat'>‚</span> <span class='ocrx_word' id='word_1_56' title='bbox 459 634 498 660; x_wconf 89' lang='lat' dir='ltr'>ut</span> <span class='ocrx_word' id='word_1_57' title='bbox 514 625 702 671; x_wconf 85' lang='lat' dir='ltr'>prohibeat</span> <span class='ocrx_word' id='word_1_58' title='bbox 713 627 758 673; x_wconf 77' lang='grc'>66)</span> <span class='ocrx_word' id='word_1_59' title='bbox 785 626 915 670; x_wconf 88' lang='lat' dir='ltr'>impios</span> <span class='ocrx_word' id='word_1_60' title='bbox 940 626 1066 665; x_wconf 87' lang='lat' dir='ltr'>cultus,</span> 
     </span>
     <span class='ocr_line' id='line_1_11' title="bbox 77 679 664 712; baseline 0.003 -2"><span class='ocrx_word' id='word_1_61' title='bbox 77 683 112 710; x_wconf 90' lang='lat' dir='ltr'>et</span> <span class='ocrx_word' id='word_1_62' title='bbox 130 685 228 712; x_wconf 87' lang='lat' dir='ltr'>curet</span> <span class='ocrx_word' id='word_1_63' title='bbox 244 685 337 712; x_wconf 83' lang='lat' dir='ltr'>reete</span> <span class='ocrx_word' id='word_1_64' title='bbox 355 679 475 712; x_wconf 92' lang='lat' dir='ltr'>doceri</span> <span class='ocrx_word' id='word_1_65' title='bbox 493 679 664 712; x_wconf 88' lang='lat' dir='ltr'>subditos.</span> 
     </span>
    </p>

    <p class='ocr_par' dir='ltr' id='par_1_4' title="bbox 74 734 1067 936">
     <span class='ocr_line' id='line_1_12' title="bbox 175 734 1066 782; baseline -0.004 -11"><span class='ocrx_word' id='word_1_66' title='bbox 175 737 296 771; x_wconf 87' lang='lat' dir='ltr'>Altera</span> <span class='ocrx_word' id='word_1_67' title='bbox 308 764 317 778; x_wconf 90' lang='lat'><strong>‚</strong></span> <span class='ocrx_word' id='word_1_68' title='bbox 342 737 399 771; x_wconf 91' lang='lat' dir='ltr'>An</span> <span class='ocrx_word' id='word_1_69' title='bbox 418 738 466 779; x_wconf 88' lang='lat' dir='ltr'>is,</span> <span class='ocrx_word' id='word_1_70' title='bbox 495 737 557 782; x_wconf 91' lang='lat' dir='ltr'>qui</span> <span class='ocrx_word' id='word_1_71' title='bbox 575 749 649 770; x_wconf 90' lang='lat' dir='ltr'>non</span> <span class='ocrx_word' id='word_1_72' title='bbox 662 734 793 769; x_wconf 87' lang='lat' dir='ltr'>habeat</span> <span class='ocrx_word' id='word_1_73' title='bbox 809 735 943 779; x_wconf 80' lang='lat' dir='ltr'>regiam</span> <span class='ocrx_word' id='word_1_74' title='bbox 967 741 1066 780; x_wconf 91' lang='lat' dir='ltr'>pote-</span> 
     </span>
     <span class='ocr_line' id='line_1_13' title="bbox 74 787 1067 830; baseline -0.003 -9"><span class='ocrx_word' id='word_1_75' title='bbox 74 792 220 830; x_wconf 84' lang='lat' dir='ltr'>statem,</span> <span class='ocrx_word' id='word_1_76' title='bbox 247 795 368 822; x_wconf 83' lang='lat' dir='ltr'>tamen</span> <span class='ocrx_word' id='word_1_77' title='bbox 384 787 475 822; x_wconf 85' lang='lat' dir='ltr'>hane</span> <span class='ocrx_word' id='word_1_78' title='bbox 500 788 738 821; x_wconf 87' lang='lat' dir='ltr'>obedientiam</span> <span class='ocrx_word' id='word_1_79' title='bbox 754 787 832 820; x_wconf 90' lang='lat' dir='ltr'>Deo</span> <span class='ocrx_word' id='word_1_80' title='bbox 857 787 1003 826; x_wconf 86' lang='lat' dir='ltr'>debeat,</span> <span class='ocrx_word' id='word_1_81' title='bbox 1027 792 1067 819; x_wconf 91' lang='grc'>111</span> 
     </span>
     <span class='ocr_line' id='line_1_14' title="bbox 76 837 1064 885; baseline -0.002 -13"><span class='ocrx_word' id='word_1_82' title='bbox 76 845 200 874; x_wconf 72' lang='lat' dir='ltr'>comm</span> <span class='ocrx_word' id='word_1_83' title='bbox 219 841 389 873; x_wconf 88' lang='lat' dir='ltr'>mandata</span> <span class='ocrx_word' id='word_1_84' title='bbox 409 840 601 885; x_wconf 87' lang='lat' dir='ltr'>superioris</span> <span class='ocrx_word' id='word_1_85' title='bbox 625 839 762 872; x_wconf 86' lang='lat' dir='ltr'>domini</span> <span class='ocrx_word' id='word_1_86' title='bbox 784 837 975 883; x_wconf 84' lang='lat' dir='ltr'>prohibeat</span> <span class='ocrx_word' id='word_1_87' title='bbox 1001 850 1064 871; x_wconf 91' lang='lat' dir='ltr'>suo</span> 
     </span>
     <span class='ocr_line' id='line_1_15' title="bbox 74 888 1065 936; baseline 0 -13"><span class='ocrx_word' id='word_1_88' title='bbox 74 891 153 924; x_wconf 89' lang='lat' dir='ltr'>loco</span> <span class='ocrx_word' id='word_1_89' title='bbox 171 891 298 936; x_wconf 89' lang='lat' dir='ltr'>impios</span> <span class='ocrx_word' id='word_1_90' title='bbox 319 892 451 932; x_wconf 89' lang='lat' dir='ltr'>cultus,</span> <span class='ocrx_word' id='word_1_91' title='bbox 477 898 510 924; x_wconf 91' lang='lat' dir='ltr'>et</span> <span class='ocrx_word' id='word_1_92' title='bbox 528 897 626 924; x_wconf 85' lang='lat' dir='ltr'>curet</span> <span class='ocrx_word' id='word_1_93' title='bbox 641 897 733 924; x_wconf 90' lang='lat' dir='ltr'>recte</span> <span class='ocrx_word' id='word_1_94' title='bbox 752 890 870 923; x_wconf 85' lang='lat' dir='ltr'>doceri</span> <span class='ocrx_word' id='word_1_95' title='bbox 891 888 1065 923; x_wconf 78' lang='lat' dir='ltr'>homines.</span> 
     </span>
    </p>
   </div>
   <div class='ocr_carea' id='block_1_4' title="bbox 69 956 1066 1775">
    <p class='ocr_par' dir='ltr' id='par_1_5' title="bbox 74 956 1066 1410">
     <span class='ocr_line' id='line_1_16' title="bbox 174 956 1066 1003; baseline -0.003 -11"><span class='ocrx_word' id='word_1_96' title='bbox 174 959 407 1003; x_wconf 82' lang='lat' dir='ltr'>Respondeo:</span> <span class='ocrx_word' id='word_1_97' title='bbox 451 958 534 992; x_wconf 80' lang='lat' dir='ltr'>Non</span> <span class='ocrx_word' id='word_1_98' title='bbox 560 959 782 1002; x_wconf 76' lang='lat' dir='ltr'>disputamus</span> <span class='ocrx_word' id='word_1_99' title='bbox 817 970 923 1003; x_wconf 87' lang='lat' dir='ltr'>quam</span> <span class='ocrx_word' id='word_1_100' title='bbox 960 956 1066 1002; x_wconf 90' lang='lat' dir='ltr'>pauci</span> 
     </span>
     <span class='ocr_line' id='line_1_17' title="bbox 75 1009 1063 1054; baseline -0.002 -12"><span class='ocrx_word' id='word_1_101' title='bbox 75 1015 137 1043; x_wconf 85' lang='lat' dir='ltr'>aut</span> <span class='ocrx_word' id='word_1_102' title='bbox 160 1011 264 1043; x_wconf 87' lang='lat' dir='ltr'>multi</span> <span class='ocrx_word' id='word_1_103' title='bbox 292 1010 518 1054; x_wconf 74' lang='lat' dir='ltr'>magistratus</span> <span class='ocrx_word' id='word_1_104' title='bbox 540 1010 740 1053; x_wconf 72' lang='lat' dir='ltr'>intelligant</span> <span class='ocrx_word' id='word_1_105' title='bbox 764 1016 823 1042; x_wconf 89' lang='lat' dir='ltr'>aut</span> <span class='ocrx_word' id='word_1_106' title='bbox 846 1009 977 1041; x_wconf 78' lang='lat' dir='ltr'>saciant</span> <span class='ocrx_word' id='word_1_107' title='bbox 1000 1020 1063 1041; x_wconf 89' lang='lat' dir='ltr'>sua</span> 
     </span>
     <span class='ocr_line' id='line_1_18' title="bbox 74 1060 1063 1094; baseline -0.002 -1"><span class='ocrx_word' id='word_1_108' title='bbox 74 1061 188 1094; x_wconf 79' lang='lat' dir='ltr'>officia</span> <span class='ocrx_word' id='word_1_109' title='bbox 218 1075 236 1094; x_wconf 89' lang='lat' dir='ltr'>a</span> <span class='ocrx_word' id='word_1_110' title='bbox 263 1061 340 1094; x_wconf 86' lang='lat' dir='ltr'>Deo</span> <span class='ocrx_word' id='word_1_111' title='bbox 368 1062 551 1094; x_wconf 86' lang='lat' dir='ltr'>mandata.</span> <span class='ocrx_word' id='word_1_112' title='bbox 618 1062 711 1094; x_wconf 61' lang='lat' dir='ltr'>[mm</span> <span class='ocrx_word' id='word_1_113' title='bbox 740 1067 822 1094; x_wconf 90' lang='lat' dir='ltr'>sunt</span> <span class='ocrx_word' id='word_1_114' title='bbox 847 1061 940 1093; x_wconf 84' lang='lat' dir='ltr'>enim</span> <span class='ocrx_word' id='word_1_115' title='bbox 971 1060 1063 1092; x_wconf 84' lang='lat' dir='ltr'>dicta</span> 
     </span>
     <span class='ocr_line' id='line_1_19' title="bbox 75 1111 1063 1159; baseline -0.003 -13"><span class='ocrx_word' id='word_1_116' title='bbox 75 1113 222 1159; x_wconf 87' lang='lat' dir='ltr'>(Psalm.</span> <span class='ocrx_word' id='word_1_117' title='bbox 243 1113 327 1154; x_wconf 90' lang='grc'><strong>110,</strong></span> <span class='ocrx_word' id='word_1_118' title='bbox 351 1112 421 1158; x_wconf 35' lang='grc' dir='ltr'>ΞΝ)</span> <span class='ocrx_word' id='word_1_119' title='bbox 462 1111 658 1145; x_wconf 82' lang='lat' dir='ltr'>Dominare</span> <span class='ocrx_word' id='word_1_120' title='bbox 688 1112 726 1144; x_wconf 89' lang='lat' dir='ltr'>in</span> <span class='ocrx_word' id='word_1_121' title='bbox 759 1112 876 1143; x_wconf 81' lang='lat' dir='ltr'>medio</span> <span class='ocrx_word' id='word_1_122' title='bbox 902 1111 1063 1143; x_wconf 84' lang='lat' dir='ltr'>inimico-</span> 
     </span>
     <span class='ocr_line' id='line_1_20' title="bbox 74 1163 1063 1209; baseline -0.002 -12"><span class='ocrx_word' id='word_1_123' title='bbox 74 1177 154 1198; x_wconf 98' lang='lat' dir='ltr'>rum</span> <span class='ocrx_word' id='word_1_124' title='bbox 174 1171 330 1198; x_wconf 87' lang='lat' dir='ltr'>tuorum.</span> <span class='ocrx_word' id='word_1_125' title='bbox 390 1163 479 1196; x_wconf 84' lang='grc'><strong>110111</strong></span> <span class='ocrx_word' id='word_1_126' title='bbox 505 1164 652 1209; x_wconf 76' lang='grc'><strong>(1)5;11111.</strong></span> <span class='ocrx_word' id='word_1_127' title='bbox 674 1164 758 1202; x_wconf 94' lang='grc'><strong>110,</strong></span> <span class='ocrx_word' id='word_1_128' title='bbox 778 1163 849 1207; x_wconf 81' lang='grc'>6.);</span> <span class='ocrx_word' id='word_1_129' title='bbox 881 1163 1063 1207; x_wconf 67' lang='lat' dir='ltr'>(Jonquas—</span> 
     </span>
     <span class='ocr_line' id='line_1_21' title="bbox 74 1215 1063 1260; baseline -0.004 -11"><span class='ocrx_word' id='word_1_130' title='bbox 74 1216 166 1250; x_wconf 81' lang='lat' dir='ltr'>sabit</span> <span class='ocrx_word' id='word_1_131' title='bbox 183 1222 289 1260; x_wconf 89' lang='lat' dir='ltr'>eaput</span> <span class='ocrx_word' id='word_1_132' title='bbox 305 1216 450 1248; x_wconf 88' lang='lat' dir='ltr'>interra</span> <span class='ocrx_word' id='word_1_133' title='bbox 472 1227 654 1258; x_wconf 84' lang='lat' dir='ltr'>magnum.</span> <span class='ocrx_word' id='word_1_134' title='bbox 701 1215 770 1246; x_wconf 84' lang='lat' dir='ltr'>Sed</span> <span class='ocrx_word' id='word_1_135' title='bbox 790 1220 909 1246; x_wconf 89' lang='lat' dir='ltr'>tamen</span> <span class='ocrx_word' id='word_1_136' title='bbox 925 1225 1063 1257; x_wconf 84' lang='lat' dir='ltr'>semper</span> 
     </span>
     <span class='ocr_line' id='line_1_22' title="bbox 74 1264 1063 1313; baseline -0.004 -13"><span class='ocrx_word' id='word_1_137' title='bbox 74 1267 170 1301; x_wconf 89' lang='lat' dir='ltr'>Deus</span> <span class='ocrx_word' id='word_1_138' title='bbox 188 1268 304 1313; x_wconf 82' lang='lat' dir='ltr'>aliqua</span> <span class='ocrx_word' id='word_1_139' title='bbox 323 1265 476 1311; x_wconf 84' lang='lat' dir='ltr'>hospitia</span> <span class='ocrx_word' id='word_1_140' title='bbox 503 1268 563 1299; x_wconf 88' lang='lat' dir='ltr'>dat</span> <span class='ocrx_word' id='word_1_141' title='bbox 578 1265 767 1298; x_wconf 76' lang='lat' dir='ltr'>Ecclesiae.</span> <span class='ocrx_word' id='word_1_142' title='bbox 822 1265 887 1297; x_wconf 85' lang='lat' dir='ltr'>llic</span> <span class='ocrx_word' id='word_1_143' title='bbox 912 1264 1063 1297; x_wconf 84' lang='lat' dir='ltr'>docendi</span> 
     </span>
     <span class='ocr_line' id='line_1_23' title="bbox 75 1315 1062 1363; baseline -0.005 -11"><span class='ocrx_word' id='word_1_144' title='bbox 75 1325 157 1353; x_wconf 87' lang='grc'><strong>511111</strong></span> <span class='ocrx_word' id='word_1_145' title='bbox 186 1319 238 1363; x_wconf 88' lang='lat' dir='ltr'>pii</span> <span class='ocrx_word' id='word_1_146' title='bbox 266 1318 512 1362; x_wconf 75' lang='lat' dir='ltr'>magistratus,</span> <span class='ocrx_word' id='word_1_147' title='bbox 555 1318 695 1362; x_wconf 84' lang='lat' dir='ltr'>qualem</span> <span class='ocrx_word' id='word_1_148' title='bbox 720 1316 959 1349; x_wconf 71' lang='lat' dir='ltr'>obedientiam</span> <span class='ocrx_word' id='word_1_149' title='bbox 985 1315 1062 1348; x_wconf 77' lang='lat' dir='ltr'>Deo</span> 
     </span>
     <span class='ocr_line' id='line_1_24' title="bbox 74 1368 1028 1410; baseline -0.003 -7"><span class='ocrx_word' id='word_1_150' title='bbox 74 1371 227 1403; x_wconf 80' lang='lat' dir='ltr'>debeant</span> <span class='ocrx_word' id='word_1_151' title='bbox 239 1397 247 1410; x_wconf 90' lang='lat'>,</span> <span class='ocrx_word' id='word_1_152' title='bbox 272 1376 305 1403; x_wconf 90' lang='grc'>01</span> <span class='ocrx_word' id='word_1_153' title='bbox 323 1369 558 1402; x_wconf 80' lang='lat' dir='ltr'>confirmandi</span> <span class='ocrx_word' id='word_1_154' title='bbox 574 1375 655 1402; x_wconf 87' lang='lat' dir='ltr'>suut</span> <span class='ocrx_word' id='word_1_155' title='bbox 673 1380 755 1400; x_wconf 63' lang='lat' dir='ltr'>vera</span> <span class='ocrx_word' id='word_1_156' title='bbox 774 1368 1028 1400; x_wconf 81' lang='lat' dir='ltr'>consolatione.</span> 
     </span>
    </p>

    <p class='ocr_par' dir='ltr' id='par_1_6' title="bbox 69 1427 1061 1775">
     <span class='ocr_line' id='line_1_25' title="bbox 174 1427 1061 1471; baseline -0.006 -8"><span class='ocrx_word' id='word_1_157' title='bbox 174 1430 223 1462; x_wconf 83' lang='lat' dir='ltr'>Ut</span> <span class='ocrx_word' id='word_1_158' title='bbox 255 1436 373 1463; x_wconf 84' lang='lat' dir='ltr'>autem</span> <span class='ocrx_word' id='word_1_159' title='bbox 406 1429 529 1471; x_wconf 87' lang='lat' dir='ltr'>longas</span> <span class='ocrx_word' id='word_1_160' title='bbox 563 1428 728 1471; x_wconf 76' lang='lat' dir='ltr'>ambages</span> <span class='ocrx_word' id='word_1_161' title='bbox 763 1427 947 1466; x_wconf 87' lang='lat' dir='ltr'>omittam,</span> <span class='ocrx_word' id='word_1_162' title='bbox 983 1427 1061 1459; x_wconf 86' lang='lat' dir='ltr'>fons</span> 
     </span>
     <span class='ocr_line' id='line_1_26' title="bbox 73 1478 1059 1524; baseline -0.005 -10"><span class='ocrx_word' id='word_1_163' title='bbox 73 1487 124 1514; x_wconf 87' lang='lat' dir='ltr'>est</span> <span class='ocrx_word' id='word_1_164' title='bbox 148 1481 309 1513; x_wconf 89' lang='lat' dir='ltr'>omnium</span> <span class='ocrx_word' id='word_1_165' title='bbox 332 1486 624 1524; x_wconf 62' lang='lat' dir='ltr'>argmgnentorum</span> <span class='ocrx_word' id='word_1_166' title='bbox 646 1478 802 1522; x_wconf 88' lang='lat' dir='ltr'>primum</span> <span class='ocrx_word' id='word_1_167' title='bbox 832 1484 1059 1522; x_wconf 66' lang='lat' dir='ltr'>praeceptum</span> 
     </span>
     <span class='ocr_line' id='line_1_27' title="bbox 73 1528 1061 1578; baseline -0.003 -14"><span class='ocrx_word' id='word_1_168' title='bbox 73 1531 201 1578; x_wconf 76' lang='lat' dir='ltr'>(Exod.</span> <span class='ocrx_word' id='word_1_169' title='bbox 218 1534 279 1572; x_wconf 72' lang='lat'>20,</span> <span class='ocrx_word' id='word_1_170' title='bbox 305 1531 498 1577; x_wconf 75' lang='grc' dir='ltr'><strong>5.);1Νο11</strong></span> <span class='ocrx_word' id='word_1_171' title='bbox 523 1528 667 1564; x_wconf 78' lang='lat' dir='ltr'>habebis</span> <span class='ocrx_word' id='word_1_172' title='bbox 690 1530 785 1563; x_wconf 85' lang='lat' dir='ltr'>Deos</span> <span class='ocrx_word' id='word_1_173' title='bbox 809 1530 955 1563; x_wconf 90' lang='lat' dir='ltr'>alienos.</span> <span class='ocrx_word' id='word_1_174' title='bbox 1022 1528 1061 1562; x_wconf 84' lang='lat' dir='ltr'>Id</span> 
     </span>
     <span class='ocr_line' id='line_1_28' title="bbox 70 1582 1060 1626; baseline -0.003 -10"><span class='ocrx_word' id='word_1_175' title='bbox 70 1584 259 1616; x_wconf 85' lang='lat' dir='ltr'>immotum</span> <span class='ocrx_word' id='word_1_176' title='bbox 277 1589 311 1616; x_wconf 89' lang='lat' dir='ltr'>et</span> <span class='ocrx_word' id='word_1_177' title='bbox 330 1589 513 1615; x_wconf 86' lang='lat' dir='ltr'>aeternum</span> <span class='ocrx_word' id='word_1_178' title='bbox 534 1588 603 1622; x_wconf 86' lang='lat' dir='ltr'>est,</span> <span class='ocrx_word' id='word_1_179' title='bbox 637 1588 671 1615; x_wconf 89' lang='lat' dir='ltr'>et</span> <span class='ocrx_word' id='word_1_180' title='bbox 693 1582 847 1626; x_wconf 86' lang='lat' dir='ltr'>pertinet</span> <span class='ocrx_word' id='word_1_181' title='bbox 870 1583 914 1613; x_wconf 90' lang='lat' dir='ltr'>ad</span> <span class='ocrx_word' id='word_1_182' title='bbox 937 1593 1060 1614; x_wconf 89' lang='lat' dir='ltr'>omnes</span> 
     </span>
     <span class='ocr_line' id='line_1_29' title="bbox 70 1632 1059 1675; baseline -0.003 -8"><span class='ocrx_word' id='word_1_183' title='bbox 70 1633 253 1675; x_wconf 84' lang='lat' dir='ltr'>homines,</span> <span class='ocrx_word' id='word_1_184' title='bbox 281 1647 438 1668; x_wconf 86' lang='lat' dir='ltr'>summos</span> <span class='ocrx_word' id='word_1_185' title='bbox 459 1640 491 1665; x_wconf 89' lang='lat' dir='ltr'>et</span> <span class='ocrx_word' id='word_1_186' title='bbox 512 1634 664 1667; x_wconf 79' lang='lat' dir='ltr'>intimos.</span> <span class='ocrx_word' id='word_1_187' title='bbox 715 1632 765 1665; x_wconf 86' lang='lat' dir='ltr'>Ita</span> <span class='ocrx_word' id='word_1_188' title='bbox 791 1635 970 1666; x_wconf 82' lang='lat' dir='ltr'>decretum</span> <span class='ocrx_word' id='word_1_189' title='bbox 994 1633 1059 1665; x_wconf 88' lang='lat' dir='ltr'>im-</span> 
     </span>
     <span class='ocr_line' id='line_1_30' title="bbox 69 1682 1059 1730; baseline -0.003 -11"><span class='ocrx_word' id='word_1_190' title='bbox 69 1693 207 1720; x_wconf 90' lang='lat' dir='ltr'>motum</span> <span class='ocrx_word' id='word_1_191' title='bbox 234 1693 268 1719; x_wconf 90' lang='lat' dir='ltr'>et</span> <span class='ocrx_word' id='word_1_192' title='bbox 288 1692 470 1718; x_wconf 88' lang='lat' dir='ltr'>aetermun</span> <span class='ocrx_word' id='word_1_193' title='bbox 497 1691 547 1718; x_wconf 84' lang='lat' dir='ltr'>est</span> <span class='ocrx_word' id='word_1_194' title='bbox 574 1682 718 1730; x_wconf 72' lang='lat' dir='ltr'>(Mauh.</span> <span class='ocrx_word' id='word_1_195' title='bbox 737 1685 796 1725; x_wconf 83' lang='lat'>17,</span> <span class='ocrx_word' id='word_1_196' title='bbox 815 1684 885 1730; x_wconf 85' lang='lat'>5.):</span> <span class='ocrx_word' id='word_1_197' title='bbox 920 1684 985 1716; x_wconf 77' lang='lat' dir='ltr'>Hic</span> <span class='ocrx_word' id='word_1_198' title='bbox 1008 1690 1059 1716; x_wconf 86' lang='lat' dir='ltr'>est</span> 
     </span>
     <span class='ocr_line' id='line_1_31' title="bbox 69 1734 747 1775; baseline -0.004 -4"><span class='ocrx_word' id='word_1_199' title='bbox 69 1738 179 1772; x_wconf 87' lang='lat' dir='ltr'>Filius</span> <span class='ocrx_word' id='word_1_200' title='bbox 195 1749 294 1770; x_wconf 85' lang='lat' dir='ltr'>meus</span> <span class='ocrx_word' id='word_1_201' title='bbox 312 1737 477 1775; x_wconf 81' lang='lat' dir='ltr'>dilectus,</span> <span class='ocrx_word' id='word_1_202' title='bbox 505 1734 598 1767; x_wconf 85' lang='lat' dir='ltr'>hunc</span> <span class='ocrx_word' id='word_1_203' title='bbox 617 1736 747 1768; x_wconf 81' lang='lat' dir='ltr'>audite.</span> 
     </span>
    </p>
   </div>
   <div class='ocr_carea' id='block_1_5' title="bbox 65 1795 1057 2612">
    <p class='ocr_par' dir='ltr' id='par_1_7' title="bbox 65 1795 1057 2612">
     <span class='ocr_line' id='line_1_32' title="bbox 168 1795 1057 1839; baseline -0.006 -8"><span class='ocrx_word' id='word_1_204' title='bbox 168 1798 316 1832; x_wconf 76' lang='lat' dir='ltr'>Necesse</span> <span class='ocrx_word' id='word_1_205' title='bbox 336 1803 385 1829; x_wconf 87' lang='lat' dir='ltr'>est</span> <span class='ocrx_word' id='word_1_206' title='bbox 405 1796 512 1839; x_wconf 80' lang='lat' dir='ltr'>igitur</span> <span class='ocrx_word' id='word_1_207' title='bbox 539 1801 572 1828; x_wconf 85' lang='lat' dir='ltr'>et</span> <span class='ocrx_word' id='word_1_208' title='bbox 595 1795 821 1839; x_wconf 66' lang='lat' dir='ltr'>magistratus</span> <span class='ocrx_word' id='word_1_209' title='bbox 843 1807 1001 1827; x_wconf 87' lang='lat' dir='ltr'>summos</span> <span class='ocrx_word' id='word_1_210' title='bbox 1024 1801 1057 1826; x_wconf 90' lang='lat' dir='ltr'>et</span> 
     </span>
     <span class='ocr_line' id='line_1_33' title="bbox 68 1847 1055 1892; baseline -0.005 -9"><span class='ocrx_word' id='word_1_211' title='bbox 68 1850 208 1883; x_wconf 88' lang='lat' dir='ltr'>infimos</span> <span class='ocrx_word' id='word_1_212' title='bbox 233 1847 398 1892; x_wconf 85' lang='lat' dir='ltr'>amplecti</span> <span class='ocrx_word' id='word_1_213' title='bbox 419 1860 541 1879; x_wconf 79' lang='lat' dir='ltr'>vocem</span> <span class='ocrx_word' id='word_1_214' title='bbox 563 1847 768 1889; x_wconf 68' lang='lat' dir='ltr'>Evangelii,</span> <span class='ocrx_word' id='word_1_215' title='bbox 809 1852 842 1878; x_wconf 90' lang='lat' dir='ltr'>et</span> <span class='ocrx_word' id='word_1_216' title='bbox 870 1847 1055 1879; x_wconf 79' lang='lat' dir='ltr'>ostendere</span> 
     </span>
     <span class='ocr_line' id='line_1_34' title="bbox 67 1896 1055 1942; baseline -0.003 -8"><span class='ocrx_word' id='word_1_217' title='bbox 67 1913 168 1935; x_wconf 86' lang='lat' dir='ltr'>suam</span> <span class='ocrx_word' id='word_1_218' title='bbox 188 1900 463 1938; x_wconf 85' lang='lat' dir='ltr'>consessionem,</span> <span class='ocrx_word' id='word_1_219' title='bbox 491 1904 523 1930; x_wconf 89' lang='lat' dir='ltr'>et</span> <span class='ocrx_word' id='word_1_220' title='bbox 540 1896 730 1942; x_wconf 84' lang='lat' dir='ltr'>prohibere</span> <span class='ocrx_word' id='word_1_221' title='bbox 753 1898 929 1932; x_wconf 84' lang='lat' dir='ltr'>scandala.</span> <span class='ocrx_word' id='word_1_222' title='bbox 983 1898 1055 1931; x_wconf 89' lang='lat' dir='ltr'>To-</span> 
     </span>
     <span class='ocr_line' id='line_1_35' title="bbox 68 1947 1054 1994; baseline -0.004 -9"><span class='ocrx_word' id='word_1_223' title='bbox 68 1953 185 1986; x_wconf 82' lang='lat' dir='ltr'>lerans</span> <span class='ocrx_word' id='word_1_224' title='bbox 202 1958 320 1984; x_wconf 89' lang='lat' dir='ltr'>autern</span> <span class='ocrx_word' id='word_1_225' title='bbox 344 1951 457 1989; x_wconf 84' lang='lat' dir='ltr'>idola,</span> <span class='ocrx_word' id='word_1_226' title='bbox 493 1963 570 1982; x_wconf 90' lang='lat' dir='ltr'>cum</span> <span class='ocrx_word' id='word_1_227' title='bbox 596 1947 787 1994; x_wconf 85' lang='lat' dir='ltr'>prohibere</span> <span class='ocrx_word' id='word_1_228' title='bbox 811 1949 940 1993; x_wconf 79' lang='lat' dir='ltr'>possit,</span> <span class='ocrx_word' id='word_1_229' title='bbox 976 1962 1054 1993; x_wconf 84' lang='lat' dir='ltr'>pec-</span> 
     </span>
     <span class='ocr_line' id='line_1_36' title="bbox 69 2001 1053 2044; baseline -0.004 -7"><span class='ocrx_word' id='word_1_230' title='bbox 69 2010 142 2044; x_wconf 88' lang='lat' dir='ltr'>cat,</span> <span class='ocrx_word' id='word_1_231' title='bbox 184 2003 278 2036; x_wconf 85' lang='lat' dir='ltr'>iuxta</span> <span class='ocrx_word' id='word_1_232' title='bbox 304 2002 413 2035; x_wconf 85' lang='lat' dir='ltr'>dicta:</span> <span class='ocrx_word' id='word_1_233' title='bbox 453 2001 600 2034; x_wconf 75' lang='lat' dir='ltr'>Faciens</span> <span class='ocrx_word' id='word_1_234' title='bbox 625 2007 659 2033; x_wconf 89' lang='lat' dir='ltr'>et</span> <span class='ocrx_word' id='word_1_235' title='bbox 683 2001 905 2034; x_wconf 82' lang='lat' dir='ltr'>consentiens</span> <span class='ocrx_word' id='word_1_236' title='bbox 930 2002 1053 2033; x_wconf 81' lang='lat' dir='ltr'>eadem</span> 
     </span>
     <span class='ocr_line' id='line_1_37' title="bbox 67 2050 1051 2100; baseline -0.004 -12"><span class='ocrx_word' id='word_1_237' title='bbox 67 2066 184 2100; x_wconf 87' lang='lat' dir='ltr'>poena</span> <span class='ocrx_word' id='word_1_238' title='bbox 215 2053 425 2098; x_wconf 87' lang='lat' dir='ltr'>puniuntur.</span> <span class='ocrx_word' id='word_1_239' title='bbox 495 2052 582 2085; x_wconf 89' lang='grc'><strong>110111</strong></span> <span class='ocrx_word' id='word_1_240' title='bbox 618 2050 762 2097; x_wconf 74' lang='lat' dir='ltr'>(Mauh.</span> <span class='ocrx_word' id='word_1_241' title='bbox 785 2053 842 2091; x_wconf 81' lang='lat'>18,</span> <span class='ocrx_word' id='word_1_242' title='bbox 869 2053 936 2098; x_wconf 85' lang='lat'>7.):</span> <span class='ocrx_word' id='word_1_243' title='bbox 976 2052 1051 2085; x_wconf 77' lang='lat' dir='ltr'>Vae</span> 
     </span>
     <span class='ocr_line' id='line_1_38' title="bbox 66 2103 1052 2152; baseline -0.003 -12"><span class='ocrx_word' id='word_1_244' title='bbox 66 2105 204 2140; x_wconf 84' lang='lat' dir='ltr'>homini</span> <span class='ocrx_word' id='word_1_245' title='bbox 216 2135 224 2149; x_wconf 85' lang='lat'>‚</span> <span class='ocrx_word' id='word_1_246' title='bbox 242 2117 305 2150; x_wconf 89' lang='lat' dir='ltr'>per</span> <span class='ocrx_word' id='word_1_247' title='bbox 321 2118 426 2152; x_wconf 88' lang='lat' dir='ltr'>quem</span> <span class='ocrx_word' id='word_1_248' title='bbox 441 2104 538 2137; x_wconf 64' lang='lat' dir='ltr'>venit</span> <span class='ocrx_word' id='word_1_249' title='bbox 554 2104 771 2137; x_wconf 86' lang='lat' dir='ltr'>scandalum.</span> <span class='ocrx_word' id='word_1_250' title='bbox 824 2103 871 2136; x_wconf 82' lang='lat' dir='ltr'>Et</span> <span class='ocrx_word' id='word_1_251' title='bbox 890 2104 1052 2137; x_wconf 86' lang='lat' dir='ltr'>nomina-</span> 
     </span>
     <span class='ocr_line' id='line_1_39' title="bbox 66 2155 1051 2203; baseline -0.004 -12"><span class='ocrx_word' id='word_1_252' title='bbox 66 2158 130 2191; x_wconf 87' lang='lat' dir='ltr'>tim</span> <span class='ocrx_word' id='word_1_253' title='bbox 148 2158 325 2203; x_wconf 82' lang='lat' dir='ltr'>principes</span> <span class='ocrx_word' id='word_1_254' title='bbox 342 2156 534 2202; x_wconf 83' lang='lat' dir='ltr'>alloquitur</span> <span class='ocrx_word' id='word_1_255' title='bbox 543 2155 703 2188; x_wconf 87' lang='lat' dir='ltr'>Psalmus</span> <span class='ocrx_word' id='word_1_256' title='bbox 718 2155 874 2200; x_wconf 72' lang='lat'>(2‚10.):</span> <span class='ocrx_word' id='word_1_257' title='bbox 895 2155 941 2188; x_wconf 80' lang='lat' dir='ltr'>Et</span> <span class='ocrx_word' id='word_1_258' title='bbox 958 2168 1051 2188; x_wconf 89' lang='lat' dir='ltr'>nunc</span> 
     </span>
     <span class='ocr_line' id='line_1_40' title="bbox 66 2206 1051 2254; baseline -0.009 -12"><span class='ocrx_word' id='word_1_259' title='bbox 66 2222 165 2254; x_wconf 82' lang='lat' dir='ltr'>reges</span> <span class='ocrx_word' id='word_1_260' title='bbox 191 2209 385 2252; x_wconf 81' lang='lat' dir='ltr'>intelligite.</span> <span class='ocrx_word' id='word_1_261' title='bbox 445 2207 532 2240; x_wconf 88' lang='lat' dir='ltr'>ltem</span> <span class='ocrx_word' id='word_1_262' title='bbox 560 2207 708 2253; x_wconf 86' lang='lat' dir='ltr'>(Psalm.</span> <span class='ocrx_word' id='word_1_263' title='bbox 724 2206 785 2245; x_wconf 74' lang='lat'>24,</span> <span class='ocrx_word' id='word_1_264' title='bbox 802 2207 836 2240; x_wconf 87' lang='lat'>7.</span> <span class='ocrx_word' id='word_1_265' title='bbox 852 2206 922 2252; x_wconf 83' lang='lat'>9.);</span> <span class='ocrx_word' id='word_1_266' title='bbox 959 2207 1051 2251; x_wconf 73' lang='lat' dir='ltr'>Ape-</span> 
     </span>
     <span class='ocr_line' id='line_1_41' title="bbox 68 2259 1050 2306; baseline -0.002 -12"><span class='ocrx_word' id='word_1_267' title='bbox 68 2262 134 2294; x_wconf 88' lang='lat' dir='ltr'>rite</span> <span class='ocrx_word' id='word_1_268' title='bbox 151 2269 291 2306; x_wconf 90' lang='lat' dir='ltr'>portas,</span> <span class='ocrx_word' id='word_1_269' title='bbox 313 2259 508 2305; x_wconf 82' lang='lat' dir='ltr'>principes,</span> <span class='ocrx_word' id='word_1_270' title='bbox 533 2265 686 2298; x_wconf 58' lang='lat' dir='ltr'>xostras,</span> <span class='ocrx_word' id='word_1_271' title='bbox 722 2265 752 2291; x_wconf 90' lang='lat' dir='ltr'>et</span> <span class='ocrx_word' id='word_1_272' title='bbox 777 2260 945 2302; x_wconf 79' lang='lat' dir='ltr'>patefiant</span> <span class='ocrx_word' id='word_1_273' title='bbox 968 2272 1050 2302; x_wconf 88' lang='lat' dir='ltr'>por-</span> 
     </span>
     <span class='ocr_line' id='line_1_42' title="bbox 67 2309 1050 2355; baseline -0.003 -9"><span class='ocrx_word' id='word_1_274' title='bbox 67 2319 123 2346; x_wconf 85' lang='lat' dir='ltr'>tae</span> <span class='ocrx_word' id='word_1_275' title='bbox 140 2313 274 2347; x_wconf 89' lang='lat' dir='ltr'>mundi.</span> <span class='ocrx_word' id='word_1_276' title='bbox 326 2312 372 2346; x_wconf 84' lang='lat' dir='ltr'>Et</span> <span class='ocrx_word' id='word_1_277' title='bbox 385 2311 509 2345; x_wconf 85' lang='lat' dir='ltr'>Esaiae</span> <span class='ocrx_word' id='word_1_278' title='bbox 529 2311 587 2349; x_wconf 87' lang='grc'>10,</span> <span class='ocrx_word' id='word_1_279' title='bbox 608 2309 692 2355; x_wconf 88' lang='grc'><strong>(1.);</strong></span> <span class='ocrx_word' id='word_1_280' title='bbox 722 2309 795 2342; x_wconf 69' lang='lat' dir='ltr'>Vae</span> <span class='ocrx_word' id='word_1_281' title='bbox 814 2310 874 2355; x_wconf 90' lang='lat' dir='ltr'>qui</span> <span class='ocrx_word' id='word_1_282' title='bbox 892 2311 1050 2343; x_wconf 88' lang='lat' dir='ltr'>condunt</span> 
     </span>
     <span class='ocr_line' id='line_1_43' title="bbox 67 2361 1047 2410; baseline -0.003 -13"><span class='ocrx_word' id='word_1_283' title='bbox 67 2364 159 2407; x_wconf 84' lang='lat' dir='ltr'>leges</span> <span class='ocrx_word' id='word_1_284' title='bbox 176 2365 326 2410; x_wconf 86' lang='lat' dir='ltr'>iniquas.</span> <span class='ocrx_word' id='word_1_285' title='bbox 360 2363 403 2397; x_wconf 78' lang='lat' dir='ltr'>Et</span> <span class='ocrx_word' id='word_1_286' title='bbox 416 2361 574 2395; x_wconf 81' lang='lat' dir='ltr'>Micheae</span> <span class='ocrx_word' id='word_1_287' title='bbox 591 2362 625 2400; x_wconf 83' lang='lat'>3,</span> <span class='ocrx_word' id='word_1_288' title='bbox 645 2361 756 2407; x_wconf 76' lang='grc'><strong>(12.);</strong></span> <span class='ocrx_word' id='word_1_289' title='bbox 784 2361 937 2405; x_wconf 83' lang='lat' dir='ltr'>Propter</span> <span class='ocrx_word' id='word_1_290' title='bbox 951 2361 1047 2406; x_wconf 89' lang='lat' dir='ltr'>prin-</span> 
     </span>
     <span class='ocr_line' id='line_1_44' title="bbox 68 2413 1047 2459; baseline -0.002 -11"><span class='ocrx_word' id='word_1_291' title='bbox 68 2415 161 2459; x_wconf 86' lang='lat' dir='ltr'>cipes</span> <span class='ocrx_word' id='word_1_292' title='bbox 179 2423 211 2449; x_wconf 89' lang='lat' dir='ltr'>et</span> <span class='ocrx_word' id='word_1_293' title='bbox 226 2417 423 2449; x_wconf 81' lang='lat' dir='ltr'>sacerdotes</span> <span class='ocrx_word' id='word_1_294' title='bbox 441 2414 530 2447; x_wconf 81' lang='lat' dir='ltr'>Zion</span> <span class='ocrx_word' id='word_1_295' title='bbox 549 2413 650 2458; x_wconf 87' lang='lat' dir='ltr'>quasi</span> <span class='ocrx_word' id='word_1_296' title='bbox 675 2426 758 2455; x_wconf 73' lang='lat' dir='ltr'>ager</span> <span class='ocrx_word' id='word_1_297' title='bbox 781 2413 950 2446; x_wconf 83' lang='lat' dir='ltr'>arabitur.</span> <span class='ocrx_word' id='word_1_298' title='bbox 1002 2413 1047 2446; x_wconf 83' lang='lat' dir='ltr'>Et</span> 
     </span>
     <span class='ocr_line' id='line_1_45' title="bbox 68 2464 1045 2512; baseline -0.004 -12"><span class='ocrx_word' id='word_1_299' title='bbox 68 2467 209 2512; x_wconf 85' lang='lat' dir='ltr'>quidem</span> <span class='ocrx_word' id='word_1_300' title='bbox 232 2467 268 2499; x_wconf 89' lang='lat' dir='ltr'>in</span> <span class='ocrx_word' id='word_1_301' title='bbox 291 2467 382 2500; x_wconf 88' lang='lat' dir='ltr'>dicto</span> <span class='ocrx_word' id='word_1_302' title='bbox 405 2466 530 2500; x_wconf 74' lang='lat' dir='ltr'>Esaiae</span> <span class='ocrx_word' id='word_1_303' title='bbox 549 2465 608 2504; x_wconf 76' lang='lat'>49,</span> <span class='ocrx_word' id='word_1_304' title='bbox 633 2465 726 2510; x_wconf 75' lang='lat'>(23.)</span> <span class='ocrx_word' id='word_1_305' title='bbox 752 2464 856 2497; x_wconf 88' lang='lat' dir='ltr'>etiam</span> <span class='ocrx_word' id='word_1_306' title='bbox 883 2476 965 2497; x_wconf 84' lang='lat' dir='ltr'>cura</span> <span class='ocrx_word' id='word_1_307' title='bbox 994 2465 1045 2497; x_wconf 90' lang='lat' dir='ltr'>so-</span> 
     </span>
     <span class='ocr_line' id='line_1_46' title="bbox 66 2514 1045 2562; baseline -0.002 -11"><span class='ocrx_word' id='word_1_308' title='bbox 66 2520 200 2552; x_wconf 80' lang='lat' dir='ltr'>veudae</span> <span class='ocrx_word' id='word_1_309' title='bbox 222 2518 395 2551; x_wconf 77' lang='lat' dir='ltr'>Ecclesiae</span> <span class='ocrx_word' id='word_1_310' title='bbox 418 2517 576 2562; x_wconf 87' lang='lat' dir='ltr'>imperiis</span> <span class='ocrx_word' id='word_1_311' title='bbox 606 2516 828 2549; x_wconf 82' lang='lat' dir='ltr'>attribuitur:</span> <span class='ocrx_word' id='word_1_312' title='bbox 870 2514 916 2547; x_wconf 85' lang='lat' dir='ltr'>Et</span> <span class='ocrx_word' id='word_1_313' title='bbox 947 2528 1045 2560; x_wconf 85' lang='lat' dir='ltr'>reges</span> 
     </span>
     <span class='ocr_line' id='line_1_47' title="bbox 65 2565 1043 2612; baseline -0.002 -9"><span class='ocrx_word' id='word_1_314' title='bbox 65 2578 168 2605; x_wconf 86' lang='lat' dir='ltr'>erunt</span> <span class='ocrx_word' id='word_1_315' title='bbox 194 2571 386 2603; x_wconf 83' lang='lat' dir='ltr'>nutritores</span> <span class='ocrx_word' id='word_1_316' title='bbox 409 2570 480 2610; x_wconf 85' lang='lat' dir='ltr'>tui,</span> <span class='ocrx_word' id='word_1_317' title='bbox 515 2576 547 2602; x_wconf 90' lang='lat' dir='ltr'>et</span> <span class='ocrx_word' id='word_1_318' title='bbox 571 2568 714 2612; x_wconf 82' lang='lat' dir='ltr'>reginae</span> <span class='ocrx_word' id='word_1_319' title='bbox 739 2567 904 2601; x_wconf 88' lang='lat' dir='ltr'>nutrices.</span> <span class='ocrx_word' id='word_1_320' title='bbox 956 2565 1043 2601; x_wconf 86' lang='lat' dir='ltr'>Item</span> 
     </span>
    </p>
   </div>
   <div class='ocr_carea' id='block_1_6' title="bbox 95 2701 1042 2771">
    <p class='ocr_par' dir='ltr' id='par_1_8' title="bbox 95 2701 1042 2771">
     <span class='ocr_line' id='line_1_48' title="bbox 95 2701 1042 2764; baseline -0.005 -33"><span class='ocrx_word' id='word_1_321' title='bbox 95 2708 144 2735; x_wconf 82' lang='grc'>66)</span> <span class='ocrx_word' id='word_1_322' title='bbox 162 2706 317 2764; x_wconf 50' lang='lat' dir='ltr'>pgqhipeat]</span> <span class='ocrx_word' id='word_1_323' title='bbox 343 2704 383 2730; x_wconf 85' lang='lat' dir='ltr'>sic</span> <span class='ocrx_word' id='word_1_324' title='bbox 399 2704 481 2730; x_wconf 77' lang='lat' dir='ltr'>Editt.</span> <span class='ocrx_word' id='word_1_325' title='bbox 498 2704 588 2735; x_wconf 67' lang='lat'>1552,</span> <span class='ocrx_word' id='word_1_326' title='bbox 617 2704 691 2729; x_wconf 80' lang='lat'>1554.</span> <span class='ocrx_word' id='word_1_327' title='bbox 712 2704 738 2728; x_wconf 81' lang='lat' dir='ltr'>et</span> <span class='ocrx_word' id='word_1_328' title='bbox 758 2703 852 2733; x_wconf 80' lang='lat'>1557.;</span> <span class='ocrx_word' id='word_1_329' title='bbox 882 2701 953 2729; x_wconf 83' lang='lat' dir='ltr'>Edit.</span> <span class='ocrx_word' id='word_1_330' title='bbox 967 2702 1042 2727; x_wconf 80' lang='lat'>1560.</span> 
     </span>
     <span class='ocr_line' id='line_1_49' title="bbox 127 2748 260 2771; baseline 0.015 -7"><span class='ocrx_word' id='word_1_331' title='bbox 127 2748 175 2771; x_wconf 78' lang='lat' dir='ltr'>pro</span> <span class='ocrx_word' id='word_1_332' title='bbox 198 2748 236 2765; x_wconf 78' lang='grc'>110</span> <span class='ocrx_word' id='word_1_333' title='bbox 254 2760 260 2766; x_wconf 93' lang='grc'><em>.</em></span> 
     </span>
    </p>
   </div>
   <div class='ocr_carea' id='block_1_7' title="bbox 622 117 1565 167">
    <p class='ocr_par' dir='ltr' id='par_1_9' title="bbox 622 117 1565 167">
     <span class='ocr_line' id='line_1_50' title="bbox 622 117 1565 167; baseline 0.002 -16"><span class='ocrx_word' id='word_1_334' title='bbox 622 119 664 154; x_wconf 88' lang='lat' dir='ltr'>V.</span> <span class='ocrx_word' id='word_1_335' title='bbox 725 117 1059 165; x_wconf 85' lang='lat' dir='ltr'>QUAESTIONES</span> <span class='ocrx_word' id='word_1_336' title='bbox 1094 119 1311 167; x_wconf 79' lang='lat' dir='ltr'><strong>ALIQUOT</strong></span> <span class='ocrx_word' id='word_1_337' title='bbox 1344 118 1565 155; x_wconf 82' lang='lat' dir='ltr'>ETHICAE.</span> 
     </span>
    </p>
   </div>
   <div class='ocr_carea' id='block_1_8' title="bbox 1126 122 2115 253">
    <p class='ocr_par' dir='ltr' id='par_1_10' title="bbox 1126 122 2115 253">
     <span class='ocr_line' id='line_1_51' title="bbox 2039 122 2112 156; baseline 0 0"><span class='ocrx_word' id='word_1_338' title='bbox 2039 122 2112 156; x_wconf 81' lang='grc'>478</span> 
     </span>
     <span class='ocr_line' id='line_1_52' title="bbox 1126 204 2115 253; baseline -0.001 -12"><span class='ocrx_word' id='word_1_339' title='bbox 1126 208 1274 253; x_wconf 78' lang='lat' dir='ltr'>(Psalm.</span> <span class='ocrx_word' id='word_1_340' title='bbox 1294 209 1377 248; x_wconf 75' lang='grc'><strong>102,</strong></span> <span class='ocrx_word' id='word_1_341' title='bbox 1395 207 1490 253; x_wconf 77' lang='grc'><strong>23.);</strong></span> <span class='ocrx_word' id='word_1_342' title='bbox 1519 204 1820 239; x_wconf 69' lang='lat' dir='ltr'>In&#39;comcniondo</span> <span class='ocrx_word' id='word_1_343' title='bbox 1840 219 1937 251; x_wconf 79' lang='lat' dir='ltr'>reges</span> <span class='ocrx_word' id='word_1_344' title='bbox 1955 214 1986 240; x_wconf 89' lang='lat' dir='ltr'>et</span> <span class='ocrx_word' id='word_1_345' title='bbox 2003 220 2115 252; x_wconf 78' lang='lat' dir='ltr'>popu-</span> 
     </span>
    </p>
   </div>
   <div class='ocr_carea' id='block_1_9' title="bbox 1121 257 1810 301">
    <p class='ocr_par' dir='ltr' id='par_1_11' title="bbox 1121 257 1810 301">
     <span class='ocr_line' id='line_1_53' title="bbox 1121 257 1810 301; baseline -0.001 -10"><span class='ocrx_word' id='word_1_346' title='bbox 1121 261 1174 294; x_wconf 84' lang='lat' dir='ltr'>los</span> <span class='ocrx_word' id='word_1_347' title='bbox 1193 261 1229 293; x_wconf 87' lang='lat' dir='ltr'>in</span> <span class='ocrx_word' id='word_1_348' title='bbox 1249 273 1379 301; x_wconf 81' lang='lat' dir='ltr'>unum,</span> <span class='ocrx_word' id='word_1_349' title='bbox 1408 266 1446 292; x_wconf 92' lang='lat' dir='ltr'>ut</span> <span class='ocrx_word' id='word_1_350' title='bbox 1462 259 1619 293; x_wconf 66' lang='lat' dir='ltr'>serviant</span> <span class='ocrx_word' id='word_1_351' title='bbox 1640 257 1810 291; x_wconf 76' lang='lat' dir='ltr'>Domino,</span> 
     </span>
    </p>
   </div>
   <div class='ocr_carea' id='block_1_10' title="bbox 1319 341 1916 377">
    <p class='ocr_par' dir='ltr' id='par_1_12' title="bbox 1319 341 1916 377">
     <span class='ocr_line' id='line_1_54' title="bbox 1319 341 1916 377; baseline -0.007 1"><span class='ocrx_word' id='word_1_352' title='bbox 1319 343 1560 377; x_wconf 71' lang='lat' dir='ltr'>Ptesutatio</span> <span class='ocrx_word' id='word_1_353' title='bbox 1590 341 1916 375; x_wconf 84' lang='lat' dir='ltr'>obiectionum.</span> 
     </span>
    </p>
   </div>
   <div class='ocr_carea' id='block_1_11' title="bbox 1451 411 1779 455">
    <p class='ocr_par' dir='ltr' id='par_1_13' title="bbox 1451 411 1779 455">
     <span class='ocr_line' id='line_1_55' title="bbox 1451 411 1779 455; baseline -0.006 -9"><span class='ocrx_word' id='word_1_354' title='bbox 1451 411 1478 446; x_wconf 90' lang='grc' dir='ltr'>Ι.</span> <span class='ocrx_word' id='word_1_355' title='bbox 1505 411 1779 455; x_wconf 79' lang='lat' dir='ltr'>Argumentum.</span> 
     </span>
    </p>
   </div>
   <div class='ocr_carea' id='block_1_12' title="bbox 1112 469 2115 1746">
    <p class='ocr_par' dir='ltr' id='par_1_14' title="bbox 1173 469 1769 509">
     <span class='ocr_line' id='line_1_56' title="bbox 1173 469 1769 509; baseline -0.002 -6"><span class='ocrx_word' id='word_1_356' title='bbox 1173 469 1297 503; x_wconf 77' lang='lat' dir='ltr'>Officia</span> <span class='ocrx_word' id='word_1_357' title='bbox 1315 482 1389 503; x_wconf 88' lang='lat' dir='ltr'>non</span> <span class='ocrx_word' id='word_1_358' title='bbox 1405 478 1486 505; x_wconf 87' lang='lat' dir='ltr'>sunt</span> <span class='ocrx_word' id='word_1_359' title='bbox 1504 471 1769 509; x_wconf 80' lang='lat' dir='ltr'>confundenda,</span> 
     </span>
    </p>

    <p class='ocr_par' dir='ltr' id='par_1_15' title="bbox 1171 521 1787 566">
     <span class='ocr_line' id='line_1_57' title="bbox 1171 521 1787 566; baseline -0.002 -11"><span class='ocrx_word' id='word_1_360' title='bbox 1171 521 1400 565; x_wconf 84' lang='lat' dir='ltr'>Magistratus</span> <span class='ocrx_word' id='word_1_361' title='bbox 1417 530 1467 556; x_wconf 84' lang='lat' dir='ltr'>est</span> <span class='ocrx_word' id='word_1_362' title='bbox 1482 530 1597 557; x_wconf 87' lang='lat' dir='ltr'>custos</span> <span class='ocrx_word' id='word_1_363' title='bbox 1615 521 1787 566; x_wconf 82' lang='lat' dir='ltr'>corporis,</span> 
     </span>
    </p>

    <p class='ocr_par' dir='ltr' id='par_1_16' title="bbox 1171 570 2115 659">
     <span class='ocr_line' id='line_1_58' title="bbox 1171 570 2115 619; baseline -0.005 -12"><span class='ocrx_word' id='word_1_364' title='bbox 1171 573 1266 616; x_wconf 77' lang='lat' dir='ltr'>Ergo</span> <span class='ocrx_word' id='word_1_365' title='bbox 1297 586 1372 606; x_wconf 89' lang='lat' dir='ltr'>non</span> <span class='ocrx_word' id='word_1_366' title='bbox 1403 581 1503 619; x_wconf 82' lang='lat' dir='ltr'>regat</span> <span class='ocrx_word' id='word_1_367' title='bbox 1532 573 1674 618; x_wconf 82' lang='lat' dir='ltr'>negotia</span> <span class='ocrx_word' id='word_1_368' title='bbox 1704 571 1918 617; x_wconf 82' lang='lat' dir='ltr'>pertinentia</span> <span class='ocrx_word' id='word_1_369' title='bbox 1957 571 2000 603; x_wconf 85' lang='lat' dir='ltr'>ad</span> <span class='ocrx_word' id='word_1_370' title='bbox 2039 570 2115 603; x_wconf 84' lang='lat' dir='ltr'>ani-</span> 
     </span>
     <span class='ocr_line' id='line_1_59' title="bbox 1221 637 1331 659; baseline 0.018 -2"><span class='ocrx_word' id='word_1_371' title='bbox 1221 637 1331 659; x_wconf 82' lang='lat' dir='ltr'>mam.</span> 
     </span>
    </p>

    <p class='ocr_par' dir='ltr' id='par_1_17' title="bbox 1117 672 2114 1184">
     <span class='ocr_line' id='line_1_60' title="bbox 1222 672 2112 720; baseline -0.001 -12"><span class='ocrx_word' id='word_1_372' title='bbox 1222 675 1436 720; x_wconf 71' lang='lat' dir='ltr'>Responde-0</span> <span class='ocrx_word' id='word_1_373' title='bbox 1464 676 1508 707; x_wconf 89' lang='lat' dir='ltr'>ad</span> <span class='ocrx_word' id='word_1_374' title='bbox 1530 675 1725 708; x_wconf 86' lang='lat' dir='ltr'>minorem:</span> <span class='ocrx_word' id='word_1_375' title='bbox 1754 674 1837 708; x_wconf 72' lang='lat' dir='ltr'>Non</span> <span class='ocrx_word' id='word_1_376' title='bbox 1861 680 1911 707; x_wconf 89' lang='lat' dir='ltr'>est</span> <span class='ocrx_word' id='word_1_377' title='bbox 1935 672 2112 707; x_wconf 74' lang='lat' dir='ltr'>sufficiens</span> 
     </span>
     <span class='ocr_line' id='line_1_61' title="bbox 1121 722 2112 771; baseline -0.002 -12"><span class='ocrx_word' id='word_1_378' title='bbox 1121 727 1291 761; x_wconf 86' lang='lat' dir='ltr'>definitio.</span> <span class='ocrx_word' id='word_1_379' title='bbox 1345 728 1576 771; x_wconf 80' lang='lat' dir='ltr'>Magistratus</span> <span class='ocrx_word' id='word_1_380' title='bbox 1596 733 1647 760; x_wconf 89' lang='lat' dir='ltr'>est</span> <span class='ocrx_word' id='word_1_381' title='bbox 1664 733 1779 760; x_wconf 85' lang='lat' dir='ltr'>custos</span> <span class='ocrx_word' id='word_1_382' title='bbox 1795 722 2016 770; x_wconf 70' lang='lat' dir='ltr'>corporum,</span> <span class='ocrx_word' id='word_1_383' title='bbox 2051 726 2112 757; x_wconf 88' lang='lat' dir='ltr'>sed</span> 
     </span>
     <span class='ocr_line' id='line_1_62' title="bbox 1120 776 2112 824; baseline -0.002 -13"><span class='ocrx_word' id='word_1_384' title='bbox 1120 779 1218 823; x_wconf 85' lang='lat' dir='ltr'>prius</span> <span class='ocrx_word' id='word_1_385' title='bbox 1236 785 1270 811; x_wconf 93' lang='lat' dir='ltr'>et</span> <span class='ocrx_word' id='word_1_386' title='bbox 1286 779 1531 824; x_wconf 86' lang='lat' dir='ltr'>principaliter</span> <span class='ocrx_word' id='word_1_387' title='bbox 1548 779 1700 811; x_wconf 87' lang='lat' dir='ltr'>sciamus</span> <span class='ocrx_word' id='word_1_388' title='bbox 1726 789 1797 811; x_wconf 87' lang='lat' dir='ltr'>esse</span> <span class='ocrx_word' id='word_1_389' title='bbox 1822 777 2004 810; x_wconf 82' lang='lat' dir='ltr'>custodem</span> <span class='ocrx_word' id='word_1_390' title='bbox 2025 776 2112 819; x_wconf 79' lang='lat' dir='ltr'>legis</span> 
     </span>
     <span class='ocr_line' id='line_1_63' title="bbox 1120 828 2112 875; baseline -0.005 -12"><span class='ocrx_word' id='word_1_391' title='bbox 1120 837 1153 863; x_wconf 92' lang='lat' dir='ltr'>et</span> <span class='ocrx_word' id='word_1_392' title='bbox 1170 830 1390 875; x_wconf 89' lang='lat' dir='ltr'>disciplinae.</span> <span class='ocrx_word' id='word_1_393' title='bbox 1443 830 1518 863; x_wconf 88' lang='grc'><strong>11110</strong></span> <span class='ocrx_word' id='word_1_394' title='bbox 1538 830 1771 874; x_wconf 86' lang='lat' dir='ltr'>praecipuum</span> <span class='ocrx_word' id='word_1_395' title='bbox 1796 841 1884 873; x_wconf 88' lang='lat' dir='ltr'>opus</span> <span class='ocrx_word' id='word_1_396' title='bbox 1911 840 1982 861; x_wconf 86' lang='lat' dir='ltr'>esse</span> <span class='ocrx_word' id='word_1_397' title='bbox 2008 828 2112 859; x_wconf 88' lang='lat' dir='ltr'>‹lebe-</span> 
     </span>
     <span class='ocr_line' id='line_1_64' title="bbox 1118 879 2109 927; baseline -0.003 -13"><span class='ocrx_word' id='word_1_398' title='bbox 1118 883 1180 915; x_wconf 90' lang='lat' dir='ltr'>bat</span> <span class='ocrx_word' id='word_1_399' title='bbox 1196 883 1357 916; x_wconf 89' lang='lat' dir='ltr'>omnium</span> <span class='ocrx_word' id='word_1_400' title='bbox 1375 888 1612 927; x_wconf 88' lang='lat' dir='ltr'>potestatum,</span> <span class='ocrx_word' id='word_1_401' title='bbox 1644 880 1811 914; x_wconf 88' lang='lat' dir='ltr'>notitiam</span> <span class='ocrx_word' id='word_1_402' title='bbox 1829 879 1897 912; x_wconf 88' lang='lat' dir='ltr'>Dei</span> <span class='ocrx_word' id='word_1_403' title='bbox 1919 879 1956 911; x_wconf 90' lang='lat' dir='ltr'>in</span> <span class='ocrx_word' id='word_1_404' title='bbox 1981 890 2109 922; x_wconf 79' lang='lat' dir='ltr'>genere.</span> 
     </span>
     <span class='ocr_line' id='line_1_65' title="bbox 1119 929 2111 979; baseline -0.004 -13"><span class='ocrx_word' id='word_1_405' title='bbox 1119 932 1278 967; x_wconf 84' lang='lat' dir='ltr'>humano</span> <span class='ocrx_word' id='word_1_406' title='bbox 1303 946 1503 979; x_wconf 81' lang='lat' dir='ltr'>propagare</span> <span class='ocrx_word' id='word_1_407' title='bbox 1531 939 1566 965; x_wconf 91' lang='lat' dir='ltr'>et</span> <span class='ocrx_word' id='word_1_408' title='bbox 1590 944 1812 966; x_wconf 84' lang='lat' dir='ltr'>conservare.</span> <span class='ocrx_word' id='word_1_409' title='bbox 1879 929 1961 963; x_wconf 88' lang='lat' dir='ltr'>Ideo</span> <span class='ocrx_word' id='word_1_410' title='bbox 1993 929 2111 974; x_wconf 83' lang='lat' dir='ltr'>inquit</span> 
     </span>
     <span class='ocr_line' id='line_1_66' title="bbox 1118 981 2114 1032; baseline -0.007 -14"><span class='ocrx_word' id='word_1_411' title='bbox 1118 986 1280 1019; x_wconf 89' lang='lat' dir='ltr'>Psalmus</span> <span class='ocrx_word' id='word_1_412' title='bbox 1299 987 1375 1032; x_wconf 75' lang='grc'><strong>(82,</strong></span> <span class='ocrx_word' id='word_1_413' title='bbox 1393 985 1462 1032; x_wconf 81' lang='grc'>6.);</span> <span class='ocrx_word' id='word_1_414' title='bbox 1490 985 1566 1028; x_wconf 87' lang='lat' dir='ltr'>Ego</span> <span class='ocrx_word' id='word_1_415' title='bbox 1585 983 1673 1017; x_wconf 79' lang='lat' dir='ltr'>dixi:</span> <span class='ocrx_word' id='word_1_416' title='bbox 1702 983 1762 1016; x_wconf 89' lang='lat' dir='ltr'>Dii</span> <span class='ocrx_word' id='word_1_417' title='bbox 1780 981 1880 1022; x_wconf 89' lang='lat' dir='ltr'>estis,</span> <span class='ocrx_word' id='word_1_418' title='bbox 1908 982 1943 1014; x_wconf 88' lang='lat' dir='ltr'>id</span> <span class='ocrx_word' id='word_1_419' title='bbox 1963 987 2032 1020; x_wconf 88' lang='lat' dir='ltr'>est,</span> <span class='ocrx_word' id='word_1_420' title='bbox 2061 982 2114 1012; x_wconf 77' lang='lat' dir='ltr'>os-</span> 
     </span>
     <span class='ocr_line' id='line_1_67' title="bbox 1118 1033 2112 1081; baseline -0.006 -12"><span class='ocrx_word' id='word_1_421' title='bbox 1118 1037 1235 1070; x_wconf 84' lang='lat' dir='ltr'>ficium</span> <span class='ocrx_word' id='word_1_422' title='bbox 1258 1038 1418 1071; x_wconf 69' lang='lat' dir='ltr'>divinum</span> <span class='ocrx_word' id='word_1_423' title='bbox 1446 1042 1625 1081; x_wconf 83' lang='lat' dir='ltr'>gerentes,</span> <span class='ocrx_word' id='word_1_424' title='bbox 1655 1041 1688 1067; x_wconf 91' lang='lat' dir='ltr'>et</span> <span class='ocrx_word' id='word_1_425' title='bbox 1712 1036 1807 1067; x_wconf 85' lang='lat' dir='ltr'>bona</span> <span class='ocrx_word' id='word_1_426' title='bbox 1832 1033 1953 1065; x_wconf 82' lang='lat' dir='ltr'>divina</span> <span class='ocrx_word' id='word_1_427' title='bbox 1980 1033 2112 1075; x_wconf 87' lang='lat' dir='ltr'>imper-</span> 
     </span>
     <span class='ocr_line' id='line_1_68' title="bbox 1117 1084 2109 1130; baseline -0.006 -9"><span class='ocrx_word' id='word_1_428' title='bbox 1117 1088 1243 1122; x_wconf 85' lang='lat' dir='ltr'>tientes</span> <span class='ocrx_word' id='word_1_429' title='bbox 1266 1086 1492 1128; x_wconf 85' lang='lat' dir='ltr'>hominibus,</span> <span class='ocrx_word' id='word_1_430' title='bbox 1525 1087 1655 1122; x_wconf 83' lang='lat' dir='ltr'>scilicet</span> <span class='ocrx_word' id='word_1_431' title='bbox 1678 1087 1790 1130; x_wconf 87' lang='lat' dir='ltr'>legem</span> <span class='ocrx_word' id='word_1_432' title='bbox 1818 1084 1906 1125; x_wconf 84' lang='lat' dir='ltr'>Dei,</span> <span class='ocrx_word' id='word_1_433' title='bbox 1939 1084 2109 1117; x_wconf 87' lang='lat' dir='ltr'>iustitiam</span> 
     </span>
     <span class='ocr_line' id='line_1_69' title="bbox 1118 1146 1308 1184; baseline 0.005 -11"><span class='ocrx_word' id='word_1_434' title='bbox 1118 1146 1151 1173; x_wconf 85' lang='lat' dir='ltr'>et</span> <span class='ocrx_word' id='word_1_435' title='bbox 1172 1152 1308 1184; x_wconf 85' lang='lat' dir='ltr'>pacem.</span> 
     </span>
    </p>

    <p class='ocr_par' dir='ltr' id='par_1_18' title="bbox 1112 1185 2111 1746">
     <span class='ocr_line' id='line_1_70' title="bbox 1220 1185 2111 1232; baseline -0.008 -9"><span class='ocrx_word' id='word_1_436' title='bbox 1220 1190 1266 1224; x_wconf 83' lang='lat' dir='ltr'>Et</span> <span class='ocrx_word' id='word_1_437' title='bbox 1298 1189 1504 1223; x_wconf 90' lang='lat' dir='ltr'>damnanda</span> <span class='ocrx_word' id='word_1_438' title='bbox 1540 1195 1591 1222; x_wconf 88' lang='lat' dir='ltr'>est</span> <span class='ocrx_word' id='word_1_439' title='bbox 1626 1187 1857 1232; x_wconf 82' lang='lat' dir='ltr'>imaginatio,</span> <span class='ocrx_word' id='word_1_440' title='bbox 1894 1198 1984 1231; x_wconf 86' lang='lat' dir='ltr'>quae</span> <span class='ocrx_word' id='word_1_441' title='bbox 2010 1185 2111 1227; x_wconf 79' lang='lat' dir='ltr'>lingit</span> 
     </span>
     <span class='ocr_line' id='line_1_71' title="bbox 1117 1239 2109 1284; baseline -0.006 -11"><span class='ocrx_word' id='word_1_442' title='bbox 1117 1241 1364 1284; x_wconf 83' lang='lat' dir='ltr'>magistratum</span> <span class='ocrx_word' id='word_1_443' title='bbox 1383 1241 1534 1273; x_wconf 85' lang='lat' dir='ltr'>similem</span> <span class='ocrx_word' id='word_1_444' title='bbox 1556 1252 1627 1273; x_wconf 91' lang='lat' dir='ltr'>esse</span> <span class='ocrx_word' id='word_1_445' title='bbox 1646 1239 1883 1278; x_wconf 86' lang='lat' dir='ltr'>armentario,</span> <span class='ocrx_word' id='word_1_446' title='bbox 1911 1244 1943 1270; x_wconf 91' lang='lat' dir='ltr'>et</span> <span class='ocrx_word' id='word_1_447' title='bbox 1969 1242 2109 1269; x_wconf 85' lang='lat' dir='ltr'>tantum</span> 
     </span>
     <span class='ocr_line' id='line_1_72' title="bbox 1117 1288 2109 1336; baseline -0.003 -11"><span class='ocrx_word' id='word_1_448' title='bbox 1117 1304 1288 1336; x_wconf 83' lang='lat' dir='ltr'>corpora,</span> <span class='ocrx_word' id='word_1_449' title='bbox 1329 1303 1404 1323; x_wconf 88' lang='lat' dir='ltr'>non</span> <span class='ocrx_word' id='word_1_450' title='bbox 1430 1291 1550 1335; x_wconf 85' lang='lat' dir='ltr'>potius</span> <span class='ocrx_word' id='word_1_451' title='bbox 1574 1290 1797 1334; x_wconf 82' lang='lat' dir='ltr'>disciplinam</span> <span class='ocrx_word' id='word_1_452' title='bbox 1830 1301 1967 1322; x_wconf 81' lang='lat' dir='ltr'>curare.</span> <span class='ocrx_word' id='word_1_453' title='bbox 2037 1288 2109 1322; x_wconf 58' lang='lat' dir='ltr'>,Noc</span> 
     </span>
     <span class='ocr_line' id='line_1_73' title="bbox 1117 1340 2109 1384; baseline -0.005 -9"><span class='ocrx_word' id='word_1_454' title='bbox 1117 1350 1237 1376; x_wconf 88' lang='lat' dir='ltr'>tamen</span> <span class='ocrx_word' id='word_1_455' title='bbox 1256 1343 1523 1376; x_wconf 77' lang='lat' dir='ltr'>confunduntur</span> <span class='ocrx_word' id='word_1_456' title='bbox 1540 1341 1651 1375; x_wconf 80' lang='lat' dir='ltr'>officia</span> <span class='ocrx_word' id='word_1_457' title='bbox 1665 1368 1673 1381; x_wconf 87' lang='lat'>,</span> <span class='ocrx_word' id='word_1_458' title='bbox 1701 1342 1761 1374; x_wconf 87' lang='lat' dir='ltr'>sed</span> <span class='ocrx_word' id='word_1_459' title='bbox 1782 1340 2007 1384; x_wconf 78' lang='lat' dir='ltr'>magistratus</span> <span class='ocrx_word' id='word_1_460' title='bbox 2034 1345 2109 1371; x_wconf 87' lang='lat' dir='ltr'>tan-</span> 
     </span>
     <span class='ocr_line' id='line_1_74' title="bbox 1116 1389 2108 1435; baseline -0.006 -8"><span class='ocrx_word' id='word_1_461' title='bbox 1116 1401 1190 1427; x_wconf 87' lang='lat' dir='ltr'>tum</span> <span class='ocrx_word' id='word_1_462' title='bbox 1217 1401 1361 1427; x_wconf 84' lang='lat' dir='ltr'>externa</span> <span class='ocrx_word' id='word_1_463' title='bbox 1386 1394 1547 1426; x_wconf 85' lang='lat' dir='ltr'>membra</span> <span class='ocrx_word' id='word_1_464' title='bbox 1570 1391 1733 1425; x_wconf 81' lang='lat' dir='ltr'>cohercet</span> <span class='ocrx_word' id='word_1_465' title='bbox 1756 1392 1790 1424; x_wconf 89' lang='lat' dir='ltr'>in</span> <span class='ocrx_word' id='word_1_466' title='bbox 1817 1390 2007 1435; x_wconf 81' lang='lat' dir='ltr'>corporali.</span> <span class='ocrx_word' id='word_1_467' title='bbox 2068 1389 2108 1421; x_wconf 89' lang='grc'>111</span> 
     </span>
     <span class='ocr_line' id='line_1_75' title="bbox 1116 1441 2107 1479; baseline -0.005 -1"><span class='ocrx_word' id='word_1_468' title='bbox 1116 1446 1281 1479; x_wconf 82' lang='lat' dir='ltr'>cordibus</span> <span class='ocrx_word' id='word_1_469' title='bbox 1299 1457 1384 1478; x_wconf 69' lang='lat' dir='ltr'>vero</span> <span class='ocrx_word' id='word_1_470' title='bbox 1402 1442 1591 1477; x_wconf 80' lang='lat' dir='ltr'>inchoatur</span> <span class='ocrx_word' id='word_1_471' title='bbox 1609 1448 1751 1476; x_wconf 53' lang='lat' dir='ltr'>fleterna</span> <span class='ocrx_word' id='word_1_472' title='bbox 1771 1443 1903 1476; x_wconf 81' lang='lat' dir='ltr'>iustitia</span> <span class='ocrx_word' id='word_1_473' title='bbox 1930 1448 1963 1474; x_wconf 88' lang='lat' dir='ltr'>et</span> <span class='ocrx_word' id='word_1_474' title='bbox 1991 1441 2061 1473; x_wconf 63' lang='lat' dir='ltr'>xita</span> <span class='ocrx_word' id='word_1_475' title='bbox 2087 1453 2107 1473; x_wconf 82' lang='lat' dir='ltr'>a</span> 
     </span>
     <span class='ocr_line' id='line_1_76' title="bbox 1115 1492 2108 1541; baseline -0.007 -11"><span class='ocrx_word' id='word_1_476' title='bbox 1115 1498 1192 1530; x_wconf 84' lang='lat' dir='ltr'>Deo</span> <span class='ocrx_word' id='word_1_477' title='bbox 1218 1509 1282 1541; x_wconf 88' lang='lat' dir='ltr'>per</span> <span class='ocrx_word' id='word_1_478' title='bbox 1306 1495 1544 1529; x_wconf 85' lang='lat' dir='ltr'>ministerium</span> <span class='ocrx_word' id='word_1_479' title='bbox 1567 1494 1764 1536; x_wconf 71' lang='lat' dir='ltr'>Evangelii.</span> <span class='ocrx_word' id='word_1_480' title='bbox 1819 1494 1919 1526; x_wconf 86' lang='lat' dir='ltr'>Hane</span> <span class='ocrx_word' id='word_1_481' title='bbox 1947 1492 2108 1525; x_wconf 81' lang='lat' dir='ltr'>consola-</span> 
     </span>
     <span class='ocr_line' id='line_1_77' title="bbox 1115 1541 2106 1593; baseline -0.007 -12"><span class='ocrx_word' id='word_1_482' title='bbox 1115 1549 1249 1581; x_wconf 87' lang='lat' dir='ltr'>tionem</span> <span class='ocrx_word' id='word_1_483' title='bbox 1283 1559 1425 1593; x_wconf 88' lang='lat' dir='ltr'>quoque</span> <span class='ocrx_word' id='word_1_484' title='bbox 1460 1553 1579 1579; x_wconf 75' lang='lat' dir='ltr'>tenere</span> <span class='ocrx_word' id='word_1_485' title='bbox 1614 1558 1754 1579; x_wconf 78' lang='lat' dir='ltr'>necesse</span> <span class='ocrx_word' id='word_1_486' title='bbox 1786 1552 1854 1586; x_wconf 87' lang='grc'><strong>051,</strong></span> <span class='ocrx_word' id='word_1_487' title='bbox 1899 1545 1994 1577; x_wconf 72' lang='lat' dir='ltr'>iuxta</span> <span class='ocrx_word' id='word_1_488' title='bbox 2020 1541 2106 1575; x_wconf 81' lang='lat' dir='ltr'>haec</span> 
     </span>
     <span class='ocr_line' id='line_1_78' title="bbox 1114 1595 2105 1645; baseline -0.007 -12"><span class='ocrx_word' id='word_1_489' title='bbox 1114 1601 1205 1634; x_wconf 87' lang='lat' dir='ltr'>dicta</span> <span class='ocrx_word' id='word_1_490' title='bbox 1226 1600 1349 1645; x_wconf 79' lang='lat' dir='ltr'>(Rom.</span> <span class='ocrx_word' id='word_1_491' title='bbox 1370 1601 1402 1637; x_wconf 84' lang='grc'>1,</span> <span class='ocrx_word' id='word_1_492' title='bbox 1423 1599 1515 1643; x_wconf 86' lang='grc'><strong>16,);</strong></span> <span class='ocrx_word' id='word_1_493' title='bbox 1544 1598 1777 1641; x_wconf 57' lang='lat' dir='ltr'>Evangeliun’i</span> <span class='ocrx_word' id='word_1_494' title='bbox 1797 1603 1847 1630; x_wconf 81' lang='lat' dir='ltr'>est</span> <span class='ocrx_word' id='word_1_495' title='bbox 1863 1595 2023 1641; x_wconf 87' lang='lat' dir='ltr'>potentia</span> <span class='ocrx_word' id='word_1_496' title='bbox 2039 1595 2105 1627; x_wconf 86' lang='lat' dir='ltr'>Dei</span> 
     </span>
     <span class='ocr_line' id='line_1_79' title="bbox 1114 1647 2104 1691; baseline -0.007 -7"><span class='ocrx_word' id='word_1_497' title='bbox 1114 1653 1157 1685; x_wconf 84' lang='lat' dir='ltr'>ad</span> <span class='ocrx_word' id='word_1_498' title='bbox 1175 1652 1323 1685; x_wconf 84' lang='lat' dir='ltr'>salutem</span> <span class='ocrx_word' id='word_1_499' title='bbox 1342 1651 1439 1683; x_wconf 82' lang='lat' dir='ltr'>omni</span> <span class='ocrx_word' id='word_1_500' title='bbox 1456 1650 1625 1683; x_wconf 76' lang='lat' dir='ltr'>credenti.</span> <span class='ocrx_word' id='word_1_501' title='bbox 1672 1648 1777 1682; x_wconf 79' lang='lat' dir='ltr'>item:</span> <span class='ocrx_word' id='word_1_502' title='bbox 1803 1647 2035 1691; x_wconf 75' lang='lat' dir='ltr'>Evangelium</span> <span class='ocrx_word' id='word_1_503' title='bbox 2055 1652 2104 1678; x_wconf 72' lang='lat' dir='ltr'>est</span> 
     </span>
     <span class='ocr_line' id='line_1_80' title="bbox 1112 1700 1592 1746; baseline -0.004 -11"><span class='ocrx_word' id='word_1_504' title='bbox 1112 1702 1350 1736; x_wconf 82' lang='lat' dir='ltr'>ministerium</span> <span class='ocrx_word' id='word_1_505' title='bbox 1372 1700 1592 1746; x_wconf 67' lang='lat' dir='ltr'>Spiritusffl).</span> 
     </span>
    </p>
   </div>
   <div class='ocr_carea' id='block_1_13' title="bbox 1436 1776 1778 1821">
    <p class='ocr_par' dir='ltr' id='par_1_19' title="bbox 1436 1776 1778 1821">
     <span class='ocr_line' id='line_1_81' title="bbox 1436 1776 1778 1821; baseline 0 -11"><span class='ocrx_word' id='word_1_506' title='bbox 1436 1776 1478 1811; x_wconf 90' lang='lat' dir='ltr'>ll.</span> <span class='ocrx_word' id='word_1_507' title='bbox 1505 1776 1778 1821; x_wconf 78' lang='lat' dir='ltr'>Argumentum.</span> 
     </span>
    </p>
   </div>
   <div class='ocr_carea' id='block_1_14' title="bbox 1098 1843 2101 2660">
    <p class='ocr_par' dir='ltr' id='par_1_20' title="bbox 1098 1843 2101 2660">
     <span class='ocr_line' id='line_1_82' title="bbox 1160 1843 2101 1890; baseline -0.006 -10"><span class='ocrx_word' id='word_1_508' title='bbox 1160 1848 1243 1882; x_wconf 65' lang='lat' dir='ltr'>Non</span> <span class='ocrx_word' id='word_1_509' title='bbox 1266 1845 1400 1879; x_wconf 84' lang='lat' dir='ltr'>habeus</span> <span class='ocrx_word' id='word_1_510' title='bbox 1428 1852 1639 1890; x_wconf 86' lang='lat' dir='ltr'>potestatem</span> <span class='ocrx_word' id='word_1_511' title='bbox 1672 1843 1854 1878; x_wconf 84' lang='lat' dir='ltr'>iudicandi</span> <span class='ocrx_word' id='word_1_512' title='bbox 1883 1844 1925 1876; x_wconf 88' lang='lat' dir='ltr'>de</span> <span class='ocrx_word' id='word_1_513' title='bbox 1959 1848 2101 1875; x_wconf 89' lang='lat' dir='ltr'>contro-</span> 
     </span>
     <span class='ocr_line' id='line_1_83' title="bbox 1211 1894 2034 1939; baseline -0.005 -8"><span class='ocrx_word' id='word_1_514' title='bbox 1211 1898 1334 1931; x_wconf 65' lang='lat' dir='ltr'>versiis</span> <span class='ocrx_word' id='word_1_515' title='bbox 1350 1899 1578 1939; x_wconf 78' lang='lat' dir='ltr'>dogmatum,</span> <span class='ocrx_word' id='word_1_516' title='bbox 1606 1910 1679 1929; x_wconf 88' lang='lat' dir='ltr'>non</span> <span class='ocrx_word' id='word_1_517' title='bbox 1700 1902 1813 1929; x_wconf 86' lang='lat' dir='ltr'>mutet</span> <span class='ocrx_word' id='word_1_518' title='bbox 1827 1894 2034 1928; x_wconf 80' lang='lat' dir='ltr'>Ecclesiam.</span> 
     </span>
     <span class='ocr_line' id='line_1_84' title="bbox 1157 1949 1923 1994; baseline -0.007 -11"><span class='ocrx_word' id='word_1_519' title='bbox 1157 1950 1342 1994; x_wconf 73' lang='lat' dir='ltr'>Principes</span> <span class='ocrx_word' id='word_1_520' title='bbox 1359 1961 1431 1981; x_wconf 81' lang='lat' dir='ltr'>uon</span> <span class='ocrx_word' id='word_1_521' title='bbox 1449 1955 1531 1982; x_wconf 87' lang='lat' dir='ltr'>sunt</span> <span class='ocrx_word' id='word_1_522' title='bbox 1547 1949 1679 1981; x_wconf 86' lang='lat' dir='ltr'>iudices</span> <span class='ocrx_word' id='word_1_523' title='bbox 1698 1949 1923 1990; x_wconf 78' lang='lat' dir='ltr'>dogmatum:</span> 
     </span>
     <span class='ocr_line' id='line_1_85' title="bbox 1157 1998 1938 2046; baseline -0.006 -12"><span class='ocrx_word' id='word_1_524' title='bbox 1157 2001 1268 2046; x_wconf 74' lang='lat' dir='ltr'>Igitur</span> <span class='ocrx_word' id='word_1_525' title='bbox 1286 2001 1464 2045; x_wconf 78' lang='lat' dir='ltr'>principes</span> <span class='ocrx_word' id='word_1_526' title='bbox 1482 2012 1555 2032; x_wconf 91' lang='lat' dir='ltr'>non</span> <span class='ocrx_word' id='word_1_527' title='bbox 1574 2006 1711 2032; x_wconf 82' lang='lat' dir='ltr'>mutent</span> <span class='ocrx_word' id='word_1_528' title='bbox 1731 1998 1938 2031; x_wconf 79' lang='lat' dir='ltr'>Ecclesiam.</span> 
     </span>
     <span class='ocr_line' id='line_1_86' title="bbox 1208 2046 2096 2096; baseline -0.008 -11"><span class='ocrx_word' id='word_1_529' title='bbox 1208 2053 1421 2096; x_wconf 77' lang='lat' dir='ltr'>Respondeo</span> <span class='ocrx_word' id='word_1_530' title='bbox 1453 2053 1498 2084; x_wconf 82' lang='lat' dir='ltr'>ad</span> <span class='ocrx_word' id='word_1_531' title='bbox 1528 2051 1722 2083; x_wconf 85' lang='lat' dir='ltr'>minorem:</span> <span class='ocrx_word' id='word_1_532' title='bbox 1773 2051 1872 2093; x_wconf 73' lang='lat' dir='ltr'>Nego</span> <span class='ocrx_word' id='word_1_533' title='bbox 1906 2046 2096 2086; x_wconf 84' lang='lat' dir='ltr'>minorem,</span> 
     </span>
     <span class='ocr_line' id='line_1_87' title="bbox 1106 2098 2098 2151; baseline -0.009 -13"><span class='ocrx_word' id='word_1_534' title='bbox 1106 2105 1189 2151; x_wconf 87' lang='lat' dir='ltr'>quia</span> <span class='ocrx_word' id='word_1_535' title='bbox 1206 2104 1449 2149; x_wconf 87' lang='lat' dir='ltr'>unusquilibet</span> <span class='ocrx_word' id='word_1_536' title='bbox 1464 2116 1527 2136; x_wconf 89' lang='lat' dir='ltr'>suo</span> <span class='ocrx_word' id='word_1_537' title='bbox 1552 2103 1630 2135; x_wconf 86' lang='lat' dir='ltr'>loco</span> <span class='ocrx_word' id='word_1_538' title='bbox 1656 2103 1759 2135; x_wconf 86' lang='lat' dir='ltr'>debet</span> <span class='ocrx_word' id='word_1_539' title='bbox 1785 2103 1886 2134; x_wconf 87' lang='lat' dir='ltr'>edere</span> <span class='ocrx_word' id='word_1_540' title='bbox 1910 2098 2098 2133; x_wconf 82' lang='lat' dir='ltr'>consessio-</span> 
     </span>
     <span class='ocr_line' id='line_1_88' title="bbox 1105 2149 2094 2199; baseline -0.008 -10"><span class='ocrx_word' id='word_1_541' title='bbox 1105 2170 1184 2189; x_wconf 77' lang='lat' dir='ltr'>nem</span> <span class='ocrx_word' id='word_1_542' title='bbox 1203 2168 1303 2189; x_wconf 87' lang='lat' dir='ltr'>suam</span> <span class='ocrx_word' id='word_1_543' title='bbox 1322 2157 1363 2188; x_wconf 90' lang='lat' dir='ltr'>de</span> <span class='ocrx_word' id='word_1_544' title='bbox 1379 2167 1417 2188; x_wconf 90' lang='lat' dir='ltr'>ea</span> <span class='ocrx_word' id='word_1_545' title='bbox 1435 2154 1628 2193; x_wconf 83' lang='lat' dir='ltr'>sententia,</span> <span class='ocrx_word' id='word_1_546' title='bbox 1664 2155 1706 2187; x_wconf 89' lang='lat' dir='ltr'>de</span> <span class='ocrx_word' id='word_1_547' title='bbox 1724 2166 1792 2199; x_wconf 92' lang='lat' dir='ltr'>qua</span> <span class='ocrx_word' id='word_1_548' title='bbox 1813 2159 1926 2185; x_wconf 84' lang='lat' dir='ltr'>certus</span> <span class='ocrx_word' id='word_1_549' title='bbox 1944 2157 2005 2184; x_wconf 80' lang='lat' dir='ltr'>est.</span> <span class='ocrx_word' id='word_1_550' title='bbox 2057 2149 2094 2182; x_wconf 79' lang='lat' dir='ltr'>Si</span> 
     </span>
     <span class='ocr_line' id='line_1_89' title="bbox 1105 2202 2089 2252; baseline -0.009 -10"><span class='ocrx_word' id='word_1_551' title='bbox 1105 2215 1155 2242; x_wconf 89' lang='lat' dir='ltr'>est</span> <span class='ocrx_word' id='word_1_552' title='bbox 1187 2214 1330 2252; x_wconf 89' lang='lat' dir='ltr'>pastor,</span> <span class='ocrx_word' id='word_1_553' title='bbox 1367 2213 1460 2239; x_wconf 87' lang='lat' dir='ltr'>recte</span> <span class='ocrx_word' id='word_1_554' title='bbox 1490 2207 1616 2239; x_wconf 87' lang='lat' dir='ltr'>doceat</span> <span class='ocrx_word' id='word_1_555' title='bbox 1645 2206 1724 2238; x_wconf 89' lang='lat' dir='ltr'>loco</span> <span class='ocrx_word' id='word_1_556' title='bbox 1757 2203 1920 2248; x_wconf 88' lang='lat' dir='ltr'>pastoris.</span> <span class='ocrx_word' id='word_1_557' title='bbox 1979 2202 2014 2234; x_wconf 72' lang='lat'>:51</span> <span class='ocrx_word' id='word_1_558' title='bbox 2042 2207 2089 2233; x_wconf 73' lang='lat' dir='ltr'>est</span> 
     </span>
     <span class='ocr_line' id='line_1_90' title="bbox 1104 2255 2090 2304; baseline -0.009 -12"><span class='ocrx_word' id='word_1_559' title='bbox 1104 2260 1287 2304; x_wconf 88' lang='lat' dir='ltr'>princeps,</span> <span class='ocrx_word' id='word_1_560' title='bbox 1315 2270 1389 2291; x_wconf 88' lang='grc'><strong>11011</strong></span> <span class='ocrx_word' id='word_1_561' title='bbox 1404 2257 1562 2301; x_wconf 88' lang='lat' dir='ltr'>patiatur</span> <span class='ocrx_word' id='word_1_562' title='bbox 1577 2257 1664 2290; x_wconf 90' lang='lat' dir='ltr'>salsa</span> <span class='ocrx_word' id='word_1_563' title='bbox 1690 2256 1810 2288; x_wconf 88' lang='lat' dir='ltr'>doceri</span> <span class='ocrx_word' id='word_1_564' title='bbox 1835 2255 1946 2287; x_wconf 83' lang='lat' dir='ltr'>sciens</span> <span class='ocrx_word' id='word_1_565' title='bbox 1972 2259 2004 2285; x_wconf 86' lang='lat' dir='ltr'>et</span> <span class='ocrx_word' id='word_1_566' title='bbox 2029 2265 2090 2283; x_wconf 67' lang='lat' dir='ltr'>xo-</span> 
     </span>
     <span class='ocr_line' id='line_1_91' title="bbox 1102 2307 2086 2355; baseline -0.009 -11"><span class='ocrx_word' id='word_1_567' title='bbox 1102 2313 1194 2347; x_wconf 75' lang='lat' dir='ltr'>lens,</span> <span class='ocrx_word' id='word_1_568' title='bbox 1239 2309 1322 2355; x_wconf 87' lang='lat' dir='ltr'>quia</span> <span class='ocrx_word' id='word_1_569' title='bbox 1354 2309 1485 2341; x_wconf 86' lang='lat' dir='ltr'>faciens</span> <span class='ocrx_word' id='word_1_570' title='bbox 1512 2315 1545 2341; x_wconf 89' lang='lat' dir='ltr'>et</span> <span class='ocrx_word' id='word_1_571' title='bbox 1569 2308 1792 2341; x_wconf 86' lang='lat' dir='ltr'>consentiens</span> <span class='ocrx_word' id='word_1_572' title='bbox 1824 2307 1946 2338; x_wconf 88' lang='lat' dir='ltr'>eadem</span> <span class='ocrx_word' id='word_1_573' title='bbox 1973 2316 2086 2347; x_wconf 86' lang='lat' dir='ltr'>poena</span> 
     </span>
     <span class='ocr_line' id='line_1_92' title="bbox 1102 2358 2086 2406; baseline -0.008 -12"><span class='ocrx_word' id='word_1_574' title='bbox 1102 2362 1199 2406; x_wconf 82' lang='lat' dir='ltr'>digni</span> <span class='ocrx_word' id='word_1_575' title='bbox 1225 2366 1318 2394; x_wconf 85' lang='grc'><strong>511111.</strong></span> <span class='ocrx_word' id='word_1_576' title='bbox 1376 2359 1422 2392; x_wconf 83' lang='lat' dir='ltr'>Et</span> <span class='ocrx_word' id='word_1_577' title='bbox 1446 2372 1525 2392; x_wconf 89' lang='lat' dir='ltr'>cum</span> <span class='ocrx_word' id='word_1_578' title='bbox 1551 2358 1763 2392; x_wconf 89' lang='lat' dir='ltr'>conscientia</span> <span class='ocrx_word' id='word_1_579' title='bbox 1790 2363 1883 2389; x_wconf 77' lang='lat' dir='ltr'>certa</span> <span class='ocrx_word' id='word_1_580' title='bbox 1909 2362 1977 2395; x_wconf 78' lang='lat' dir='ltr'>est,</span> <span class='ocrx_word' id='word_1_581' title='bbox 2014 2367 2086 2387; x_wconf 90' lang='lat' dir='ltr'>non</span> 
     </span>
     <span class='ocr_line' id='line_1_93' title="bbox 1100 2406 2086 2456; baseline -0.011 -8"><span class='ocrx_word' id='word_1_582' title='bbox 1100 2419 1182 2448; x_wconf 88' lang='lat' dir='ltr'>sunt</span> <span class='ocrx_word' id='word_1_583' title='bbox 1199 2411 1415 2456; x_wconf 80' lang='lat' dir='ltr'>expectanda</span> <span class='ocrx_word' id='word_1_584' title='bbox 1435 2411 1504 2442; x_wconf 84' lang='lat' dir='ltr'>alia</span> <span class='ocrx_word' id='word_1_585' title='bbox 1532 2410 1682 2449; x_wconf 86' lang='lat' dir='ltr'>iudicia,</span> <span class='ocrx_word' id='word_1_586' title='bbox 1718 2408 1798 2454; x_wconf 83' lang='lat' dir='ltr'>quia</span> <span class='ocrx_word' id='word_1_587' title='bbox 1824 2407 1996 2441; x_wconf 85' lang='lat' dir='ltr'>sententia</span> <span class='ocrx_word' id='word_1_588' title='bbox 2023 2406 2086 2438; x_wconf 80' lang='lat' dir='ltr'>im-</span> 
     </span>
     <span class='ocr_line' id='line_1_94' title="bbox 1099 2457 2086 2508; baseline -0.009 -10"><span class='ocrx_word' id='word_1_589' title='bbox 1099 2471 1195 2498; x_wconf 83' lang='lat' dir='ltr'>mota</span> <span class='ocrx_word' id='word_1_590' title='bbox 1215 2470 1265 2497; x_wconf 89' lang='lat' dir='ltr'>est</span> <span class='ocrx_word' id='word_1_591' title='bbox 1289 2461 1417 2508; x_wconf 83' lang='lat' dir='ltr'>(Exod.</span> <span class='ocrx_word' id='word_1_592' title='bbox 1435 2463 1496 2501; x_wconf 72' lang='lat'>20,</span> <span class='ocrx_word' id='word_1_593' title='bbox 1515 2461 1583 2507; x_wconf 85' lang='lat'>3.):</span> <span class='ocrx_word' id='word_1_594' title='bbox 1617 2462 1699 2495; x_wconf 54' lang='lat' dir='ltr'>Non</span> <span class='ocrx_word' id='word_1_595' title='bbox 1724 2458 1869 2493; x_wconf 82' lang='lat' dir='ltr'>habebis</span> <span class='ocrx_word' id='word_1_596' title='bbox 1885 2458 1980 2491; x_wconf 87' lang='lat' dir='ltr'>Deos</span> <span class='ocrx_word' id='word_1_597' title='bbox 2003 2457 2086 2490; x_wconf 85' lang='lat' dir='ltr'>alie-</span> 
     </span>
     <span class='ocr_line' id='line_1_95' title="bbox 1098 2508 2082 2558; baseline -0.009 -8"><span class='ocrx_word' id='word_1_598' title='bbox 1098 2530 1175 2550; x_wconf 89' lang='lat' dir='ltr'>nos.</span> <span class='ocrx_word' id='word_1_599' title='bbox 1227 2514 1314 2548; x_wconf 87' lang='lat' dir='ltr'>Item</span> <span class='ocrx_word' id='word_1_600' title='bbox 1333 2513 1383 2558; x_wconf 86' lang='lat'>(1.</span> <span class='ocrx_word' id='word_1_601' title='bbox 1404 2513 1485 2546; x_wconf 90' lang='lat' dir='ltr'>Cor.</span> <span class='ocrx_word' id='word_1_602' title='bbox 1507 2513 1564 2551; x_wconf 84' lang='lat'>10,</span> <span class='ocrx_word' id='word_1_603' title='bbox 1585 2511 1677 2558; x_wconf 80' lang='grc'><strong>14.);</strong></span> <span class='ocrx_word' id='word_1_604' title='bbox 1706 2511 1830 2555; x_wconf 83' lang='lat' dir='ltr'>Fugite</span> <span class='ocrx_word' id='word_1_605' title='bbox 1848 2511 1954 2543; x_wconf 84' lang='lat' dir='ltr'>idola.</span> <span class='ocrx_word' id='word_1_606' title='bbox 1996 2508 2082 2542; x_wconf 84' lang='lat' dir='ltr'>Item</span> 
     </span>
     <span class='ocr_line' id='line_1_96' title="bbox 1098 2560 2081 2613; baseline -0.009 -12"><span class='ocrx_word' id='word_1_607' title='bbox 1098 2567 1194 2613; x_wconf 84' lang='lat' dir='ltr'>(Gal.</span> <span class='ocrx_word' id='word_1_608' title='bbox 1215 2567 1247 2606; x_wconf 85' lang='lat'>1,</span> <span class='ocrx_word' id='word_1_609' title='bbox 1263 2564 1331 2610; x_wconf 84' lang='lat'>8.):</span> <span class='ocrx_word' id='word_1_610' title='bbox 1362 2564 1399 2597; x_wconf 85' lang='lat' dir='ltr'>Si</span> <span class='ocrx_word' id='word_1_611' title='bbox 1425 2563 1502 2609; x_wconf 91' lang='lat' dir='ltr'>quis</span> <span class='ocrx_word' id='word_1_612' title='bbox 1528 2564 1623 2596; x_wconf 87' lang='lat' dir='ltr'>aliud</span> <span class='ocrx_word' id='word_1_613' title='bbox 1649 2562 1885 2606; x_wconf 78' lang='lat' dir='ltr'>Evangelium</span> <span class='ocrx_word' id='word_1_614' title='bbox 1909 2560 2081 2597; x_wconf 73' lang='lat' dir='ltr'>docuerit,</span> 
     </span>
     <span class='ocr_line' id='line_1_97' title="bbox 1456 2612 2084 2660; baseline -0.008 -13"><span class='ocrx_word' id='word_1_615' title='bbox 1456 2613 1543 2647; x_wconf 85' lang='lat' dir='ltr'>Item</span> <span class='ocrx_word' id='word_1_616' title='bbox 1578 2615 1706 2660; x_wconf 80' lang='lat' dir='ltr'>(Marc.</span> <span class='ocrx_word' id='word_1_617' title='bbox 1731 2614 1774 2653; x_wconf 80' lang='lat'>3,</span> <span class='ocrx_word' id='word_1_618' title='bbox 1798 2612 1893 2660; x_wconf 70' lang='lat'>29.):</span> <span class='ocrx_word' id='word_1_619' title='bbox 1935 2612 1972 2645; x_wconf 87' lang='lat' dir='ltr'>Si</span> <span class='ocrx_word' id='word_1_620' title='bbox 2007 2612 2084 2657; x_wconf 81' lang='lat' dir='ltr'>quis</span> 
     </span>
    </p>
   </div>
   <div class='ocr_carea' id='block_1_15' title="bbox 1097 2615 1379 2652">
    <p class='ocr_par' dir='ltr' id='par_1_21' title="bbox 1097 2615 1379 2652">
     <span class='ocr_line' id='line_1_98' title="bbox 1097 2615 1379 2652; baseline -0.011 0"><span class='ocrx_word' id='word_1_621' title='bbox 1097 2617 1287 2652; x_wconf 84' lang='lat' dir='ltr'>anathema</span> <span class='ocrx_word' id='word_1_622' title='bbox 1323 2615 1379 2649; x_wconf 85' lang='lat' dir='ltr'>sit.</span> 
     </span>
    </p>
   </div>
   <div class='ocr_carea' id='block_1_16' title="bbox 1127 2732 1489 2764">
    <p class='ocr_par' dir='ltr' id='par_1_22' title="bbox 1127 2732 1489 2764">
     <span class='ocr_line' id='line_1_99' title="bbox 1127 2732 1489 2764; baseline -0.008 -4"><span class='ocrx_word' id='word_1_623' title='bbox 1127 2735 1176 2764; x_wconf 81' lang='lat'>67)</span> <span class='ocrx_word' id='word_1_624' title='bbox 1196 2733 1275 2759; x_wconf 85' lang='lat' dir='ltr'>Conf.</span> <span class='ocrx_word' id='word_1_625' title='bbox 1295 2733 1321 2760; x_wconf 80' lang='lat'>2.</span> <span class='ocrx_word' id='word_1_626' title='bbox 1337 2732 1401 2759; x_wconf 85' lang='lat' dir='ltr'>Cor.</span> <span class='ocrx_word' id='word_1_627' title='bbox 1414 2732 1441 2763; x_wconf 81' lang='grc'><strong>3,</strong></span> <span class='ocrx_word' id='word_1_628' title='bbox 1462 2732 1489 2757; x_wconf 87' lang='grc'>8.</span> 
     </span>
    </p>
   </div>
  </div>
 </body>
</html>
