2347 3000
233 150 277 184 79
498 146 698 182 SCRIPTA
724 147 798 181 Pil.
825 146 935 181 MEL.
963 146 1028 180 AD
1055 142 1264 179 ETHICEN
1292 144 1356 178 ET
1382 143 1637 181 POLITICEN
1665 144 1973 180 SPECTANTIA.

232 237 332 279 gibus
355 234 454 279 gravi
478 234 666 267 autoritate
692 233 848 277 scriptis,
875 244 948 265 non
974 232 1067 265 enim
1091 231 1211 263 volent

233 287 379 332 privatis
402 286 557 319 iudicum
583 284 828 329 opinionibus,
861 285 921 316 sed
948 284 1062 325 legum
1088 294 1211 315 oracu-

235 340 274 371 lis
305 339 438 371 cedere.
499 336 603 369 ltem:
637 335 693 368 lus
726 335 893 378 scriptum
924 335 1041 366 frenat
1069 334 1211 366 aflectus

235 390 402 423 iudicum.
472 387 552 421 ldeo
583 386 789 419 Aristoteles
824 385 970 417 tradidit
1001 384 1210 417 sententiam

235 439 478 481 dignissimam
503 438 691 475 memoria,
719 438 762 468 de
784 435 904 479 scripti
929 435 1014 469 iuris
1031 436 1211 479 dignitate.

236 491 308 536 Qui
332 492 443 533 legem
467 490 559 522 iubet
579 499 754 532 praeesse,
783 486 858 518 Deo
887 493 921 519 et
943 487 1076 530 legibus
1103 487 1212 531 impc-

238 544 326 575 cium
347 541 484 573 tribuit.
513 539 572 585 qui
591 545 706 571 autem
725 536 906 570 bominem
926 537 1023 571 iubet
1040 550 1212 583 praeesse,

236 592 393 638 praeficit
407 592 556 624 beluam.
603 589 693 623 Nun
712 589 885 633 cupiditas
904 595 937 622 ct
953 589 1136 623 iracundia
1155 590 1213 621 de-

236 650 387 689 pravant
411 642 515 674 etiam
544 640 698 684 optimos
722 640 829 674 viros.

237 702 282 727 est
315 694 389 726 sine
415 692 677 737 cupiditatibus.

882 639 955 673 Lex
979 648 1096 674 autem
1115 652 1213 673 mens

730 691 830 724 llane
854 693 1066 725 sententiam
1090 692 1214 725 memi-

236 745 349 778 nerint
382 743 550 782 studiosi,
588 748 626 775 ut
656 742 767 786 inagis
799 749 919 775 ament
949 743 1001 777 ius
1032 743 1213 788 scriptum.

238 796 308 829 Etsi
327 795 420 827 enim
439 795 555 837 legum
573 793 711 826 vincula
731 806 832 835 aegre
850 795 1035 838 patiuntur
1052 793 1214 827 lunnines

236 845 431 892 tyrannici,
456 852 574 878 tamen
599 844 647 877 ita
670 846 895 878 statuendum
919 852 987 885 est,
1014 846 1121 879 satius
1143 858 1215 878 esse

236 898 287 931 uti
312 897 450 941 scriptis
473 897 625 938 legibus,
653 908 716 928 nec
741 898 1004 929 concedendam
1023 897 1216 930 6556116611-

238 950 323 981 tiam
352 948 524 992 imperitis
552 946 777 991 vituperandi
807 948 859 981 ius
883 948 1066 992 scriptum.
1123 948 1214 982 Nam

238 1007 271 1033 et
299 1000 390 1033 Deus
417 1011 499 1032 suae
531 998 675 1042 politiae
701 999 846 1031 tradidit
874 999 1021 1043 scriptas
1044 1000 1156 1042 leges,
1184 1005 1217 1031 et

236 1051 351 1084 Attica
379 1057 412 1083 et
435 1050 599 1082 l‘tomana
624 1050 822 1093 respublica
844 1063 926 1084 usus
955 1056 1217 1094 compererunt,

237 1116 311 1136 non
339 1114 438 1146 posse
461 1100 606 1133 retineri
626 1113 745 1144 pacem
765 1101 839 1134 sine
855 1102 985 1145 scripto
1009 1102 1096 1136 iure.
1151 1102 1218 1134 Sed

237 1153 293 1187 hic
317 1167 350 1186 ex
363 1153 459 1185 idens
476 1159 525 1185 est
543 1151 685 1185 utilitas.
721 1151 802 1185 ldeo
821 1154 862 1185 de
880 1153 995 1197 prima
1012 1153 1218 1198 quaestione

238 1218 312 1238 non
347 1205 439 1237 addo
468 1203 667 1247 longiorem
705 1204 994 1247 disputationem.
1058 1204 1218 1237 Secunda

239 1255 397 1301 quaestio
416 1261 485 1294 est,
503 1261 635 1292 utrum,
654 1254 714 1287 11111
733 1261 825 1287 extat
841 1254 894 1288 ius
912 1255 1095 1298 scriptum,
1115 1254 1219 1287 iudex

239 1307 356 1351 potius
377 1306 470 1338 iuxta
494 1305 682 1348 scriptum,
710 1316 755 1336 an
778 1305 872 1337 iuxta
889 1305 1125 1349 aequitatem,
1152 1303 1219 1337 1106

240 1365 309 1396 est,
338 1357 512 1389 rationem
539 1355 716 1399 privatam
742 1356 871 1388 omisso
890 1356 1021 1399 scripto
1044 1356 1121 1388 iure
1138 1367 1220 1400 pro-

238 1408 403 1441 nuntiare
434 1407 570 1440 debeat.
622 1405 675 1438 De
702 1404 768 1439 bac
797 1406 1003 1451 quaestione
1033 1412 1220 1451 5111111110-

239 1460 328 1492 lixae
361 1457 619 1502 disputationes
652 1458 694 1489 de
728 1457 864 1500 rigore,
900 1464 933 1490 et
960 1458 1002 1490 de
1031 1457 1220 1502 aequitate.

239 1512 307 1544 Sed
330 1510 431 1542 trado
454 1509 668 1552 simplicem,
695 1508 839 1552 planam
857 1514 890 1541 et
911 1521 1032 1541 veram
1049 1509 1220 1552 regulam.

238 1560 464 1604 Regulariter
497 1571 536 1592 ex
558 1559 688 1603 scripto
716 1560 791 1592 iure
824 1560 1131 1604 pronuntiandum
1159 1565 1221 1599 est,

241 1611 449 1657 praesertim
475 1611 511 1642 in
540 1610 581 1644 iis
609 1610 765 1650 casibus,
793 1611 835 1643 de
862 1611 988 1656 quibus
1011 1612 1067 1644 lex
1091 1611 1222 1655 princi-

241 1663 368 1708 paliter
392 1661 560 1707 loquitur.
611 1661 660 1695 Ut
685 1662 779 1694 enim
802 1663 1042 1706 magistratui,
1070 1663 1117 1696 sic
1140 1662 1223 1696 scri-

242 1721 322 1760 ptae
355 1713 423 1757 legi
456 1713 604 1745 debetur
637 1713 847 1747 obedientia.
906 1713 1001 1757 Ergo
1036 1726 1110 1746 non
1142 1714 1223 1746 licet

243 1766 420 1798 discedere
446 1776 465 1796 a
491 1763 621 1808 scripta
648 1764 735 1808 lege.
789 1763 875 1797 Item
901 1765 1026 1798 iudicis
1049 1765 1223 1799 sententia

243 1816 348 1850 babet
381 1815 628 1855 autoritatem,
664 1827 738 1848 non
771 1815 853 1861 quia
883 1816 1022 1860 privata
1057 1816 1222 1860 cogitatio

244 1875 312 1907 est,
339 1868 396 1900 sed
418 1866 499 1911 quia
520 1866 606 1910 legis
621 1879 689 1899 vox
711 1873 772 1901 est.
823 1866 917 1911 Ergo
936 1868 1039 1901 iudex
1059 1868 1224 1901 (16116116-

243 1931 322 1963 gem
345 1918 463 1963 sequi,
488 1930 560 1950 non
588 1917 743 1961 privatas
768 1918 974 1962 opiniones,
1002 1931 1066 1952 nec
1090 1926 1226 1963 pugnat

244 1969 403 2014 aequitas
428 1981 504 2001 cum
525 1969 655 2012 scripto
673 1969 769 2009 iure,
793 1982 877 2002 nam
894 1970 931 2003 in
946 1970 988 2004 iis
1004 1971 1158 2010 casibus,
1183 1971 1224 2003 de

245 2021 373 2066 quibus
397 2020 451 2052 lex
476 2019 718 2064 principaliter
740 2020 916 2065 loquitur,
945 2022 1151 2065 gravissima
1167 2022 1225 2054 de-

243 2071 454 2105 liberatione
470 2071 562 2103 lator
576 2069 809 2115 deprehendit
825 2072 860 2105 id
874 2084 945 2106 esse
962 2073 1225 2118 aequissimum,

245 2124 341 2168 quod
368 2121 560 2155 constituit.
612 2121 695 2155 Ideo
721 2129 814 2155 recte
844 2123 960 2169 inquit
985 2130 1098 2157 textus
1122 2124 1226 2157 Codi-

246 2175 293 2207 cis
310 2175 352 2206 de
368 2173 506 2206 iudiciis
522 2172 585 2217 ¹⁷⁴):
613 2173 751 2206 Placuit
768 2173 805 2206 in
822 2174 986 2208 omnibus
1001 2176 1106 2208 rebus
1125 2187 1227 2220 prae-

246 2226 386 2269 cipuam
421 2236 493 2258 esse
522 2223 695 2264 iustitiae,
725 2225 983 2271 aequitatisque
1011 2226 1162 2270 scriptae
1182 2226 1226 2271 15)

247 2288 353 2321 quam
382 2275 494 2309 stricti
528 2275 635 2315 iuris,
670 2276 859 2310 rationem.
921 2277 986 2310 Hic
1022 2284 1135 2311 textus
1170 2289 1228 2310 ve-

246 2333 298 2360 tat
317 2339 334 2359 a
352 2327 481 2371 scripto
498 2326 649 2366 discedi,
675 2332 708 2359 et
725 2333 846 2360 monet
863 2328 950 2360 illud
967 2328 1102 2372 ipsum,
1132 2329 1228 2374 quod

247 2377 415 2421 scriptum
433 2384 494 2417 est,
522 2377 736 2422 aequitatem
753 2390 836 2412 esse.
889 2379 955 2412 Sed
973 2378 1028 2412 1116
1045 2379 1227 2413 obiicitur:

246 2428 293 2461 At
309 2428 514 2461 Aristoteles
536 2435 639 2462 vocat
661 2429 876 2474 aequitatem
901 2430 1161 2474 mitigationem
1181 2431 1229 2463 le-

247 2480 298 2523 gis
330 2490 403 2511 non
428 2479 607 2523 scriptam.
659 2479 885 2524 Respondeo.
939 2481 1148 2516 Aristoteles
1172 2494 1229 2526 ge—

287 2628 329 2653 14)
357 2626 462 2650 Codicis
483 2627 525 2650 iil).
546 2627 589 2650 ΠΙ.
616 2627 654 2652 tit.
678 2629 699 2652 1.
726 2630 769 2653 lex
787 2631 814 2655 8.
843 2630 938 2661 (Corp.
958 2631 1008 2655 iur.
1029 2631 1080 2654 civ.
1099 2631 1139 2654 ed.
1158 2630 1229 2654 Beck

317 2661 346 2685 T.
363 2661 393 2684 11.
414 2661 442 2684 P.
457 2661 476 2684 l.
496 2668 520 2690 μ.
537 2661 620 2688 255.).

285 2710 329 2742 15)
352 2711 484 2750 scriptae]
503 2712 567 2736 haee
587 2719 638 2737 vox
658 2720 673 2737 a
693 2715 865 2739 Melanthone
884 2717 975 2740 addita
996 2719 1056 2745 est,
1086 2716 1112 2739 111
1132 2715 1231 2740 Codice

317 2751 370 2769 nou
390 2750 534 2769 invenitus.

2194 146 2243 180 80

1263 231 1430 264 ner-‘iliter
1464 232 1677 277 aequitatem
1711 238 1814 265 vocat
1849 230 2109 275 mitigationem
2146 230 2244 274 legis,

1263 282 1335 315 sive.
1351 283 1539 327 scriptam,
1567 283 1639 317 six-e
1657 295 1729 316 non
1746 283 1925 327 scriptam.
1972 282 2020 315 Ut
2037 281 2131 315 enim
2149 294 2244 315 nunc

1264 333 1438 378 plurimae
1461 334 1701 377 mitigationes
1726 340 1845 367 extant
1865 333 2015 377 scriptae
2041 333 2077 365 in
2096 333 2179 377 ipsis
2196 333 2244 365 le-

1265 397 1346 427 gum
1377 384 1543 423 texthus,
1577 391 1610 417 et
1639 385 1675 417 in
1702 385 1966 417 commentariis
1993 385 2244 428 interpretum:

1264 436 1312 469 sic
1344 433 1492 468 Athenis
1523 436 1615 479 leges
1646 436 1920 479 instigabantur,
1960 436 2246 475 declarabantur,

1266 487 1552 526 inssectebantur,
1579 492 1639 519 aut
1657 487 1955 530 exasperabantur
1972 487 2131 526 decretis,
2155 497 2245 531 quae

1266 538 1332 582 ipsi
1347 539 1521 571 vocabant
1538 535 1772 583 ψηφίσιιιατα.
1815 536 1911 570 Idem
1929 538 2055 571 accidit
2076 538 2111 570 in
2133 537 2247 570 omni-

1266 590 1329 622 bus
1363 589 1629 633 rebuspublicis.
1690 587 1763 621 Lex
1793 594 1861 628 est,
1894 594 1934 621 ut
1965 589 2012 629 is,
2047 589 2108 634 qui
2139 589 2247 620 inter-

1267 641 1337 673 ficit
1360 639 1564 680 bominem,
1599 639 1741 683 capitali
1765 651 1881 683 poena
1912 639 2095 673 afliciatur.
2157 639 2247 673 Huic

1266 691 1334 735 legi
1356 698 1468 725 textus
1494 691 1565 735 ipse
1590 691 1688 723 addit
1707 690 1964 733 mitigationem
1985 690 2020 722 in
2039 691 2167 724 casuali
2184 688 2248 723 110-

1266 742 1429 783 inicidio,
1464 749 1497 775 et
1520 744 1690 777 ,1106111165
1718 742 1870 785 plurima
1903 741 2078 785 mitigant.
2141 742 2248 786 Quod

1268 800 1384 827 autem
1407 794 1556 838 scriptae
1578 793 1815 837 mitigationes
1840 794 2040 839 sequendae
2059 792 2147 833 sint,
2175 804 2249 826 ma-

1267 845 1432 878 nifestum
1464 851 1534 884 est,
1566 845 1647 889 quia
1674 851 1756 878 sunt
1787 845 1898 887 leges,
1935 850 1995 877 aut
2020 841 2153 877 habent
2177 843 2249 876 vim

1269 897 1398 939 legum.
1452 896 1651 929 Consensus
1673 896 1767 928 enim
1793 897 1979 929 doctorum
1995 895 2065 927 vim
2087 893 2250 937 16615113-

1268 949 1349 981 bere
1377 949 1570 980 censendus
1594 953 1662 987 cst,
1690 960 1769 980 611111
1794 960 1868 979 uon
1891 947 2005 980 solum
2035 944 2182 979 honesta
2217 952 2251 979 et

1271 998 1369 1043 gravi
1388 999 1526 1031 ratione
1543 998 1697 1037 nitatur,
1724 998 1783 1032 sed
1803 998 1906 1030 etiam
1925 997 2134 1037 autoritate,
2160 1009 2252 1043 quae

1271 1050 1527 1094 professoribus
1554 1061 1716 1083 concessa
1742 1056 1803 1083 651.
1856 1049 1923 1082 Sed
1947 1048 2033 1081 illud
2057 1049 2252 1094 quaeritur,

1272 1114 1316 1133 an
1335 1101 1492 1146 aequitas
1508 1113 1580 1133 non
1596 1101 1724 1145 scripta
1741 1102 1917 1145 sequenda
1935 1099 1995 1139 sit,
2015 1099 2103 1132 516111
2118 1099 2252 1133 1111106ῑί

1271 1164 1374 1196 saepe
1405 1154 1634 1185 contendunt.
1695 1151 1759 1183 Hic
1793 1152 1920 1184 iterum
1955 1152 2176 1195 respondeo,
2213 1157 2253 1184 ut

1272 1215 1390 1246 supra.
1450 1202 1675 1245 Regulariter
1705 1203 1974 1236 anteferendum
2007 1208 2057 1235 cst
2081 1202 2252 1246 scriptum

1273 1253 1345 1292 ius,
1370 1265 1434 1285 nec
1457 1253 1500 1284 ab
1528 1265 1568 1285 eo
1592 1252 1842 1287 discedendum
1861 1261 1911 1288 est
1935 1254 1971 1286 in
1992 1265 2092 1292 casu,
2121 1255 2162 1286 de
2181 1265 2252 1299 quo

1272 1303 1516 1347 principaliter
1531 1304 1701 1348 loquitur.
1744 1304 1839 1348 Quid
1857 1305 1949 1338 enim
1968 1304 2133 1337 attineret
2148 1304 2255 1338 scribi

1272 1355 1382 1398 leges,
1413 1354 1442 1388 si
1466 1354 1609 1387 cuilibet
1630 1354 1771 1397 privato
1789 1355 1938 1388 arbitrio
1960 1355 2080 1387 liceret
2094 1368 2254 1399 pronun·

1273 1405 1361 1437 tiare
1380 1404 1424 1450 ¹⁶)
1451 1406 1492 1437 de
1511 1417 1723 1450 quocunque
1748 1417 1849 1446 casu,
1876 1411 1993 1450 spreta
2016 1406 2103 1450 lege.
2156 1406 2256 1440 Talis

1272 1457 1458 1489 barbarica
1479 1456 1620 1488 licentia
1639 1456 1783 1499 indigna
1803 1464 1854 1490 est
1867 1457 1957 1490 bene
1974 1457 2122 1490 moratis
2139 1455 2256 1490 homi-

1274 1507 1388 1541 nibus.
1441 1507 1510 1540 Sed
1534 1507 1695 1540 incidunt
1719 1507 1897 1541 interdum
1918 1520 2034 1547 casus,
2063 1509 2105 1541 de
2127 1509 2256 1553 quibus

1273 1559 1328 1591 lex
1352 1570 1427 1591 non
1453 1558 1698 1602 principaliter
1719 1559 1896 1604 loquitur,
1924 1571 1963 1592 ac
1987 1556 2135 1593 honesta
2162 1559 2254 1592 ratio

1275 1609 1409 1654 flagitat
1426 1610 1729 1650 moderationem,
1756 1616 1903 1654 propter
1925 1610 2082 1655 aliquam
2107 1610 2256 1644 circum-

1275 1661 1442 1695 stantiam
1466 1661 1701 1705 perspicuam.
1753 1660 1819 1694 Hic
1847 1661 1984 1695 etiamsi
2008 1661 2104 1696 deest
2125 1661 2255 1706 scripta

1277 1712 1433 1758 aequitas
1445 1738 1454 1752 ,
1477 1719 1597 1745 tamen
1613 1712 1716 1745 iudex
1734 1710 1900 1746 adhibere
1917 1712 2177 1756 mitigationem
2197 1714 2257 1746 de-

1274 1765 1352 1804 bet,
1380 1769 1419 1797 ut
1439 1763 1494 1796 lex
1516 1764 1558 1797 de
1577 1764 1654 1797 fure
1670 1763 1926 1807 strangulando
1948 1764 2108 1809 loquitur
2125 1764 2257 1808 princi-

1276 1815 1404 1860 paliter
1436 1814 1478 1847 de
1509 1827 1570 1854 eo,
1604 1815 1665 1860 qui
1695 1815 1807 1848 atroci
1831 1815 1978 1849 consilio
2001 1816 2082 1849 fecit
2109 1816 2257 1856 furtum,

1276 1878 1350 1899 non
1379 1865 1539 1911 loquitur
1567 1865 1811 1910 principaliter
1844 1867 1885 1900 de
1908 1865 2053 1900 homine
2082 1866 2258 1906 modesto,

1277 1917 1428 1961 impulso
1454 1918 1546 1950 fame
1572 1917 1616 1950 ad
1641 1918 1843 1951 furandum.
1896 1918 1999 1952 Hunc
2023 1917 2131 1962 igitur
2153 1917 2259 1951 iudex

1278 1969 1401 2013 puniet
1433 1968 1570 2008 mitIus,
1603 1966 1778 2014 habetque
1803 1968 1920 2002 locum
1945 1969 2105 2014 aequitas
2130 1967 2169 2001 in
2196 1967 2260 2002 tali

1279 2032 1379 2059 casu,
1413 2031 1478 2052 nec
1503 2019 1663 2053 dissentit
1686 2032 1704 2052 a
1729 2019 1880 2064 scripto,
1916 2020 1999 2066 quia
2021 2020 2192 2064 scriptum
2216 2020 2259 2053 de

1279 2071 1347 2104 alio
1372 2083 1454 2103 casu
1478 2070 1722 2115 principaliter
1742 2071 1912 2116 loquitur.
1963 2070 2015 2104 Ita
2036 2071 2124 2104 Milo
2142 2071 2260 2104 suerat

1279 2122 1532 2162 absolvendus,
1566 2134 1640 2154 non
1664 2123 1757 2156 enim
1782 2123 1912 2156 fecerat
1941 2122 2083 2156 initium
2106 2134 2260 2167 pugnae,

1279 2173 1343 2206 etsi
1358 2179 1480 2217 postea
1499 2174 1644 2206 modum
1663 2173 1876 2208 defensionis
1893 2175 2058 2214 excessit,
2086 2173 2169 2219 quia
2186 2185 2260 2206 non

1280 2224 1407 2257 occidit
1423 2224 1587 2257 Clodium
1602 2224 1639 2257 in
1659 2224 1873 2264 continenti,
1901 2226 1961 2258 sed
1978 2232 2096 2258 tamen
2113 2224 2167 2257 vir
2188 2225 2260 2258 for-

1280 2275 1323 2308 tis
1346 2275 1450 2309 toties
1476 2276 1605 2320 petitus
1635 2276 1743 2310 armis
1775 2288 1794 2310 a
1820 2276 1965 2317 Clodio,
2000 2288 2079 2309 cum
2105 2276 2176 2309 iam
2201 2276 2260 2309 de-

1280 2332 1470 2371 pugnasset
1498 2339 1564 2371 pro
1590 2326 1681 2367 vita,
1717 2327 1945 2361 iustissimam
1970 2339 2111 2360 causam
2136 2325 2262 2360 habuit

1281 2377 1414 2410 doloris
1438 2383 1470 2410 et
1491 2377 1581 2411 irae:
1608 2375 1733 2412 habuit
1749 2379 1856 2423 igitur
1880 2378 2141 2412 excusationem
2159 2378 2261 2411 valde

1280 2428 1513 2473 probabilem.
1576 2428 1792 2475 Quanquam
1814 2435 1930 2463 autem
1953 2427 2020 2462 hoc
2046 2430 2153 2462 modo
2181 2429 2262 2461 Ari-

1281 2480 1421 2513 stoteles
1437 2480 1552 2524 legum
1570 2480 1828 2524 mitigationem
1853 2482 1972 2520 docet,
2000 2486 2033 2513 et
2052 2480 2187 2525 inquit,
2212 2480 2262 2513 le-

1282 2544 1339 2575 ges
1362 2531 1451 2564 sicut
1471 2531 1628 2575 regulam
1648 2531 1811 2565 Lesbiam
1829 2530 1894 2577 l⁷),
1921 2537 1982 2564 aut
1997 2531 2200 2575 plumbeam
2217 2531 2262 2564 ad

1317 2665 1363 2697 16)
1384 2663 1577 2696 pronuntiare]
1596 2663 1633 2687 stc
1652 2662 1700 2686 Ed.
1722 2663 1810 2692 15⁴0.;
1835 2662 1883 2687 Ed.
1905 2663 1978 2686 1546.
1998 2663 2177 2693 pronuntiari.

1318 2716 1361 2743 ¹7)
1390 2715 1512 2745 regulam
1530 2713 1669 2740 Lesbiam]
1697 2712 1737 2735 lta
1760 2712 1917 2736 Melanthon
1945 2713 2078 2736 transfert
2103 2713 2262 2736 Aristotelis

1352 2744 1438 2773 'verba
1456 2749 1578 2778 Λευ-βίας
1603 2745 1748 2778 οἰκοδομῆς
1770 2747 1830 2770 libri
1851 2747 1882 2770 V.
1901 2748 2020 2772 Ethicor.
2046 2753 2103 2777 cap.
2122 2748 2157 2772 X.
2177 2748 2201 2776 s.
2221 2747 2262 2776 7.,
