2347 3000
217 141 284 177 151

215 240 336 262 causas
360 229 396 261 in
421 229 529 261 veteri
555 229 630 261 iure
656 229 738 262 satis
756 228 937 272 perspicua
959 226 1122 261 honestas
1141 234 1202 268 est,

215 281 392 313 etPaulus
410 282 450 313 ad
474 278 679 313 Corinthios
704 280 804 312 tacite
828 279 949 311 tribuit
973 279 1200 312 autoritatem

216 332 442 376 parentibus,
471 344 549 365 cum
566 331 614 364 ait
633 332 683 377 (l.
704 331 784 364 (lor.
804 330 844 369 7,
863 330 956 375 38.):
987 330 1056 374 Qui
1077 331 1202 371 elocat,

215 390 307 415 recte
325 383 403 415 facit
423 389 485 416 etc.
502 383 701 425 significans
718 381 907 414 autoritate
926 388 1112 425 parentum
1131 383 1201 415 elo-

215 436 346 467 candos
366 447 437 468 esse
455 435 594 467 lilwros.
634 434 822 465 Praeterea
843 430 898 464 liic
917 433 1131 477 colliguntur
1150 434 1201 466 in-

214 487 415 524 commoda,
441 498 530 530 quae
547 485 722 523 oriuntur,
739 484 766 517 si
783 484 1073 528 desponsationes
1090 487 1200 518 sactae

213 538 287 569 sine
308 537 497 570 autoritate
523 542 708 580 parentum
737 535 807 568 sint
828 542 944 575 ratae,
970 549 1074 581 saepe
1100 537 1200 570 liberi

213 589 296 621 dolo
315 595 347 620 et
366 588 486 620 l'raude
512 586 761 625 circumventi,
791 585 1007 621 contrahunt
1038 589 1200 633 indignas

213 640 365 684 nuptias.
418 638 558 670 Etcum
578 650 727 682 persona
755 639 837 671 dolo
865 639 1102 673 circumventa
1128 654 1200 674 non

214 703 292 723 vere.
326 689 562 729 consenserit,
609 696 727 722 tamen
762 696 881 734 postea
913 704 987 723 non
1016 692 1199 731 liberatur,

211 741 347 774 etiamsi
368 753 403 773 re
422 753 573 785 expensa
592 741 687 785 cupit
706 741 859 775 liberari.
899 741 1078 776 Interdum
1097 756 1198 777 caeco

212 794 345 837 impetu
364 790 582 825 contrahunt
600 791 804 827 inhonestas
822 794 975 838 nuptias.
1040 795 1199 841 Denique

211 845 377 877 acerbum
394 850 441 878 est
458 844 678 888 parentibus,
705 845 759 877 xel
775 846 952 877 contemni
972 847 1196 879 autoritatem

210 908 309 928 suam
331 908 349 928 a
376 896 514 935 liberis,
544 896 597 928 vvel
620 896 711 928 affici
734 897 956 929 contumeliis
981 898 1024 929 ab
1049 898 1109 937 iis,
1138 899 1197 944 qui

210 947 332 980 l'urtim
351 953 384 979 et
402 959 442 980 ex
459 947 596 981 insidiis
613 948 791 981 abducunt
809 948 852 980 al)
870 948 917 982 eis
937 949 1076 982 liberos.

313 998 407 1030 llaec
423 1004 529 1044 atque
556 999 622 1031 alia
642 999 769 1032 similia
797 1000 1010 1040 colliguntur
1037 1002 1077 1033 ad
1105 1012 1198 1033 com-

210 1050 393 1094 probanda
423 1056 542 1083 vetera
569 1050 665 1089 iura,
701 1063 791 1096 quae
819 1052 993 1084 dirimunt
1021 1052 1197 1096 sponsalia

208 1101 282 1134 sine
299 1102 490 1134 autoritate
517 1108 704 1146 parentum
725 1103 827 1136 facta.
882 1103 948 1135 Sed
976 1116 1069 1136 nunc
1097 1103 1198 1135 aliter

209 1153 462 1197 pronuntiatur
489 1153 523 1186 in
538 1154 616 1186 soro
643 1153 836 1197 pontificio.
890 1154 972 1188 Non
995 1155 1087 1187 enim
1115 1154 1198 1187 diri—

1038 1290 1189 1331 Ver

305 1405 357 1438 Sit
375 1405 482 1449 igitur
499 1406 613 1450 prima
634 1407 775 1440 veritas.
810 1406 914 1451 Apud
934 1407 1131 1442 Homerum
1149 1409 1197 1441 ait

204 1454 376 1496 Achilles,
413 1470 447 1491 se
474 1457 620 1501 perinde
643 1464 682 1491 ut
706 1465 857 1491 mortem
883 1459 996 1492 odisse
1020 1472 1098 1500 eos,
1136 1460 1194 1504 qui

205 1509 301 1541 aliud
317 1509 484 1548 sentiunt,
501 1508 596 1542 aliud
613 1509 820 1554 loquuntur.
869 1510 919 1543 Ac
935 1511 1194 1555 propemodum

204 1559 287 1592 talia
307 1566 388 1593 sunt
405 1558 546 1593 heroica
568 1560 729 1603 ingenia,
752 1568 894 1604 aperta,
921 1562 1061 1595 inimica
1089 1562 1195 1595 simu-

206 1611 378 1644 lationum
390 1638 398 1651 ‚
427 1612 613 1644 calumniis
632 1618 665 1644 et
683 1610 906 1656 sophisticae,
930 1620 963 1646 et
978 1620 1017 1647 ut
1034 1627 1194 1659 quaeque

206 1669 330 1695 natura
350 1663 588 1706 praestantior
603 1669 670 1703 est,
698 1663 744 1696 ita
762 1664 1004 1697 amantissima
1033 1672 1084 1698 est
1106 1665 1195 1697 veri-

204 1714 296 1747 tatis.
351 1714 429 1759 Qua
456 1726 495 1747 ex
518 1726 554 1746 re
578 1714 725 1758 intelligi
751 1722 884 1759 potest,
912 1717 1096 1749 veritatem
1123 1729 1194 1750 esse

206 1766 574 1799 r·›nvenientissimam
600 1764 750 1800 homini.
830 1767 1052 1812 Praecipitur
1076 1775 1193 1801 autem

208 1816 292 1850 haee
314 1817 425 1851 virtus
446 1817 482 1849 in
500 1817 688 1861 decalogo,
715 1818 751 1850 in
776 1826 965 1863 praecepto
983 1819 1112 1865 (Exod.
1133 1821 1194 1859 20,

209 1869 300 1915 16.):
330 1869 412 1902 Non
431 1868 526 1902 dicas
544 1869 671 1903 falsum
691 1869 945 1904 testiinonium.

304 1920 465 1953 Primum
494 1920 600 1964 igitur
622 1921 832 1955 vocabulum
857 1922 1084 1962 definiemus,
1110 1935 1192 1955 nam

206 1971 334 2004 xeritas
352 1969 418 2004 hoe.
436 1972 514 2004 loco
530 1972 704 2014 significat
719 1985 793 2006 non
810 1974 973 2007 notitiam
985 2001 993 2013 ‚
1020 1975 1080 2007 sed
1096 1973 1194 2007 hahi-

207 2031 278 2056 tum
298 2023 503 2063 voluntatis,
531 2023 693 2057 videlicet
710 2037 869 2057 amorem
886 2025 1044 2059 veritatis
1060 2032 1093 2058 et
1112 2026 1193 2059 sim—

208 2074 371 2119 plicitatis
390 2075 426 2107 in
445 2075 610 2109 omnibus
627 2076 727 2109 dictis
745 2083 778 2109 et
793 2077 913 2116 factis,
940 2077 978 2109 in
996 2077 1093 2110 omni
1111 2090 1193 2110 con-

205 2126 391 2160 suetudine
417 2127 527 2165 vitae,
556 2133 590 2159 et
616 2127 737 2160 odium
762 2140 840 2160 acre
858 2128 1115 2168 simulationis,
1140 2130 1194 2162 fu—

206 2190 348 2217 corum,
384 2176 611 2222 sophistices,
648 2179 905 2212 calumniarum
918 2207 927 2219 ‚
964 2178 1192 2224 stropharum

206 2236 233 2260 et
257 2229 431 2275 quidquid
448 2236 499 2263 est
516 2227 721 2263 huiusmodi
738 2231 982 2265 artificiorum.

308 2280 442 2315 Causae
461 2281 649 2314 efficientes
664 2289 746 2315 sunt
762 2283 869 2316 duae:
887 2283 1005 2316 Altera
1024 2282 1192 2317 iudicium

209 2331 374 2372 rationis,
409 2345 499 2378 quae
530 2333 695 2375 intelligit
717 2333 831 2367 Deum
860 2334 962 2368 nobis
990 2335 1192 2380 praecipere

207 2395 366 2416 amorem
392 2384 568 2424 veritatis,
596 2396 732 2430 nosque
758 2386 802 2418 ad
829 2383 895 2418 hoc
923 2386 1084 2420 conditos
1108 2399 1193 2427 esse,

209 2441 244 2466 ut
263 2434 298 2467 in
319 2433 546 2479 inquisitione
564 2448 681 2468 rerum
699 2436 735 2469 in
751 2437 897 2469 veritate
918 2438 1193 2483 acquiescamus,

208 2492 238 2517 et
260 2485 295 2518 in
311 2486 565 2519 consuetudine
584 2487 675 2521 xitae
692 2501 772 2521 vera
792 2488 1029 2532 paciscamur,
1060 2496 1093 2522 et
1109 2502 1192 2534 prae

209 2536 309 2569 nobis
326 2538 491 2570 l'erannis.
543 2538 738 2583 Praecipue
756 2552 839 2573 vero
851 2567 859 2580 ,
885 2552 930 2573 ne
955 2541 1105 2574 nocendi
1122 2548 1193 2575 stu—

208 2588 265 2619 dio
281 2588 444 2621 fallamus
460 2600 531 2628 eos,
550 2589 676 2634 quibus
693 2603 820 2625 nocere
838 2604 911 2624 non
927 2592 1018 2626 licet.
1071 2593 1190 2626 Altera

208 2651 309 2672 eausa
329 2645 379 2672 est
394 2639 558 2673 voluntas
577 2640 824 2686 obtemperans
840 2640 922 2676 huic
938 2643 1068 2677 iudicio
1084 2644 1193 2677 ratio-

209 2691 282 2729 nis,
317 2702 356 2722 ac
380 2697 569 2734 propterea
597 2704 719 2726 amans
742 2694 948 2735 veritatem,
985 2702 1018 2729 et
1041 2696 1193 2740 fugitans

207 2743 302 2775 sucos
320 2747 353 2774 et
369 2742 564 2776 mendacia.

477 142 677 176 SCRIPTA
704 142 777 177 PH.
808 141 918 176 MEL.
947 141 1011 175 AD
1044 140 1252 175 ETHICEN
1280 140 1345 175 ET
1373 140 1629 177 POLITICEN
1656 141 1963 178 SPECTANTLx.

2170 144 2240 181 152

1255 234 1402 261 muntur
1423 229 1712 273 ‹lesponsationes
1742 230 1851 263 sactae
1874 229 1948 264 sine
1983 240 2154 263 consensu
2180 242 2241 274 pa-

1255 286 1408 313 rentum.
1463 281 1528 313 llic
1553 281 1733 325 disputant
1758 281 1924 326 quidam,
1958 293 2004 314 an
2024 281 2094 315 sint
2118 282 2240 314 firmae

1255 331 1430 371 rationes,
1459 344 1520 364 cur
1540 331 1584 364 ita
1601 345 1694 365 nunc
1712 334 1983 378 pronuntietur,
2008 345 2053 365 an
2078 344 2162 366 vero
2186 344 2240 366 re—

1255 383 1342 416 ctius
1368 389 1456 416 esset
1478 390 1595 416 vetera
1614 384 1689 417 iura
1709 384 1809 429 sequi
1825 391 1859 417 et
1874 385 2069 418 restituere.
2122 384 2238 429 Quam

1255 447 1318 477 ego
1334 434 1611 477 (lisputatioiwm
1629 437 1737 468 modo
1756 437 1910 479 prudens
1928 437 2067 476 omitto,
2084 435 2153 468 alio
2170 436 2240 469 for-

1254 498 1317 519 san
1332 486 1410 518 loco
1428 486 1536 520 fusius
1554 499 1630 519 eam
1648 493 1873 522 tractaturus.

1356 537 1519 570 Delibavi
1533 538 1670 583 aliquot.
1685 538 1943 582 disputationes
1959 540 2002 571 de
2022 539 2152 572 iustitia
2166 565 2175 578 ,
2202 545 2241 572 ut

1254 596 1485 633 praeparetur
1502 596 1620 622 tenera
1647 596 1741 623 aetas
1767 590 1811 622 ad
1836 587 2039 623 huiusmodi
2064 589 2241 629 iiiatel'ias,

1254 647 1287 673 et
1307 641 1568 673 animadvertat
1586 641 1621 673 in
1640 638 1864 685 philosophia
1889 642 2003 675 sontes
2021 655 2093 676 esse
2111 639 2240 675 harum

1253 691 1546 736 disputationum,
1562 694 1604 725 de
1622 693 1696 725 iure
1715 699 1747 725 et
1762 694 1805 725 de
1823 692 1992 726 moribus.
2042 693 2105 727 Est
2121 699 2239 726 autem

1253 744 1295 775 de
1320 743 1449 776 iustitia
1478 744 1555 788 plus
1586 745 1769 789 aliquanto
1799 744 2101 788 disputationum,
2131 756 2239 790 quam

1253 796 1295 827 de
1313 796 1458 829 caeteris
1474 795 1684 835 xirtutilius,
1713 796 1792 828 ideo
1813 797 1976 839 deinceps
2001 802 2139 829 tantum
2161 796 2240 829 lire·

1252 859 1329 878 xem
1348 848 1547 889 catalogum
1566 847 1735 880 wirtutum
1755 848 1972 893 reliquarum
1993 848 2135 887 addam,
2153 859 2240 892 quas

1253 899 1396 941 prodest
1412 899 1554 943 quidem
1576 899 1750 931 illustrare
1775 906 1807 931 et
1831 899 2046 943 amplificare
2065 898 2239 937 oratione,

1252 950 1310 982 sed
1338 949 1370 981 id
1404 962 1476 982 non
1508 956 1577 982 tam
1613 951 1763 995 requirit
1793 951 1938 983 subtiles
1969 950 2239 994 disputationes,

1252 1013 1357 1045 quam
1376 999 1549 1033 rhetorica
1570 1009 1800 1041 ornznnenta,
1828 1008 1867 1034 ut
1890 1013 2011 1034 earum
2030 1001 2238 1044 magnitudo

1251 1052 1433 1097 aliquanto
1457 1053 1566 1095 magis
1591 1053 1744 1097 conspici
1765 1053 1884 1097 possit.
1939 1052 2109 1085 l‘wcitabo
2132 1052 2239 1095 igitur

1251 1101 1313 1136 lias
1331 1103 1494 1137 virtutes:
1523 1104 1737 1144 Veritatem,
1764 1104 2054 1144 Benelicentiam,
2080 1104 2240 1138 Gratim-

1251 1154 1390 1194 dinem,
1417 1155 1632 1188 Amicitiam.

1221 1291 1402 1332 itas.

1352 1408 1504 1441 Materia
1530 1409 1566 1441 in
1591 1421 1681 1454 qua,
1709 1415 1758 1442 est
1785 1410 1948 1444 voluntas
1974 1408 2150 1450 humana,
2177 1411 2237 1444 sed

1248 1460 1395 1493 materia
1413 1460 1502 1493 circa
1523 1473 1648 1506 quam,
1677 1467 1825 1493 vocatur
1842 1461 2031 1496 obiectum.

1350 1511 1439 1544 Sunt
1458 1518 1574 1544 autem
1592 1511 1742 1556 triplicia
1760 1512 1894 1545 obiecta
1907 1539 1916 1552 ,
1945 1512 2034 1545 circa
2053 1524 2144 1558 quae
2158 1524 2236 1545 ver-

1248 1569 1346 1595 satur
1368 1560 1454 1595 haec
1479 1563 1602 1596 virtus.
1675 1562 1837 1596 Primum
1863 1564 2023 1597 doctrina
2048 1576 2109 1597 seu
2132 1569 2236 1597 artes.

1249 1614 1338 1647 Sunt
1358 1614 1450 1646 enim
1472 1614 1612 1658 ingenia
1631 1615 1820 1659 quaedam,
1845 1628 1935 1660 quae
1952 1613 2042 1648 lianc
2059 1627 2235 1649 summam

1247 1666 1389 1698 laudem
1405 1666 1578 1698 acuminis
1595 1677 1667 1699 esse
1685 1665 1861 1707 iudicant,
1888 1679 1989 1710 posse
2005 1666 2126 1699 onmia
2142 1672 2236 1699 recte

1248 1717 1338 1749 dicta
1356 1723 1512 1750 evertere
1529 1715 1683 1761 strophis
1701 1723 1734 1749 et
1749 1717 1951 1757 calumniis,
1985 1730 2101 1752 serere
2123 1730 2236 1751 novas

1249 1768 1435 1813 opiniones
1453 1775 1486 1801 et
1509 1769 1743 1812 prodigiosas.
1798 1769 1867 1802 Sed
1890 1769 2073 1803 sciendum
2097 1775 2148 1803 est
2171 1767 2235 1803 has

1247 1818 1456 1864 sophisticas
1476 1826 1622 1853 naturas
1647 1826 1866 1854 monstrosas
1889 1833 1963 1854 esse
1991 1827 2024 1854 et
2056 1820 2235 1854 distortas.

1246 1871 1311 1905 Est
1333 1871 1440 1915 igitur
1463 1872 1633 1904 excellens
1658 1871 1770 1905 virtus
1796 1872 1830 1904 in
1859 1871 1994 1905 artibus
2011 1878 2045 1905 et
2058 1871 2235 1913 doctrina,

1248 1935 1349 1955 amor
1372 1923 1540 1967 simplicis
1565 1922 1734 1956 veritatis.
1811 1923 2012 1957 Secundum
2045 1922 2234 1963 obiectum,

1246 1980 1348 2018 pacta
1365 1980 1399 2007 et
1415 1981 1614 2008 contractus
1626 1974 1672 2019 90)
1685 2001 1694 2014 ,
1712 1973 1853 2014 iudicia,
1878 1974 2092 2009 testimonia.
2146 1974 2234 2008 Ter-

1247 2026 1354 2065 tium,
1382 2026 1591 2069 significatio
1614 2025 1808 2059 voluntatis
1831 2038 1913 2069 erga
1936 2026 2043 2067 alios,
2071 2025 2235 2060 videlicet.

1248 2089 1319 2111 esse
1336 2078 1525 2111 candidum
1538 2105 1546 2117 ‚
1573 2089 1646 2110 non
1661 2083 1796 2110 struere
1814 2077 1977 2118 insidias,
2005 2077 2157 2122 ingenue
2180 2077 2232 2111 di-

1247 2141 1323 2161 cere
1339 2142 1418 2162 cum
1441 2142 1528 2174 opus
1544 2136 1612 2169 est,
1641 2130 1736 2174 quod
1753 2129 1891 2162 sentiat.

1346 2180 1476 2213 Forma
1493 2187 1543 2214 est
1557 2181 1629 2225 ipsa
1651 2179 1808 2213 definitio
1823 2206 1832 2220 ‚
1859 2192 1919 2213 seu
1934 2192 1990 2214 res
2014 2180 2108 2225 ipsa,
2136 2180 2232 2213 vide-

1246 2231 1326 2264 licet
1342 2229 1483 2266 habitus
1499 2233 1534 2264 in
1550 2233 1751 2272 voluntate,
1780 2231 1842 2277 qui
1869 2238 1918 2265 est
1942 2243 2044 2264 amor
2063 2243 2228 2265 verarum

1247 2283 1476 2327 opinionum,
1510 2290 1543 2316 et
1568 2283 1724 2316 veritatis
1749 2283 1785 2315 in
1809 2283 1920 2327 pactis
1944 2289 1977 2315 et
1999 2283 2034 2315 in
2058 2283 2229 2317 moribus.

1350 2335 1463 2369 Causa
1481 2336 1613 2369 finalis:
1641 2334 1799 2368 Virtutes
1822 2340 1970 2379 propter
1994 2346 2030 2368 se
2058 2334 2149 2379 ipsas
2173 2347 2229 2368 ex-

1247 2388 1417 2430 petendae
1440 2393 1541 2427 sunt,
1569 2386 1700 2420 scilicet
1723 2386 1805 2432 quia
1831 2385 2049 2418 conveniunt
2068 2392 2229 2426 naturae,

1248 2437 1326 2471 ideo
1346 2438 1457 2471 virtus
1474 2438 1548 2483 ipsa
1567 2438 1632 2472 sibi
1649 2438 1728 2471 finis
1746 2436 1952 2482 principalis
1970 2443 2032 2477 est,
2061 2439 2230 2483 quemad-

1246 2490 1392 2523 modum
1408 2488 1613 2534 philosophi
1630 2491 1672 2523 de
1687 2489 1816 2522 virtute
1834 2489 2040 2534 loquuntur.
2093 2489 2162 2523 Sed
2178 2497 2229 2524 est

1247 2539 1313 2573 hoc
1347 2554 1488 2587 quoque
1524 2539 1809 2586 philosophicum
1835 2546 1869 2572 et
1898 2540 2019 2584 pium,
2056 2540 2227 2575 virtutum

1247 2593 1350 2625 linem
1378 2594 1611 2638 principalem
1637 2592 1849 2626 constituere
1872 2592 2110 2625 obedientiam
2144 2605 2226 2637 erga

1246 2645 1374 2679 Deum.
1427 2645 1478 2678 Sit
1495 2657 1577 2690 ergo
1594 2644 1671 2678 finis
1687 2643 1844 2676 veritatis
1856 2669 1864 2682 ,
1893 2649 1931 2676 ut
1948 2643 2024 2677 Deo
2048 2644 2227 2690 obtempe—

1278 2761 1324 2793 90)
1344 2765 1515 2793 contractus]
1535 2763 1575 2788 sic
1592 2764 1746 2793 Ed.1546.;
1765 2763 1831 2788 Edd.
1849 2762 1923 2787 1538.
1944 2764 1969 2787 ct
1984 2763 2058 2788 1540.
2078 2764 2226 2788 contracta.
