2347 3000
198 109 272 146 579

202 199 345 240 sticum,
374 207 456 234 tunc
474 199 593 232 deberi
611 195 956 241 compensationem,
994 193 1029 225 id
1054 198 1124 232 est,
1158 190 1186 225 si

203 252 281 296 quis
300 254 473 285 eslicacem
494 264 632 284 causam
651 249 772 281 damni
789 245 935 279 dederit.
987 243 1051 277 Est
1069 249 1186 276 autem

203 304 378 338 mutuatio
411 303 479 334 iam
509 301 757 339 discernenda,
800 298 910 330 altera
938 302 988 330 est
1021 294 1188 333 officiosa,

203 357 311 389 altera
331 362 381 388 est
399 355 582 386 danmosa.

305 406 455 439 Mutua
471 404 550 442 tio,
573 412 663 446 quae
689 399 832 443 proprie
855 397 1008 431 osticium
1034 403 1102 436 est,
1139 401 1188 429 est

204 471 282 491 cum
315 456 482 490 honestus
515 451 622 485 homo
660 447 809 483 honesto
842 447 981 482 lioniini
1018 447 1189 491 indigenti

202 511 247 542 ad
278 507 443 542 honestas
476 516 596 537 causas
627 502 687 533 dat
719 508 842 535 mutuo
869 501 973 533 taleni
999 511 1188 537 summani,

203 573 270 605 qua
290 560 363 593 sine
382 555 531 589 notabili
549 553 762 588 detrimento
781 565 844 585 suo
860 564 978 584 carere
995 556 1127 595 potest,
1156 555 1189 582 et

203 609 383 644 constituit
419 613 553 640 certum
584 604 774 638 terminum
800 602 1006 641 solutionis,
1044 608 1077 634 et
1101 601 1189 633 acci-

204 662 320 706 piens,
342 661 436 692 bona
454 659 521 691 fide
539 656 654 690 reddit
675 656 709 687 in
728 655 879 687 termino
905 653 1116 692 constitum,
1151 658 1190 684 ut

205 712 338 746 Tobias
361 712 422 744 dat
445 708 618 753 indigenti
633 707 770 741 Gabelo
793 711 918 738 mutuo
938 705 983 738 10
1008 705 1138 738 talenta
1157 709 1190 735 et

201 763 325 808 recipit
342 758 603 807 syngrapham,
631 765 664 792 et
687 758 714 792 is
736 757 945 790 tantundem
963 756 1099 795 reddit,
1126 767 1190 787 nec

202 815 354 860 amplius
368 814 422 859 ιἌ).

305 866 358 898 De
376 863 441 897 liac
459 861 611 895 officiosa
637 859 860 892 mutuatione
885 856 1094 902 simpliciter
1120 867 1190 889 ser-

203 918 359 950 vandum
379 922 429 949 est
451 915 583 946 dictum
609 911 709 956 (Luc.
727 910 761 949 6,
781 908 873 954 35.)·.
909 909 1074 942 Mutuum
1099 908 1192 945 date,

203 968 293 1002 nihil
309 969 389 1000 inde
404 971 595 1011 sperantes.
651 961 826 1007 Loquitur
850 961 944 993 enim
967 958 1124 993 Christus
1149 959 1191 990 de

204 1021 319 1054 ol'licio
338 1020 429 1051 inter
451 1017 561 1055 cives,
589 1013 677 1048 sicut
700 1013 754 1045 lex
769 1012 876 1045 Moisi
899 1018 979 1044 ante
1006 1022 1192 1055 praecepe-

204 1078 271 1105 rat.
326 1069 501 1103 Credibile
522 1073 573 1100 est
591 1065 720 1098 inultos
737 1062 883 1096 ludaeos
906 1075 968 1095 nee
995 1075 1075 1103 erga
1102 1061 1193 1094 cives

204 1134 360 1157 servasse
384 1121 487 1164 leges.
547 1114 712 1149 Retraliit
736 1114 842 1157 igitur
860 1112 1019 1147 Christus
1043 1124 1124 1146 suos
1150 1112 1192 1143 ad

206 1186 329 1206 vocem
356 1173 451 1216 legis.
512 1168 558 1202 Et
577 1166 682 1200 liabet
703 1165 756 1197 lex
781 1165 957 1197 rationem
981 1163 1193 1196 naturalem.

205 1225 370 1259 Officium
391 1222 487 1268 quod
512 1220 635 1252 volens
659 1217 753 1251 ultro
780 1222 935 1259 praestat
956 1215 1030 1249 sine
1054 1227 1117 1248 suo
1141 1213 1193 1244 in-

206 1276 416 1314 commodo,
444 1282 671 1317 nequaquam
693 1267 796 1299 debet
814 1279 886 1301 esse
905 1267 1058 1311 captatio
1083 1264 1192 1297 lucri:

206 1329 293 1361 dans
312 1332 435 1359 mutuo
454 1324 575 1356 volens
592 1321 666 1354 sine
683 1331 746 1352 suo
766 1318 1015 1358 incommodo,
1043 1329 1081 1349 ac
1107 1315 1194 1348 reci-

204 1379 305 1423 piens
327 1379 371 1410 ad
396 1382 531 1409 certum
557 1380 695 1416 tempus
719 1376 891 1414 quantum
913 1370 1079 1408 dederat,
1119 1367 1195 1400 x‘ult

205 1428 399 1464 existimari
415 1426 610 1463 officiosus,
637 1433 720 1465 ergo
738 1433 811 1453 11011
835 1421 939 1453 debet
960 1419 1112 1464 amplius
1135 1430 1194 1462 pe-

206 1480 350 1526 terem),
379 1477 511 1523 alioqui
530 1486 661 1508 nomen
681 1472 785 1505 officii
805 1473 1015 1505 transfertur
1042 1472 1086 1503 ad
1112 1469 1195 1502 insi-

205 1533 301 1572 dias,
330 1538 363 1564 et
379 1531 424 1563 ad
441 1527 611 1562 avaritiae
629 1529 862 1569 praetextum.
914 1523 1000 1557 Vult
1016 1522 1123 1566 igitur
1140 1522 1195 1555 lex

204 1583 312 1617 Moisi
328 1583 420 1615 inter
438 1580 529 1613 cives
547 1576 613 1611 hoc
634 1575 785 1608 osticium
803 1575 994 1617 gratuitum
1011 1586 1095 1614 esse,
1112 1573 1193 1618 quia

205 1635 290 1669 civis
314 1635 351 1666 in
377 1628 698 1665 communicatione
724 1638 862 1665 rerum,
891 1639 980 1671 quae
999 1623 1195 1658 communi-

207 1687 278 1719 cari
298 1690 462 1729 possunt,
489 1682 567 1727 plus
585 1679 759 1722 obligatus
785 1683 835 1710 est
855 1677 942 1715 cixi,
970 1689 1075 1722 quam
1096 1687 1195 1719 pere-

206 1737 308 1781 grino
328 1743 361 1768 et
378 1734 489 1774 hosti,
517 1733 607 1766 sicut
632 1731 684 1763 lex
701 1729 896 1762 Deuteron.
916 1726 974 1767 15,
992 1728 1042 1773 (2.
1061 1726 1112 1771 3.)
1138 1739 1195 1758 ve-

205 1795 256 1821 tat
274 1800 367 1821 anno
387 1786 420 1820 7.
439 1784 511 1829 peti
537 1782 694 1816 debitum
714 1793 732 1812 a
753 1780 844 1816 cive3
880 1781 939 1812 sed
963 1793 980 1811 a
1005 1777 1193 1823 peregrino

207 1851 367 1884 expresse
384 1836 555 1869 concedit.
606 1832 693 1865 Item
711 1831 883 1875 praecipit
898 1831 1100 1863 Hebraeum
1124 1841 1194 1862 ser-

205 1904 288 1924 vum
308 1888 457 1927 dimitti,
484 1892 608 1920 natum
631 1884 667 1916 in
691 1883 756 1915 alia
783 1888 884 1925 gente
908 1894 982 1914 non
1008 1880 1196 1925 oportebat

206 1942 349 1975 dimitti.
401 1939 452 1972 Ita
472 1938 583 1971 multa
608 1942 690 1970 sunt
721 1934 854 1973 officia,
891 1945 981 1978 quae
1000 1932 1095 1965 Deus
1120 1931 1196 1964 vult

207 1994 298 2027 cives
309 1991 442 2025 civibus
458 1995 649 2033 praestare,
668 1998 758 2032 quae
775 1997 847 2017 non
865 1997 1003 2018 necesse
1022 1989 1073 2017 est
1085 1980 1195 2016 hosti-

205 2046 270 2078 lius
288 2050 348 2077 aut
363 2040 557 2087 peregrinis
574 2045 764 2083 praestare.
819 2036 889 2080 Qui
906 2036 1013 2079 igitur
1028 2034 1195 2079 utrinque

206 2102 287 2131 sunt
304 2094 464 2127 membra
480 2090 673 2129 Ecclesiae,
707 2089 777 2122 sint
793 2087 866 2121 sine
887 2088 1088 2131 captatione
1105 2086 1194 2118 lucri

206 2154 239 2181 et
251 2147 325 2181 sine
340 2156 463 2178 usura:
491 2149 531 2176 ut
547 2142 575 2176 si
593 2141 670 2185 pius
686 2138 795 2173 homo
816 2151 894 2171 vere
914 2150 1016 2182 egens
1030 2137 1195 2181 petiverit

206 2200 249 2232 al)
270 2198 338 2231 alio
357 2196 435 2229 dari
452 2201 575 2227 mutuo
593 2194 811 2225 frumentum
841 2196 904 2223 aut·
925 2189 1111 2233 pecuniam
1124 2215 1132 2228 ,
1162 2195 1195 2221 et

205 2262 278 2283 non
302 2260 405 2292 egens
431 2246 481 2279 illi
507 2244 643 2278 dederit
668 2250 791 2275 mutuo
809 2241 930 2275 volens
946 2247 979 2273 et
995 2246 1088 2273 certo
1107 2246 1194 2272 tem-

207 2313 292 2346 pore
307 2297 499 2343 receperit,
526 2294 616 2329 nihil
632 2301 728 2339 petat
744 2293 913 2338 amplius,
941 2292 1023 2337 quia
1036 2291 1130 2325 Deus
1146 2291 1194 2325 sie

208 2351 378 2397 praecipit
396 2351 437 2383 de
456 2348 697 2386 mutuatione,
735 2358 824 2391 quae
849 2351 899 2378 est
923 2344 1077 2376 officium
1102 2343 1194 2375 inter

208 2404 299 2437 cives
311 2429 319 2441 ,
348 2402 444 2447 quod
461 2401 565 2433 (lebet
583 2411 654 2433 esse
669 2397 862 2441 gratuitum
882 2403 915 2429 et
930 2395 1005 2429 sine
1022 2394 1169 2429 insidiis.

307 2454 384 2485 Alia
403 2459 453 2486 est
468 2452 638 2485 damnosa
659 2446 887 2493 nlutuatioss),
910 2454 949 2481 ut
967 2459 1045 2480 cum
1060 2457 1193 2479 merca-

208 2511 264 2537 tor
281 2516 297 2537 a
316 2505 474 2537 tenuiore
492 2503 578 2547 petit
595 2514 760 2545 magnam
778 2499 965 2545 pecuniam
981 2498 1048 2532 sibi
1066 2504 1191 2531 mutuo

244 2623 289 2651 14)
310 2623 373 2646 Tot).
390 2622 412 2647 1.
434 2621 474 2646 16.
495 2620 534 2645 17.
560 2622 586 2645 4,
605 2621 646 2644 2¹.

244 2676 289 2703 15)
309 2674 418 2704 petere]
439 2673 564 2702 Prota-ge
584 2676 694 2702 typogr.
715 2677 825 2695 errore:
851 2676 956 2701 perere.

240 2726 272 2755 Σὲ)
291 2724 437 2752 mutuatio]
457 2723 599 2753 Proiegg.:
623 2722 745 2746 mutatio.

779 109 901 145 PHIL.
930 106 1042 142 MEL.
1077 102 1279 141 SCRIPTA
1308 101 1642 138 PHILOLOGICA.

2147 105 2226 144 580

1241 190 1337 230 dari,
1366 190 1448 235 quia
1467 190 1523 223 ille
1540 189 1682 223 tenuior
1699 199 1817 222 carere
1835 200 1898 223 suo
1914 201 1987 223 non
2010 197 2127 236 potest
2150 193 2225 228 sine

1242 241 1468 274 incommodo
1480 268 1489 281 ,
1515 247 1548 274 et
1565 247 1626 274 aut
1640 253 1714 273 non
1730 241 1956 275 constituitur
1974 248 2111 286 tempus
2134 245 2227 279 solu-

1242 292 1348 325 tionis
1382 298 1536 333 certum,
1580 298 1641 325 aut
1667 291 1774 326 nimis
1798 292 1957 335 longum.
2024 293 2089 328 Hic
2115 295 2228 328 mani-

1241 344 1367 377 festum
1398 349 1449 377 est
1478 343 1738 376 mutuationem
1775 344 1876 376 alteri
1906 345 2114 379 damnosam
2146 357 2230 380 esse.

1242 394 1290 428 Ut
1309 400 1426 427 autem
1444 394 1620 427 mutuatio
1637 406 1710 427 non
1726 395 1829 428 debet
1853 408 1925 429 esse
1949 397 2104 440 captatio
2129 396 2230 437 lucri,

1241 446 1288 479 sic
1311 445 1409 478 danti
1433 451 1557 478 mutuo
1585 457 1658 477 non
1682 445 1786 478 debet
1810 458 1882 480 esse
1906 447 2050 481 damno.
2107 446 2156 481 Et
2178 447 2232 480 in-

1243 497 1372 530 iustum
1399 502 1450 530 est
1474 496 1562 529 velle
1586 496 1795 540 locupletari
1819 509 1897 530 cum
1920 498 2050 531 iniuria
2076 498 2232 534 alterius.

1242 546 1280 581 In
1308 548 1367 580 tali
1392 560 1473 580 casu
1499 547 1586 580 iuste
1613 547 1747 590 petitur
1770 546 1958 588 interesse,
1986 549 2108 591 idest,
2135 562 2232 584 com-

1243 598 1402 643 pensatio
1421 598 1563 638 damni,
1588 597 1760 631 mediocri
1778 598 2034 634 aestimatione.

1343 650 1433 683 Sunt
1449 656 1483 683 et
1498 649 1739 683 mutuationes
1760 650 1973 691 damnosae,
2001 663 2080 683 cum
2101 650 2231 695 princi-

1243 713 1302 745 pes
1334 707 1459 746 petunt
1489 712 1655 744 magnam
1690 700 1877 744 pecuniam
1902 714 1920 734 a
1949 701 2117 742 subiistis,
2161 713 2232 748 qua

1242 752 1317 785 sine
1348 752 1568 785 detrimentis
1601 752 1732 785 subditi
1762 763 1881 785 carere
1911 765 1985 786 11011
2017 758 2166 798 possunt
2199 758 2235 786 et

1244 803 1340 836 nulla
1358 803 1577 837 constituunt
1594 809 1755 847 tempora
1774 803 1964 844 reddendi,
1998 816 2077 838 cum
2103 804 2147 837 ad
2171 815 2234 836 na-

1245 861 1360 888 turam
1376 853 1607 888 mutilationis
1622 854 1798 898 pertineat
1814 855 1979 889 constitui
1994 862 2128 889 certum
2147 860 2235 888 tem-

1244 919 1309 950 pus
1340 907 1384 938 ad
1415 906 1647 939 reddendum.
1698 905 1804 940 Tales
1835 906 2073 940 mutuationes
2102 905 2235 940 similes

1245 963 1325 991 sunt
1354 957 1403 989 illi
1425 957 1564 1001 generi,
1592 957 1634 989 de
1653 969 1723 1002 quo
1740 957 1795 990 lex
1811 957 1930 990 divina
1949 958 2127 1003 loquitur,
2153 969 2233 991 cum

1246 1008 1407 1041 concedit
1425 1020 1549 1041 usuras
1573 1007 1643 1052 peti
1670 1020 1688 1040 a
1713 1007 1920 1052 peregriliis.
1971 1008 2054 1042 Bon
2070 1015 2121 1042 est
2138 1008 2234 1041 enim

1246 1060 1294 1092 ibi
1318 1059 1422 1092 officii
1452 1059 1564 1098 ratio,
1607 1057 1689 1103 quia
1723 1071 1788 1091 nec
1820 1059 1907 1093 dans
1935 1066 2059 1093 mutuo
2088 1071 2234 1103 prorsus

1246 1117 1371 1155 sponte
1397 1110 1431 1142 id
1457 1109 1557 1149 facit,
1598 1121 1663 1141 nec
1688 1109 1771 1142 facit
1798 1109 1948 1150 virtute,
1982 1117 2022 1144 ut
2044 1111 2096 1143 illi
2119 1110 2236 1154 egenti

1248 1174 1350 1206 opem
1370 1162 1476 1200 serat,
1506 1167 1540 1193 et
1555 1160 1729 1204 accipiens
1750 1160 1862 1193 multo
1888 1161 1966 1205 plus
1991 1161 2097 1205 petit,
2125 1172 2235 1207 quam

1247 1218 1419 1258 quantum
1438 1212 1512 1245 sine
1530 1211 1819 1255 compensatione
1843 1212 1932 1244 alter
1956 1212 2128 1246 sustinere
2153 1224 2234 1257 pos-

1247 1264 1301 1298 sit.
1357 1263 1454 1296 Talis
1471 1269 1671 1296 contractus
1689 1269 1781 1295 certe
1806 1274 1878 1295 non
1904 1269 1955 1296 est
1979 1264 2133 1297 officiosa
2156 1276 2234 1297 mu-

1247 1314 1379 1354 tuatio,
1406 1321 1446 1347 ut
1463 1314 1606 1360 quidam
1625 1314 1852 1358 disputarunt
1873 1326 1945 1347 esse
1971 1315 2235 1348 innominatum

1248 1372 1486 1399 contractum:
1530 1365 1586 1398 Do
1610 1371 1649 1398 ut
1674 1366 1753 1405 des,
1790 1365 1873 1410 quia
1898 1363 1966 1399 hoc
1989 1367 2105 1407 deest,
2139 1367 2236 1411 quod

1248 1419 1292 1450 ad
1313 1424 1479 1450 naturam
1503 1416 1736 1450 mutuationis
1759 1417 1931 1462 pertinet,
1968 1423 2008 1451 ut
2032 1418 2076 1450 ad
2101 1423 2236 1451 certum

1248 1476 1387 1513 tempus
1404 1481 1480 1502 sors
1498 1469 1678 1502 reddatur.

1351 1520 1438 1553 Cum
1459 1526 1576 1553 autem
1603 1519 1735 1564 petitur
1760 1518 2001 1563 compensatio
2025 1519 2166 1559 damni,
2193 1517 2237 1552 sit

1249 1571 1447 1605 aestimatio
1481 1571 1669 1604 mediocris
1701 1569 1860 1603 restricta
1890 1570 2044 1614 legibus,
2078 1582 2152 1604 non
2176 1581 2236 1614 pe-

1248 1629 1368 1656 tantur
1385 1622 1593 1656 centesimae
1617 1627 1678 1655 aut
1700 1620 1897 1655 tricesimae
1922 1627 1983 1655 aut
2005 1633 2132 1655 usurae
2155 1632 2237 1655 usu-

1248 1686 1367 1706 rarum
1387 1679 1451 1706 etc.

1350 1724 1449 1757 Alius
1467 1730 1517 1757 est
1534 1729 1733 1757 contractus
1749 1722 1936 1763 societatis,
1954 1736 2033 1756 cum
2050 1722 2138 1756 alius
2155 1734 2237 1755 con-

1248 1777 1315 1809 sert
1339 1775 1544 1820 pecuniam,
1590 1776 1679 1808 alius
1703 1786 1868 1818 operam,
1910 1780 1943 1807 et
1967 1773 2120 1807 vicissim
2149 1772 2237 1817 petit

1249 1827 1424 1860 collocans
1440 1826 1626 1871 pecuniam
1647 1832 1781 1858 certum
1801 1825 1952 1865 lucrum,
1973 1825 2020 1858 sic
2040 1831 2171 1865 tamen,
2197 1830 2237 1858 ut

1249 1885 1282 1911 et
1307 1879 1520 1910 damnorum
1552 1877 1596 1910 sit
1625 1877 1794 1916 societas,
1826 1888 1870 1909 ne
1895 1877 1939 1910 sit
1960 1876 2102 1909 leonina
2127 1875 2236 1909 socie-

1248 1929 1366 1975 taslss).
1420 1928 1518 1962 Talis
1542 1928 1690 1961 societas
1715 1934 1784 1967 est,
1812 1939 1890 1960 cum
1917 1928 2104 1972 opulentus
2129 1927 2236 1960 collo-

1249 1987 1303 2014 cat
1319 1992 1419 2014 suam
1442 1979 1649 2024 pecuniam,
1683 1985 1745 2012 aut
1767 1984 1901 2013 tutores
1927 1979 2102 2012 collocant
2120 1977 2237 2023 pupil-

1248 2033 1363 2066 lorum
1382 2031 1567 2076 pecuniam
1585 2032 1629 2064 ad
1648 2036 1760 2064 certas
1783 2030 1980 2075 emptiones
2005 2036 2038 2064 et
2061 2029 2236 2063 venditio-

1249 2096 1329 2124 nes,
1355 2096 1433 2116 cum
1454 2089 1557 2127 pacto
1576 2082 1660 2115 certi
1674 2082 1763 2115 lucri
1781 2087 1845 2115 etc.

1349 2134 1521 2178 Expresse
1548 2134 1641 2166 enim
1664 2139 1698 2166 et
1722 2133 1758 2167 in
1775 2132 1903 2166 Codice
1932 2139 1966 2166 et
1987 2131 2024 2165 in
2042 2130 2235 2166 Institutio-

1248 2186 1351 2220 nibus
1377 2186 1574 2230 approbata
1600 2192 1651 2219 est
1674 2182 1760 2218 haec
1782 2185 1950 2224 societas,
1993 2183 2029 2216 in
2052 2195 2120 2228 qua
2144 2183 2232 2215 alter

1249 2238 1383 2271 confert
1399 2237 1586 2282 pecuniam
1606 2243 1639 2270 et
1656 2236 1752 2270 salvo
1774 2235 1914 2280 capitali
1930 2234 2018 2278 petit
2041 2234 2128 2267 lucri
2153 2245 2234 2278 par-

1249 2295 1336 2329 tem,
1371 2289 1460 2322 alter
1487 2300 1613 2333 operas
1636 2285 1838 2333 c011fert¹⁷).
1904 2285 2019 2318 Verba
2042 2283 2129 2319 haec
2153 2291 2235 2319 sunt

1248 2340 1283 2372 in
1300 2339 1585 2374 institutionibus
1597 2339 1658 2385 ¹⁸):
1694 2338 1786 2374 Nam
1815 2344 1849 2371 et
1871 2337 1918 2370 ita
1944 2336 2029 2369 coiri
2054 2348 2156 2381 posse
2179 2348 2234 2371 so-

1247 2392 1407 2424 cietatem
1433 2404 1506 2425 nou
1530 2392 1732 2431 dubitatur,
1763 2395 1803 2424 ut
1827 2389 1914 2421 alter
1936 2388 2123 2432 pecuniam
2151 2400 2234 2421 con-

1246 2444 1353 2483 serat,
1380 2444 1468 2476 alter
1485 2456 1558 2476 nou
1576 2443 1754 2482 conserat,
1788 2446 1907 2473 tamen
1918 2438 1961 2485 l²³)
1983 2440 2121 2473 lucrum
2142 2439 2233 2473 inter

1281 2553 1327 2581 16)
1347 2552 1424 2577 Couf.
1444 2557 1527 2582 supra
1545 2559 1570 2582 p.
1585 2551 1645 2576 258.
1663 2550 1728 2573 nota
1741 2548 1767 2572 8.

1281 2596 1325 2627 17)
1346 2596 1425 2621 Conf.
1447 2600 1530 2625 supra
1549 2602 1574 2625 p.
1593 2594 1638 2617 141
1657 2599 1714 2622 sqq.
1735 2590 1786 2615 258
1801 2597 1860 2622 sqq.

1280 2640 1325 2670 18)
1348 2640 1435 2663 instit.
1451 2639 1496 2662 111.
1516 2639 1557 2662 tit.
1571 2637 1612 2662 25.
1633 2636 1666 2659 de
1685 2634 1840 2665 societate,
1861 2633 1886 2664 S.
1900 2633 1925 2659 2.
1945 2631 2025 2666 (cod.
2044 2632 2097 2659 iur.
2116 2632 2170 2658 civ.
2190 2632 2231 2657 ed·

1314 2675 1385 2698 Beck
1405 2675 1433 2697 Τ,
1448 2674 1467 2699 1.
1488 2673 1516 2696 Ρ.
1532 2673 1549 2696 1.
1571 2679 1595 2701 p.
1608 2670 1673 2701 89).

1279 2716 1324 2748 19)
1345 2717 1450 2745 tamen]
1470 2715 1510 2738 sic
1529 2714 1675 2744 Prolegg.;
1702 2712 1729 2736 in
1747 2710 1838 2736 lustit.
1857 2710 1987 2742 scriptum
2007 2712 2066 2735 est:
2085 2711 2113 2734 et
2131 2712 2230 2734 tamen.
