2347 3000
108 125 184 160 897
321 126 410 162 vni.

470 123 753 161 ENARRATIO
797 122 1057 159 ORATIOMS
1101 122 1349 160 CICERONIS
1389 126 1487 161 PRO
1522 127 1700 163 ARCHIA
1743 131 1917 171 POETA.

2052 138 2125 174 898

101 220 165 240 cum
190 211 264 240 hanc
287 221 369 251 spem
392 212 429 241 de
453 217 483 241 te
506 209 704 248 conceperim,
732 214 764 237 ut
786 209 833 238 vel
856 209 1096 247 significationem
1120 209 1244 247 aliquam
1269 217 1370 248 gratae
1395 213 1498 241 inentis
1521 213 1586 241 boni
1610 215 1758 255 consutas,
1787 218 1904 248 minime
1928 226 2120 258 praetereun-

101 253 166 281 dam
191 263 255 282 esse
278 256 456 283 occasionem
479 253 659 290 existimavi,
688 261 746 290 qua
775 259 805 281 et
826 262 921 281 meam
950 253 979 280 in
1002 258 1032 281 te
1061 252 1286 290 gratitudinem,
1309 263 1379 292 erga
1402 256 1545 284 studiosos
1569 266 1637 286 vero
1661 268 1776 297 omnes,
1804 264 2046 301 promptissimam
2070 276 2120 294 vo-

100 296 240 325 luntatem
264 297 452 326 declararem.
498 296 582 324 Vale.

226 355 306 384 Haec
327 354 451 393 epistola
473 363 537 383 eam
559 354 595 382 ob
616 362 731 382 causam
753 352 783 384 h.
805 353 825 383 1.
848 358 894 382 est
916 361 1034 389 recusa,
1066 353 1143 391 quod
1167 363 1204 382 ex
1227 363 1262 383 ea
1286 361 1420 393 tempus,
1457 366 1513 394 quo
1535 357 1618 386 huius
1640 359 1776 389 orationis
1798 363 1944 392 enarratio
1965 373 1982 393 a
2004 364 2118 394 Melan-

102 396 189 427 thone
210 399 317 436 scripta
338 399 389 435 sit,
412 397 601 436 cognoscitur.
646 397 679 425 111
701 395 757 426 Ed.
781 394 875 428 1568.
899 401 929 426 et
950 395 1130 435 dispositioni
1152 402 1182 425 et
1205 398 1374 436 paraphrasi
1397 408 1490 427 annus
1519 399 1610 430 1529.
1632 402 1794 440 adscriptus
1817 410 1870 436 est.

365 652 399 688 l.
448 647 807 686 DISPOSITIO
850 647 1195 686 ORATIONIS
1238 648 1352 686 PRO
1396 650 1625 687 ARCHIA
1665 653 1864 692 POETA

610 726 861 756 AUCTORE
894 725 1144 756 PH1L1PPO
1177 726 1608 766 MELANTHONE1).

97 816 218 870 Initio
238 832 456 880 οἰκονομίαν
472 834 607 867 exordii
625 835 817 868 trademus.
869 833 923 868 De
944 835 1080 881 reliqua

100 887 282 927 oratione,
318 892 351 919 et
383 886 424 917 de
439 885 470 931 2)
504 897 607 918 causa
641 891 762 929 postea
798 885 927 919 dicturi
950 899 1082 921 sumus.

97 939 147 971 Ac
178 938 307 971 multas
338 936 507 969 utilitates
539 936 653 968 adfert
681 934 767 969 haec
783 936 814 982 3)
846 937 940 970 ratio
963 938 1082 971 distri-

97 989 318 1022 buendarum
340 986 609 1027 sententiarum,
637 1000 705 1032 qua
728 985 784 1020 hic
799 993 951 1022 utemur.
1004 989 1082 1022 Pri-

97 1052 194 1073 mum
219 1038 312 1071 enim
335 1038 554 1071 voluntatem
586 1038 862 1084 uniuscqusque
887 1040 1021 1074 autoris
1054 1040 1082 1073 Is

97 1092 239 1124 demum
256 1095 349 1122 recte
367 1089 511 1133 adsequi
530 1089 672 1132 poterit,
700 1089 761 1134 qui
774 1090 900 1123 seriem
920 1091 1078 1124 omnium

96 1140 351 1176 sententiarum
379 1140 695 1183 contemplabitur,
739 1147 773 1173 et
809 1141 1081 1182 animadvertet,

97 1192 279 1238 quomodo
304 1192 396 1224 inter
418 1203 452 1225 se
478 1191 712 1225 consentiant.
765 1191 902 1225 Deinde
934 1205 1012 1225 curn
1044 1193 1080 1225 in

97 1244 220 1277 alienis
244 1243 381 1286 scriptis
404 1243 579 1275 rationem
597 1242 834 1286 coniiingendi
850 1244 1079 1289 sententias⁴)

95 1293 473 1334 animadverierimus‚
507 1292 699 1327 scribemus
729 1300 762 1326 et
791 1294 858 1338 ipsi
891 1294 1002 1337 inagis
1024 1307 1080 1327 co-

96 1344 291 1379 haerentia.
344 1344 544 1377 Plurimum
575 1344 694 1389 itaque
723 1347 868 1388 prodest
893 1343 979 1378 haec
1002 1346 1080 1378 dili-

98 1397 214 1441 gentia
253 1396 530 1429 considerandae
563 1395 804 1439 dispositionis
835 1397 871 1428 in
906 1396 1080 1437 oratione,

97 1455 172 1481 tum
195 1448 239 1480 ad
264 1447 512 1486 imitationem,
540 1452 615 1479 tum
638 1447 743 1479 etiam
769 1448 814 1480 ad
838 1448 1079 1482 iudicandum.

95 1499 187 1532 Nam
214 1498 350 1531 etiamsi
377 1495 466 1530 nihil
497 1497 663 1541 ‘scripturi
694 1510 834 1538 sumus,
867 1505 986 1531 tamen
1014 1497 1079 1532 hac

96 1550 234 1582 ratione
268 1549 449 1582 iudicandi
480 1549 522 1581 de
547 1548 670 1582 alienis
697 1549 835 1594 scriptis
860 1561 978 1583 carere
1005 1562 1078 1584 non

93 1612 290 1644 possumus,

196 1650 311 1684 Locus
338 1649 472 1682 exordii
490 1655 650 1694 sumptus
667 1656 717 1683 est
734 1661 775 1683 ex
791 1651 970 1685 communi
987 1651 1078 1691 loco,

95 1701 224 1735 scilicet
257 1713 297 1733 ex
321 1700 435 1733 officio
467 1701 671 1733 referendae
697 1703 843 1744 gratiae.
895 1702 999 1737 Nulla
1029 1709 1079 1735 est

95 1759 213 1786 autem
237 1751 410 1785 efficacior
427 1751 517 1784 ratio
538 1752 780 1785 conciliandae
798 1753 1078 1794 benevolentiae,

95 1816 203 1848 quain
235 1815 325 1848 quae
359 1803 402 1834 ab
432 1800 581 1835 honesto
615 1809 676 1836 aut
708 1804 751 1835 ab
784 1805 899 1837 officio
926 1804 1077 1838 ducitur.

78 1855 226 1900 rEstque
250 1852 335 1886 haec
360 1853 578 1897 propositio,
607 1866 647 1885 ex
665 1866 732 1898 qua
752 1860 865 1887 totum
890 1855 1073 1888 exordium

94 1907 268 1945 nascitur,
303 1905 339 1937 in
368 1903 484 1948 prima
515 1903 662 1948 periodo
694 1904 826 1948 posita:
862 1905 937 1949 Ego
964 1907 1075 1940 debeo

93 1954 262 1989 Archiam
306 1955 408 1995 tueri,
454 1961 493 1988 ut
532 1955 683 1987 reseram
726 1955 757 1987 ei
797 1957 958 1999 gratiani.
1036 1956 1076 1990 In

94 2007 247 2042 secunda
278 2006 426 2051 periodo
461 2005 620 2050 sequitur
652 2005 873 2054 αἰτιολογία,
912 2005 979 2041 hoc
1014 2014 1076 2047 est,

93 2057 259 2103 probatio
276 2055 380 2091 huius
396 2056 605 2090 sententiae:
630 2056 722 2100 Quia
738 2056 886 2092 Archias
902 2059 1037 2092 adiuvit
1045 2059 1074 2105 ⁵)

93 2108 163 2143 hoc
194 2121 313 2142 meum
341 2108 495 2142 studium
528 2107 679 2141 dicendi.
733 2107 856 2141 Tertio
871 2109 902 2154 6)
933 2116 984 2144 est
1015 2110 1076 2143 ad-

93 2161 166 2193 dita
195 2159 391 2193 conclusio:
420 2159 507 2192 Cum
524 2158 692 2192 beneficio
708 2157 859 2193 Archiae
876 2160 952 2194 aliis
971 2173 1074 2205 opem

92 2214 182 2245 serre
198 2211 228 2257 ⁷)
251 2210 402 2255 possim,
437 2209 603 2242 convenit
634 2216 672 2242 ut
703 2209 819 2254 ipsum
852 2223 994 2257 quoque
1018 2213 1076 2244 de-

94 2263 247 2295 fendam.
301 2261 390 2295 Cum
424 2261 618 2294 sententiae
652 2261 695 2293 ad
727 2259 820 2294 hunc
843 2263 989 2295 modum
1018 2263 1075 2296 de-

96 2313 214 2346 tractis
237 2312 456 2345 ornamentis
478 2312 707 2355 digeruntur,
741 2312 841 2345 facile
871 2320 991 2358 postea
1026 2320 1076 2347 est

132 2415 161 2442 1)
180 2414 228 2438 Ed.
246 2414 318 2439 1568.
337 2414 362 2437 h.
380 2414 400 2438 l.
420 2414 488 2437 hanc
506 2413 584 2436 hahet
604 2412 824 2443 inscriptionem:
844 2413 994 2444 Dispositio
1010 2420 1076 2439 ora.-

162 2448 263 2476 tionis‚
281 2454 358 2478 quam
376 2453 425 2478 pro
444 2447 546 2471 Archia
563 2448 643 2477 poeta
662 2448 757 2472 Cicero
774 2448 877 2480 habuit,
896 2451 993 2474 autore
1012 2449 1075 2473 Phi-

164 2482 209 2511 lip.
229 2482 360 2506 Melanch.
381 2482 454 2507 1529.

129 2516 160 2543 2)
181 2516 227 2544 de]
249 2516 276 2539 in
295 2517 343 2540 Ed.
364 2517 438 2540 1554.
458 2517 542 2540 deest.

129 2558 160 2586 3)
182 2559 261 2586 haec]
281 2559 314 2581 ab
332 2558 414 2582 Editt.
436 2559 511 2582 1536.
531 2559 574 2588 P..
598 2558 670 2581 1⁵39.
694 2558 722 2581 P.
744 2559 829 2582 alwst.

128 2603 159 2627 4]
180 2601 347 2628 sententias]
368 2600 415 2624 Ed.
436 2601 510 2624 1569.
530 2603 639 2631 typogr.
660 2607 769 2624 errore:
790 2602 935 2626 sententia.

129 2645 158 2671 5)
180 2643 299 2672 adiuvit]
319 2643 367 2667 Ed.
389 2643 463 2668 1592.
482 2644 566 2667 male:
585 2644 698 2671 audivit.

129 2687 160 2714 6)
180 2686 285 2714 Tertio]
306 2686 353 2710 Ed.
375 2685 447 2709 1568.
468 2686 567 2709 Tertia.

131 2728 161 2756 7)
180 2729 269 2757 serre]
288 2729 336 2752 Ed.
359 2728 431 2752 1536.
452 2727 480 2751 P.
500 2730 609 2759 typogr.
632 2735 741 2754 errore:
762 2729 828 2753 fere.

101 2770 276 2800 MELAYru.
300 2770 405 2801 Orza.
431 2770 514 2800 Vox..
538 2771 627 2800 XVI.

1137 837 1267 876 videre,
1296 849 1388 882 quae
1405 844 1616 870 ornamenta
1634 840 1813 875 accedant.
1866 842 1986 877 Prima
2003 847 2119 889 perio-

1136 889 1199 921 dus
1224 889 1383 921 continet
1407 889 1684 928 incrementum;
1713 903 1796 924 nam
1819 889 1885 926 hae
1910 898 2119 944 cognatae3)

1135 940 1267 984 species
1298 941 1342 972 ad
1369 952 1477 973 unam
1511 941 1721 974 sententiam
1752 943 1993 987 amplificandi
2017 960 2119 982 causa

1135 991 1356 1030 reseruntur,
1384 991 1587 1035 ingenium,
1616 993 1838 1035 exercitatio,
1866 996 1970 1038 ratio,
1999 998 2034 1031 id
2057 1006 2120 1040 est,

1135 1053 1202 1075 ars.
1256 1040 1295 1074 In
1328 1044 1481 1076 secunda
1510 1042 1658 1087 periodo
1686 1056 1800 1088 paene
1829 1047 1967 1081 nullum
1990 1056 2041 1084 est
2063 1063 2120 1083 or-

1135 1099 1360 1131 namentum;
1387 1099 1525 1126 tantum
1550 1094 1632 1127 fecit
1654 1097 1871 1130 mentionem
1891 1098 2120 1134 circumstan-

1135 1143 1221 1183 tiae,
1254 1156 1299 1176 ne
1324 1143 1429 1178 nimis
1452 1145 1569 1178 brevis
1593 1152 1681 1179 esset
1707 1146 1972 1185 circumductio.
2027 1151 2119 1186 Con-

1135 1194 1242 1227 clusio
1277 1201 1328 1228 est
1358 1196 1448 1228 sacta
1483 1194 1756 1241 enthymematis
1773 1198 1803 1245 9)
1837 1202 1963 1241 modo,
2002 1208 2036 1236 et
2068 1210 2119 1238 est

1134 1245 1296 1289 repetitio
1323 1247 1474 1280 duarum
1498 1248 1729 1291 periodorum
1755 1252 1998 1294 superiorum:
2028 1253 2118 1288 Cum

1133 1293 1219 1328 haec
1246 1309 1314 1329 vox
1340 1297 1384 1330 sit
1411 1298 1454 1330 ab
1480 1295 1610 1332 Archia
1634 1299 1678 1331 ad
1707 1301 1854 1334 salutem
1887 1303 2039 1338 aliorum
2064 1317 2118 1340 as-

1133 1347 1284 1380 suefacta
1302 1346 1366 1393 10),
1399 1360 1481 1392 ergo
1507 1349 1611 1383 debet
1637 1350 1743 1384 etiam
1765 1351 1916 1388 Archiae
1938 1356 2117 1398 prodesse.

1132 1398 1223 1431 Nam
1257 1399 1386 1431 omissa
1413 1405 1465 1432 est
1493 1400 1610 1433 maior
1640 1401 1825 1438 absolvens
1855 1405 2115 1450 syllogismum:

1131 1448 1295 1494 Aequum
1325 1455 1386 1489 cst,
1413 1456 1453 1483 ut
1479 1451 1627 1496 quisque
1652 1452 1804 1487 fructum
1828 1455 1918 1489 serat
1942 1457 1996 1490 sui
2012 1458 2116 1492 hene-

1131 1500 1212 1533 ficii.
1265 1499 1423 1534 Tametsi
1455 1498 1547 1535 hanc
1576 1502 1751 1537 rationem
1780 1506 1997 1548 subindicat,
2036 1521 2115 1543 curn

1134 1551 1307 1596 quaedam
1334 1552 1440 1584 verba
1467 1553 1510 1585 ab
1537 1565 1575 1585 ea
1601 1560 1784 1588 mutuatur
1804 1556 1859 1602 ¹¹).

1209 1602 1345 1635 Deinde
1361 1610 1559 1648 sequuntur
1576 1606 1824 1648 occupationes
1838 1609 1942 1642 duae.
1975 1610 2113 1644 Prima:

1132 1653 1324 1697 Quomodo
1356 1660 1471 1698 potest
1503 1660 1606 1699 poeta
1638 1656 1807 1690 adiuvare
1825 1658 1869 1705 12)
1910 1662 2116 1695 oratorem?

1132 1704 1337 1748 Respondet
1362 1705 1586 1739 brevissime:
1615 1706 1708 1751 Quia
1732 1721 1855 1743 omnes
1874 1717 1966 1744 artes
1987 1724 2115 1757 cogna—

1132 1761 1187 1787 tae
1218 1762 1318 1795 sunt,
1354 1762 1386 1788 et
1410 1768 1445 1789 se
1475 1764 1598 1791 mutuo
1631 1758 1814 1792 adiuvant.
1866 1760 1987 1795 Altera
2013 1776 2114 1797 occu-

1131 1806 1227 1850 patio
1255 1813 1320 1840 est:
1350 1806 1499 1840 Videtur
1519 1808 1678 1851 ineptum
1707 1809 1743 1843 in
1768 1804 1846 1843 sorio
1871 1812 1969 1857 loqui
1994 1814 2036 1847 de
2059 1826 2113 1847 ar-

1130 1857 1218 1890 tium
1254 1864 1287 1890 et
1318 1857 1517 1891 litterarum
1553 1859 1696 1900 studiis,
1736 1860 1771 1893 id
1804 1864 1901 1907 quod
1929 1863 2000 1896 iam
2033 1865 2114 1898 fecit

1131 1908 1273 1948 Cicero,
1301 1915 1334 1941 et
1358 1909 1464 1952 paulo
1488 1916 1567 1953 post
1592 1910 1768 1955 copiosius
1790 1912 1904 1948 saciet.
1958 1915 2034 1948 Hoc
2057 1928 2114 1949 ex-

1130 1966 1225 1992 cusat
1242 1965 1382 2003 sumpto
1401 1967 1611 2003 argumento
1629 1974 1647 1993 a
1668 1974 1818 2006 persona
1834 1962 2005 1999 Archiae:
2029 1967 2113 2011 quia

1130 2023 1194 2054 pro
1219 2016 1323 2054 poeta
1346 2010 1393 2043 ita
1419 2012 1608 2044 conveniat
1631 2013 1765 2054 (licere,
1800 2027 1844 2048 ne
1869 2016 1980 2060 magis
2006 2018 2112 2050 etiam

1130 2062 1356 2105 perturbetur
1389 2061 1465 2101 ille,
1501 2062 1560 2107 qui
1593 2075 1778 2109 nunquam
1811 2074 1969 2101 versatus
2003 2070 2112 2101 estin

1129 2112 1267 2146 iudiciis
1286 2112 1350 2159 ¹³),
1378 2112 1405 2146 si
1428 2125 1481 2146 res
1506 2120 1631 2157 agatur
1653 2115 1782 2150 usitata
1804 2119 2042 2153 contentione.

1162 2237 1193 2265 8)
1212 2239 1358 2269 cognatae]
1377 2239 1426 2264 Ed.
1448 2238 1522 2263 1592.
1541 2240 1676 2271 cognitae.

1162 2289 1192 2316 9)
1212 2289 1442 2318 enthymematis]
1468 2289 1509 2313 sic
1535 2296 1629 2314 omnes
1648 2291 1732 2316 Editt.
1752 2293 1863 2322 excepta
1882 2294 1930 2317 Ed.
1951 2295 2042 2322 1592..
2070 2297 2113 2321 uhi

1198 2323 1312 2352 legitur:
1333 2324 1570 2352 enthymematum.
1590 2337 1624 2341 ——
1643 2326 1682 2348 De
1701 2327 1902 2356 enthymemate
1919 2330 1989 2354 conf.
2006 2323 2114 2354 Melan-

1198 2357 1293 2414 111οὲἑὲ
1313 2358 1426 2380 erotem.
1446 2358 1552 2381 dialect.
1572 2359 1599 2382 in
1621 2359 1700 2383 huius
1719 2361 1798 2391 Corp.
1817 2361 1939 2387 Reform.
1959 2363 2020 2388 Vol.
2041 2365 2111 2390 XIII.

1198 2397 1222 2420 p.
1312 2397 1368 2421 sqq.

1165 2442 1211 2469 10)
1230 2441 1295 2464 Cum
1322 2442 1386 2465 haec
1411 2445 1466 2465 vox*
1489 2443 1526 2466 sit
1549 2444 1815 2472 aii—assuefacta]
1846 2445 1885 2469 sic
1916 2447 1998 2472 Editt.
2027 2449 2111 2480 1533..

1199 2475 1289 2501 1536..
1311 2476 1404 2505 1539..
1426 2476 1516 2505 1553..
1538 2478 1629 2503 1554..
1659 2479 1749 2508 155⁸ss
1776 2479 1825 2501 Ed.
1848 2480 1936 2504 1545:
1962 2481 2027 2505 Cum
2047 2484 2112 2507 haec

1199 2516 1250 2533 vox
1270 2510 1302 2532 ah
1316 2510 1416 2533 Archia
1434 2511 1467 2533 ad
1486 2512 1601 2534 salutem
1620 2511 1735 2535 aliorum
1748 2513 1921 2543 adsuefacta3
1939 2516 2021 2539 Editt.
2039 2518 2111 2541 1592.

1200 2546 1225 2566 et
1249 2543 1360 2568 Cotum:
1395 2545 1460 2568 (um
1479 2546 1546 2569 haec
1566 2551 1619 2570 vox
1639 2547 1671 2569 ab
1691 2547 1791 2571 Archia
1808 2547 1843 2570 ad
1861 2549 1977 2574 salutem
1996 2551 2110 2576 alioruin

1197 2579 1354 2600 assuefacta
1373 2580 1424 2602 est.

1166 2627 1212 2655 11)
1231 2629 1383 2656 mutuatur]
1405 2629 1452 2651 Ed.
1474 2629 1547 2654 1536.
1567 2630 1595 2653 Ρ.
1619 2632 1779 2654 mutuamur.

1166 2677 1211 2704 12)
1231 2677 1377 2707 adiuvare]
1398 2679 1445 2703 Ed.
1469 2679 1541 2704 1545.
1563 2682 1672 2712 typogr.
1693 2688 1804 2706 errore:
1822 2683 1943 2707 {iduvare

1166 2729 1211 2757 13)
1232 2728 1351 2759 iudiciis]
1372 2731 1418 2754 Ed.
1442 2732 1514 2755 1592.
1535 2733 1667 2758 iudicium.

1469 2766 1517 2800 57
