2347 3000
224 118 295 154 139

221 216 361 238 causam
395 203 538 243 damni,
582 203 660 236 ideo
691 202 879 246 diligenter
906 201 1205 235 considerandum

220 263 290 295 est,
319 256 415 301 quod
432 254 659 299 Digestorum
680 267 745 298 pro
765 253 874 292 socio,
898 253 972 295 lege
989 251 1132 285 Socium
1146 251 1206 297 l⁸¹),

221 314 252 341 et
266 307 405 341 Codicis
421 307 463 339 dc
480 305 608 345 usuris,
624 306 698 349 lege
709 305 797 338 Cum
815 303 1018 349 allegas'ffi),
1037 303 1074 336 in
1091 304 1204 346 glossa

220 358 495 403 prudentissima
526 357 776 390 discermlntur
802 366 949 393 usurae,
989 360 1024 387 et
1047 354 1083 387 id
1109 356 1205 400 quod

219 411 375 444 interest.
427 408 510 442 Ideo
529 409 691 442 doctores
715 405 804 439 lianc
828 404 1093 449 stipulationem
1119 407 1205 447 eius,

219 462 316 507 quod
336 461 492 500 interest,
511 460 724 503 approbant,
744 457 851 489 modo
873 457 918 490 sit
936 469 1059 490 verum
1081 463 1114 490 et
1132 470 1204 490 non

217 513 421 547 simulatum
448 512 626 543 interesse.
677 508 723 541 Et
747 508 783 540 in
809 508 921 552 capite
947 507 1134 549 Pervenit,
1161 510 1204 542 de

217 563 480 598 fideiussoribus
489 561 534 606 l¹³)
551 559 761 604 pronuntiat
775 560 999 605 p‹›11tiscx⁴²),
1016 566 1055 593 ut
1067 560 1204 594 fideius-

217 616 309 655 sori,
344 614 405 659 qui
429 625 492 657 pro
517 612 592 645 aliis
617 612 790 651 solverat,
823 612 1007 645 solvantur
1035 618 1068 644 ct
1093 611 1204 644 credi-

217 674 290 700 tum
303 692 311 705 ,
339 672 371 698 et
389 663 513 709 quanti
531 663 687 696 interest.
734 662 799 695 Hic
820 675 918 696 casus
936 662 1135 696 simillimus
1154 668 1205 696 est

217 717 313 751 casui
343 722 484 749 nostrae
517 713 746 760 quaestionis.
813 714 904 748 Nun
937 714 1121 747 fideiussor
1146 714 1203 747 ille

217 768 358 801 iuterim
377 767 474 800 velut
494 772 618 799 mutuo
641 766 702 799 dat
723 766 912 809 pecuniam
936 765 1005 805 illi,
1040 777 1106 809 pro
1132 778 1202 810 quo

216 819 330 854 solvit.
393 820 512 862 Quare
530 818 693 850 doctores
709 814 777 850 hoc
794 817 954 861 exemplo
970 822 1139 856 utuntur,
1171 822 1205 850 et

215 871 372 905 sentiunt
388 868 480 902 hanc
501 868 769 912 stipulationem
797 868 931 900 licitam
957 880 1049 908 esse,
1078 874 1112 901 et
1134 868 1203 900 tale

215 923 382 956 iuteresse
408 933 449 953 cx
473 919 708 952 conventione
726 919 797 963 peti
820 931 934 963 posse.
987 919 1043 953 Sic
1070 919 1203 952 iudicat

214 972 411 1007 llostiensis
428 972 465 1004 in
482 984 558 1015 cap.
573 970 783 1010 Salubriter,
803 971 847 1003 de
864 970 980 1004 usuris
996 970 1042 1016 ⁴¹⁵)
1054 997 1062 1010 ‚
1081 970 1203 1004 deberi

215 1025 319 1058 etiam
341 1024 394 1062 id,
424 1023 520 1068 quod
544 1022 690 1055 interest
714 1022 804 1055 lucri
828 1022 995 1056 cessantis
1020 1028 1102 1055 ante
1127 1034 1203 1055 mo-

214 1089 312 1115 ram,
350 1075 411 1108 sed
429 1074 544 1107 addit:
581 1075 690 1107 modo
716 1086 760 1106 ne
784 1073 828 1107 sit
851 1079 1053 1118 praetextus
1079 1086 1203 1107 usura-

215 1141 306 1162 rum.
363 1126 438 1159 Etsi
463 1125 558 1159 enim
586 1125 742 1171 aliquam
767 1137 918 1170 aequam
944 1124 1203 1168 compensatio-

214 1192 295 1212 uem
312 1177 492 1218 concedit,
520 1183 640 1210 tamen
658 1183 769 1209 metas
795 1183 907 1209 certas
934 1175 1137 1215 constituit,
1164 1181 1204 1208 ut

214 1232 251 1264 in
270 1229 450 1275 personis,
479 1228 608 1274 quibus
625 1228 809 1261 facultates
827 1239 910 1260 suae
927 1226 1139 1270 praecipuae
1156 1225 1202 1271 ⁴⁶)

213 1289 295 1317 sunt
319 1281 355 1314 in
378 1280 528 1325 pecunia
554 1285 587 1312 et
611 1278 864 1322 negotiatione.
930 1277 996 1310 Hic
1026 1289 1105 1310 cum
1129 1289 1203 1309 nou

213 1333 350 1378 possint
362 1333 436 1365 sine
451 1332 582 1363 damno
595 1342 723 1374 magna
735 1329 884 1373 pecunia
898 1340 1031 1369 carere,
1048 1340 1201 1373 aequum

213 1391 264 1418 est
289 1383 447 1428 aliquam
473 1394 652 1426 compens
645 1388 802 1414 itionem
836 1380 956 1419 reddi,
999 1385 1033 1412 et
1057 1385 1202 1413 eatenus

213 1436 302 1480 prol)
307 1434 379 1468 at⁴¹
383 1435 396 1479 )
413 1431 436 1466 h
440 1445 505 1466 ane
521 1432 801 1477 stipulationem.

314 1486 360 1519 Et
374 1483 462 1519 haec
479 1484 723 1528 compensatio
748 1484 786 1516 fit
805 1481 995 1515 mediocris
1020 1493 1086 1526 pro
1111 1479 1202 1514 iudi-

213 1538 266 1571 cio
290 1538 471 1570 bonorum
496 1536 676 1575 xirorum,
713 1541 774 1567 aut
798 1539 890 1566 certe
917 1533 1055 1567 iudicis.
1108 1532 1139 1567 N
1144 1544 1201 1564 am

212 1589 408 1634 aequalitas
425 1588 462 1620 in
478 1587 638 1620 civilibus
654 1562 806 1630 negotiis
824 1597 899 1617 non
917 1591 1079 1618 versatur
1095 1583 1132 1616 in
1149 1583 1202 1616 in-

212 1640 400 1680 divisibili,
428 1640 487 1673 sed
514 1638 553 1675 ἐν
578 1634 721 1679 πλάτει,
750 1635 818 1670 hoc
845 1642 914 1676 est,
941 1636 979 1668 in
1002 1635 1201 1669 latitudine.

211 1692 294 1725 ldco
327 1704 401 1725 non
432 1696 547 1735 potest
581 1701 694 1723 unum
722 1689 888 1734 aliquod,
928 1700 990 1721 seu
1016 1693 1201 1731 punctum,

211 1745 272 1778 seu
303 1756 374 1777 una
401 1743 517 1775 forma
549 1740 733 1780 constitui,
776 1740 805 1774 si
835 1746 974 1773 tantum
999 1738 1201 1783 stipulatur,

212 1801 385 1841 quantum
403 1793 511 1827 etiam
530 1793 604 1826 sine
621 1791 850 1837 stipulatione
865 1792 980 1825 bonus
996 1790 1051 1823 vir
1070 1789 1201 1834 proba-

212 1847 275 1879 bili
301 1846 441 1879 ratione
470 1845 598 1878 debere
633 1843 799 1883 sentiret,
843 1855 905 1877 seu
940 1848 1116 1888 quantum
1151 1846 1202 1875 est

211 1899 402 1937 damnum,
437 1908 498 1930 seu
522 1896 806 1940 propemodum,
838 1900 1012 1940 quantum
1036 1898 1125 1927 esset
1148 1892 1202 1926 lu·

211 1961 330 1989 crum,
366 1961 436 1994 quo
460 1948 596 1981 interea
622 1947 807 1980 fraudatus
835 1952 897 1980 est.
966 1945 1062 1978 Haec
1084 1945 1201 1978 forma

211 2000 407 2045 probabilis
424 2005 486 2033 est.
539 1999 607 2032 Sed
626 2011 705 2031 cum
720 1999 859 2032 lucrum
885 2003 1049 2041 captatui
1059 2023 1069 2036 ‚
1105 1995 1201 2029 ideo-

211 2065 306 2097 quet
297 2051 447 2085 accessio
466 2051 641 2084 i1n1n0de1
645 2056 700 2082 ata
719 2049 864 2094 petitur,
892 2048 1102 2093 praesertim
1121 2060 1201 2080 cum

211 2104 257 2143 is,
293 2103 353 2149 qui
377 2109 502 2136 mutuo
529 2103 610 2141 dat,
643 2099 734 2134 nihil
757 2100 930 2135 sustineat
956 2099 1097 2140 damni,
1136 2110 1201 2131 nec

210 2153 356 2189 honeste
374 2154 442 2187 alia
458 2153 598 2187 ratione
618 2159 757 2186 tantum
777 2151 909 2186 lucrari
930 2151 1082 2191 soleret,
1118 2156 1201 2184 tunc

246 2274 292 2301 41>
314 2270 476 2302 1>ig XVtL
498 2269 538 2293 tit.
552 2268 576 2293 2.
596 2269 640 2292 lex
654 2268 696 2294 60.
717 2267 816 2298 (Coi-p.
834 2267 886 2292 iur.
906 2267 957 2291 clv.
977 2267 1018 2291 ed.
1037 2267 1110 2292 Beck
1136 2267 1166 2291 Τ.
1181 2266 1200 2291 1.

282 2308 309 2331 P.
325 2307 343 2331 l.
377 2314 392 2329 ι.
408 2306 491 2329 6911.

247 2351 294 2378 42)
315 2314 380 2373 cmi.
397 2350 443 2373 ιγ
463 2331 503 2371 iit.
517 2348 557 2372 32.
579 2347 678 2371 lex15.
701 2346 797 2377 (eorp.
816 2345 868 2370 iur.
892 2346 944 2370 civ.
971 2346 1014 2369 ed.
1033 2345 1105 2369 Beck
1123 2346 1152 2369 Τ.
1167 2345 1198 2369 ιι.

280 2385 308 2409 Ρ
325 2385 342 2408 l.
404 2384 462 2407 376.

246 2428 291 2457 43)
303 2392 448 2450 bedictal
457 2385 550 2451 ixeu.
574 2424 620 2447 lx
646 2423 690 2447 lib.
705 2423 749 2447 111.
775 2422 817 2447 tit.
831 2422 874 2447 22.
899 2428 956 2453 cap.
972 2423 997 2447 2.
1024 2422 1120 2453 (Corp.
1146 2422 1197 2446 iur.

279 2468 338 2485 cau.
358 2461 531 2484 ed.Bichte1
551 2459 580 2482 Ρ
593 2459 624 2481 ll.
644 2465 668 2488 p.
682 2458 768 2485 511..)

246 2506 293 2531 4⁴)
314 2503 411 2527 Lurius
427 2503 468 2525 111.
488 2508 557 2532 papa
578 2500 773 2525 1181—1185.

245 2548 292 2575 45)
312 2545 447 2569 Decretal.
462 2546 576 2574 Gregor.
595 2544 641 2566 lx.
663 2544 706 2566 lib.
723 2543 757 2566 Y.
777 2542 818 2566 tit.
834 2542 874 2566 19.
894 2548 951 2572 cap.
969 2542 1010 2567 16.
1029 2541 1126 2574 (Corp.
1146 2542 1197 2567 iur.

279 2587 374 2604 canon.
393 2580 434 2602 ed.
455 2579 564 2602 Hit-litei·
586 2579 614 2601 P.
628 2578 660 2601 ll.
682 2585 706 2607 p.
722 2577 806 2606 7³⁴6.»

243 2623 289 2655 46)
310 2623 487 2653 praecipuae]
515 2622 555 2645 sic
580 2621 628 2644 1:¹11.
658 2621 750 2645 15⁴6.:
786 2620 852 2644 Edd.
874 2619 948 2644 15³8.
968 2622 994 2643 et
1015 2621 1089 2646 1540.
1114 2627 1196 2651 prae·
1220 2639 1222 2651 ,

277 2665 299 2681 ci
312 2664 364 2680 rue.

243 2665 406 2730 47)1probat
431 2699 504 2727 (scil.
526 2697 714 2725 HostieusisH
740 2697 780 2720 sic
799 2697 849 2721 Ed.
870 2697 963 2720 1543:
985 2698 1050 2721 Edd.
1074 2699 1148 2723 1538.
1167 2703 1194 2722 et

278 2735 353 2758 1540.
372 2734 487 2764 probant
507 2733 581 2762 (scit.
601 2733 750 2760 doctores).

492 115 693 152 SCRIPTA
719 115 794 151 PH.
820 114 932 150 MEL.
960 114 1026 149 AD
1052 112 1265 149 ETHICEN
1292 113 1357 150 ET
1382 113 1639 153 POLITICEN
1667 116 1978 154 SPECTANTIA.

2173 118 2247 156 140

1260 200 1428 236 interesse
1445 202 1532 236 illud
1548 204 1738 247 degenerat
1761 205 1799 238 in
1821 216 1981 238 usuram.
2033 201 2154 249 Quare
2172 216 2247 238 non

1259 259 1341 287 sunt
1364 260 1549 298 praetextu
1571 254 1664 296 eius,
1706 257 1802 301 quod
1827 255 1992 295 interest,
2026 256 2247 290 excusandae

1259 304 1339 338 illae
1357 305 1515 339 crudeles
1539 318 1667 340 usurae
1683 306 1897 347 Saxonicae‚
1923 313 1985 340 aut
2009 305 2119 347 aliae,
2155 318 2247 352 quae

1258 355 1354 389 velut
1370 353 1573 396 hirudines,
1601 365 1756 402 exugunt
1775 358 1951 403 principes
1967 363 2001 391 et
2018 357 2247 401 respublicas.

1257 406 1428 441 Videmus
1447 407 1483 440 in
1498 407 1632 451 legibus
1648 407 1834 443 honestam
1854 416 1888 443 et
1912 410 2055 454 plenam
2080 406 2246 443 humani-

1258 458 1339 492 tatis
1354 465 1388 492 et
1406 459 1594 504 aequitatis
1611 460 1888 504 appellationem
1913 473 1986 495 esse
2012 460 2048 493 id
2075 461 2172 506 quod
2194 461 2248 494 in-

1259 515 1375 543 terest.
1429 509 1524 543 Haec
1541 508 1689 544 honesta
1706 511 1897 556 appellatio
1916 524 1990 545 non
2013 511 2117 545 debet
2145 524 2247 556 prae-

1259 561 1327 594 texi
1344 561 1569 605 turpissimae
1586 562 1773 607 rapacitati
1788 563 2067 596 foeneratorum.

1358 611 1537 647 Hactenus
1553 614 1700 647 recitavi
1717 614 1929 647 sententiam
1940 612 2155 653 Hostiensis,
2183 612 2248 647 etsi

1257 668 1374 697 autem
1398 664 1678 700 Panormitanus
1692 664 1738 711 ²¹⁸)
1773 665 1810 698 in
1842 678 1918 710 cap.
1948 663 2160 708 Naviganti,
2203 664 2247 697 de

1256 715 1372 749 usuris
1389 715 1436 762 ⁴⁹)
1461 717 1644 762 aliquanto
1670 717 1903 750 verecundius
1932 715 2161 760 pronuntiat,
2194 722 2248 749 ta-

1257 778 1339 799 men
1358 767 1450 800 idem
1468 769 1592 808 sentit,
1618 769 1726 802 modo
1750 781 1823 802 non
1850 772 2078 813 praetexatur
2102 766 2247 800 simula-

1257 824 1331 851 tum
1350 818 1530 853 interesse.
1570 819 1664 853 Haec
1681 820 1775 853 enim
1793 826 1875 853 sunt
1891 819 1965 853 eius
1982 818 2110 852 verba:
2137 816 2245 858 Nota,

1257 869 1294 902 in
1309 876 1494 904 contractu
1518 872 1631 904 nmtui
1651 872 1723 916 peti
1747 884 1848 916 posse
1874 871 2044 904 interesse
2066 875 2147 914 post
2169 881 2247 902 mo·

1256 933 1333 954 ram
1350 921 1438 955 lucri
1458 922 1697 956 verisimiliter
1713 922 1890 957 cessantis.
1942 922 2012 955 Sed
2030 932 2076 953 an
2101 933 2121 954 a
2146 920 2246 966 prin-

1257 972 1348 1017 cipio
1373 973 1483 1017 possit
1507 971 1630 1007 haberi
1653 975 1717 1008 ista
1742 974 1854 1014 ratio,
1898 978 2016 1017 posset
2043 973 2135 1005 forte
2165 972 2246 1012 dici,

1257 1024 1354 1069 quod
1377 1025 1438 1058 uhi
1462 1032 1629 1059 mutuans
1653 1025 1793 1059 ducitur
1815 1025 1910 1058 bona
1935 1023 2155 1063 intentione,
2181 1035 2246 1056 nec

1256 1081 1396 1109 mutuat
1419 1076 1453 1108 in
1477 1077 1638 1110 fraudem
1667 1076 1833 1122 captandi
1867 1075 1957 1109 lucri
1988 1086 2112 1115 causa,
2148 1076 2246 1120 quod

1258 1133 1340 1159 tunc
1361 1134 1548 1161 excusatur
1568 1140 1586 1161 a
1603 1134 1767 1172 peccato,
1790 1128 1873 1161 licet
1892 1127 1961 1160 alia
1980 1126 2103 1171 opinio
2126 1126 2171 1160 sit
2191 1133 2246 1160 tu-

1256 1177 1338 1211 tior.
1390 1177 1512 1223 ltaque
1529 1178 1556 1212 si
1576 1192 1650 1212 non
1665 1180 1709 1213 sit
1725 1179 1930 1212 simulatum
1948 1178 2138 1219 interesse,
2162 1189 2245 1212 con-

1257 1228 1348 1260 cedit
1366 1234 1400 1261 et
1414 1229 1694 1263 Panormitanus
1713 1236 1794 1263 ante
1812 1242 1951 1262 moram
1969 1229 2041 1274 peti
2059 1241 2182 1273 posse,
2211 1235 2245 1262 et

1256 1279 1340 1312 satis
1367 1276 1516 1313 honesta
1544 1280 1637 1313 ratio
1661 1286 1730 1320 est,
1772 1281 1801 1314 si
1823 1281 1938 1314 sontes
1963 1280 2245 1315 considerentur.

1257 1329 1362 1375 Quia,
1380 1337 1420 1364 ut
1439 1343 1545 1375 supra
1565 1331 1698 1365 dictum
1718 1337 1780 1371 est,
1796 1331 2001 1375 longissime
2019 1331 2244 1378 differuntffl)

1256 1381 1423 1415 interesse
1440 1388 1474 1415 et
1487 1394 1607 1417 usura.
1660 1382 1771 1427 Leges
1788 1383 1885 1427 ipsae
1900 1382 2059 1416 iudicant
2077 1383 2245 1428 aequissi-

1255 1445 1352 1466 mam
1370 1440 1403 1466 et
1419 1431 1705 1467 honestissimam
1724 1446 1797 1468 esse
1815 1434 2144 1478 compensationem
2159 1434 2244 1475 eius,

1256 1485 1352 1530 quod
1371 1484 1530 1525 interest,
1549 1485 1640 1519 sicut
1655 1485 1790 1519 Baldus
1808 1485 1925 1532 inquit
1946 1485 2022 1529 lege
2039 1485 2244 1531 Acceptam,

1256 1536 1396 1570 Codicis
1419 1537 1460 1569 de
1483 1536 1599 1571 usuris
1611 1536 1655 1580 51)
1682 1549 1870 1570 commune
1889 1542 1923 1570 et
1947 1548 2102 1582 aequum
2135 1538 2244 1571 inter-

1256 1600 1328 1621 esse
1352 1588 1450 1621 venit
1475 1588 1511 1621 in
1538 1588 1637 1621 omni
1660 1594 1856 1623 contractu.
1918 1587 2101 1621 Concludo
2124 1588 2244 1632 igitur,

1256 1640 1351 1684 quod
1371 1639 1474 1672 liceat
1489 1639 1664 1684 stipulari,
1683 1639 1808 1685 quanti
1823 1639 1970 1673 interest
1992 1639 2115 1672 damni
2132 1652 2244 1674 emer-

1255 1691 1367 1734 gentis
1385 1690 1491 1724 etiam
1509 1698 1590 1724 ante
1605 1703 1765 1731 moram,
1791 1703 1855 1724 nec
1872 1691 1908 1724 id
1925 1691 2027 1724 valde
2053 1691 2243 1725 obscurum

1255 1749 1316 1776 est.
1368 1742 1462 1776 Nam
1479 1755 1602 1776 verum
1621 1744 1790 1776 interesse
1805 1743 1942 1777 solvere
1960 1754 2035 1775 non
2057 1749 2109 1777 est
2122 1755 2244 1784 usura,

1256 1800 1289 1827 et
1308 1791 1394 1826 haec
1414 1794 1656 1839 compensatio
1684 1794 1872 1827 deberetur
1896 1793 2028 1827 iudicio
2051 1794 2138 1827 boni
2162 1795 2243 1835 w'ri,

1255 1845 1393 1878 etiamsi
1414 1858 1487 1878 non
1512 1846 1762 1879 intercessisset
1784 1845 1986 1890 stipulatio,
2014 1857 2121 1878 nemo
2147 1847 2241 1879 enim

1255 1897 1359 1930 debet
1383 1897 1485 1930 alteri
1510 1898 1593 1931 dare
1618 1898 1791 1930 efficacem
1818 1908 1961 1930 causam
1979 1896 2114 1931 damni.
2166 1897 2244 1931 Etsi

1255 1955 1372 1982 autem
1391 1949 1574 1982 obscurior
1597 1955 1647 1982 est
1671 1948 1763 1982 ratio
1788 1949 1831 1981 de
1856 1948 1956 1981 lucro
1982 1954 2139 1982 cessante
2161 1955 2242 1982 ante

1254 2012 1412 2040 moram,
1441 2006 1560 2034 tamen
1584 2000 1612 2034 si
1636 2000 1681 2034 sit
1707 1999 1902 2044 probabilis
1919 1999 1964 2045 52)
1987 1999 2100 2041 ratio,
2136 2000 2244 2034 etiam

1255 2052 1520 2085 concedendum
1543 2058 1612 2091 est,
1649 2052 1746 2097 quod
1766 2051 1870 2085 liceat
1894 2051 2076 2096 stipulari,
2119 2052 2244 2098 quanti

1255 2103 1402 2136 interest
1419 2109 1499 2136 ante
1518 2115 1656 2136 moram
1676 2102 1764 2136 lucri
1783 2103 1962 2137 cessantis.

1355 2163 1423 2196 Sed
1447 2169 1487 2196 ut
1511 2162 1602 2203 dixi,
1630 2163 1667 2196 fit
1687 2163 1884 2207 probabilis
1902 2162 2008 2203 ratio,
2033 2162 2195 2196 videlicet
2212 2163 2241 2197 si

1255 2213 1334 2247 talis
1354 2214 1398 2247 sit
1423 2226 1542 2254 casus,
1568 2215 1606 2247 in
1632 2227 1702 2260 quo
1727 2214 1782 2247 vir
1804 2215 1920 2248 honus
1944 2213 2117 2248 iudicaret
2140 2215 2240 2248 alteri

1255 2265 1374 2299 deberi
1410 2265 1758 2311 compensationem,
1799 2265 1937 2300 etiamsi
1969 2277 2043 2299 non
2077 2266 2243 2300 interces-

1286 2391 1332 2421 48)
1352 2391 1381 2415 In
1401 2392 1506 2415 lectura
1525 2399 1549 2421 p.
1569 2392 1625 2417 138.
1645 2395 1709 2417 nota
1723 2393 1766 2417 38.
1785 2393 1886 2419 allata.
1907 2392 1954 2416 fol.
1968 2390 2030 2416 5211,

1286 2443 1331 2473 49)
1352 2443 1489 2467 Decretal.
1509 2444 1625 2474 (πεζοι.
1641 2444 1688 2467 lx.
1708 2444 1752 2468 lib.
1768 2444 1802 2466 V.
1822 2443 1863 2466 tit.
1882 2443 1921 2467 19.
1941 2449 1999 2474 cap.
2016 2443 2056 2468 19.
2077 2441 2173 2474 (Corp.
2189 2443 2240 2467 iur.

1321 2484 1418 2502 canon.
1441 2478 1482 2501 ed.
1501 2478 1612 2502 Richter
1632 2478 1660 2503 P.
1675 2478 1706 2503 11.
1727 2485 1751 2508 [ι.
1771 2477 1857 2505 787.).

1284 2530 1332 2557 50)
1352 2529 1452 2553 dictum
1471 2532 1530 2555 est,
1558 2529 1716 2559 longissime
1735 2529 1806 2557 diff]
1825 2528 1865 2552 sic
1883 2528 1933 2553 Ed.
1955 2529 2046 2554 1546.:

1320 2567 1346 2588 et
1366 2565 1440 2589 1540.
1461 2565 1562 2588 dictum
1582 2568 1625 2587 est
1645 2564 1819 2594 longissime,
1840 2564 1895 2587 diff.

1282 2616 1337 2673 511),
1351 2615 1416 2672 (iod.
1432 2615 1597 2680 1ζξ6ῐ)ἰῐ.32.
1618 2615 1660 2638 lex
1676 2614 1714 2638 19.
1741 2613 1837 2644 (Corp.
1859 2614 1908 2637 iur.
1927 2613 1978 2639 civ.
2006 2614 2047 2637 ed.
2067 2614 2138 2638 Beck
2164 2613 2238 2638 Τ.11.

1341 2668 1346 2674 .
1378 2668 1383 2674 .
1404 2658 1429 2680 p.
1444 2665 1449 2670 -
1463 2659 1472 2673 ι
1497 2669 1501 2675 .
1521 2667 1527 2673 .

1283 2698 1330 2725 52)
1353 2699 1515 2727 probabilis]
1542 2699 1580 2722 sic
1600 2699 1666 2722 Edd.
1688 2698 1762 2722 1538.

1317 2738 1426 2756 errore:
1458 2733 1586 2763 probatis.

2078 2527 2145 2553 Edd.
2165 2527 2240 2552 1538.

1784 2700 1809 2721 ct
1833 2697 1924 2722 15⁴6.:
1958 2697 2007 2720 Ed.
2030 2697 2102 2721 1540.
2128 2700 2237 2727 typum.
