2347 3000
219 117 292 152 883

221 202 356 235 Deinde
375 202 553 233 adduntur
570 197 860 243 amplificationes
886 195 979 226 iuxta
1008 190 1099 226 banc
1124 203 1206 224 con—

223 264 359 286 versam
383 254 552 285 sormam:

264 312 370 348 Iusque
391 311 488 338 datum
512 307 613 337 sceleri
637 304 780 339 canimus,
810 302 1011 341 populumque
1034 305 1185 340 potentem

265 363 297 390 111
321 371 372 389 sua
395 360 501 388 victrici
524 364 695 385 conversum
718 354 828 382 viscera
851 353 956 381 dextra
965 351 1007 391 ⁶).

224 415 295 447 Pro
322 413 432 445 altero
459 413 652 441 commate:
694 406 816 449 iusque
841 405 962 437 datum
987 402 1127 442 sceleri,
1158 400 1210 434 di-

226 472 318 497 ctum
342 463 461 495 fnisset
484 457 709 501 simpliciter:
746 461 988 499 contemptum
1013 454 1116 490 inris;
1151 453 1211 485 scd

226 514 378 548 atrocius
403 517 451 543 est
475 510 569 555 qnod
598 507 663 541 ait:
706 519 874 551 oppresso
900 506 995 545 iure,
1036 505 1088 536 101
1112 515 1211 547 prae-

229 571 321 597 textu
340 562 424 595 iuris
443 559 613 593 immania
637 558 765 592 scelera
788 563 948 600 suscepta
974 568 1056 589 csse.
1117 555 1212 587 Alte-

230 628 304 648 rum
338 624 475 646 comma
501 609 607 643 habet
630 609 799 642 illustrem
826 606 1063 652 h>potyposh¹
1091 606 1128 638 in
1150 616 1211 638 sua

230 668 381 703 viscera,
409 675 487 696 cum
504 660 711 705 simpliciter
732 659 846 691 dict-re
868 658 1054 702 potuisset:
1082 655 1212 689 mutuis

228 715 432 750 vulneribus
450 713 611 746 cecidisse
630 711 813 755 populum.

332 765 502 808 Exempla
547 768 629 796 sunt
669 762 855 794 innumera
891 760 983 804 apud
1018 757 1214 796 Lucanum,

229 825 287 857 nt,
315 830 392 849 cum
410 821 569 848 recenset
587 825 726 851 causas,
754 823 862 856 quare
887 810 988 843 multi
1013 810 1143 842 bellum
1169 807 1215 840 ci-

229 869 296 901 vile
323 865 572 911 expetiverint:

272 929 427 964 Quemque
449 933 517 953 suae
540 923 657 961 rapiunt
679 921 822 950 scelerata
846 921 873 948 in
897 919 1011 958 praelia
1033 926 1153 946 causae:

272 979 332 1006 Hos
354 977 465 1014 polluta
488 975 606 1010 domus,
633 973 774 1009 legesque
797 972 824 998 in
845 979 917 1008 pace
940 969 1103 998 timendae:

274 1029 332 1056 Hos
353 1026 433 1055 ferro
456 1025 595 1062 fugienda
616 1023 726 1058 fames,
753 1022 914 1059 mundique
935 1021 1038 1048 ruinae

272 1076 478 1107 Permiscenda
499 1075 572 1102 fides
594 1072 701 1111 etc.⁷).

233 1129 337 1163 Prius
360 1126 465 1159 colon
489 1131 540 1157 est
563 1123 774 1167 simplicius:
818 1120 973 1165 Quidam
998 1117 1128 1151 conscii
1155 1115 1221 1150 51111

233 1180 423 1216 scelerum,
456 1182 554 1209 metu
576 1174 788 1207 iudiciorum
814 1173 968 1215 gaudent
991 1168 1128 1202 moveri
1150 1167 1222 1199 bel-

236 1232 329 1270 lum,
369 1240 413 1261 ne
440 1227 627 1271 rapiantur
651 1226 695 1258 ad
720 1235 865 1268 poenas.
933 1222 1094 1254 Alterum
1119 1219 1222 1252 colon

237 1289 287 1316 est
313 1279 496 1325 grandius:
526 1276 681 1321 Quidam
708 1281 853 1319 propter
878 1285 934 1306 aes
958 1272 1113 1304 alienum
1140 1281 1223 1312 gau-

237 1334 319 1366 dent
336 1329 473 1363 moveri
488 1328 640 1366 bellum,
672 1339 716 1359 ne
739 1331 911 1369 cogantur
938 1323 1085 1357 solvere.
1138 1320 1224 1359 Hos,

237 1383 373 1429 inquit,
409 1379 509 1425 sequi
534 1384 646 1412 castra
672 1383 819 1422 propter
846 1376 997 1413 famem,
1034 1384 1124 1418 quae
1148 1377 1225 1404 tan-

239 1442 314 1468 tum
345 1438 397 1465 est
429 1431 584 1469 malum,
622 1434 661 1461 ut
691 1427 945 1471 ignoscendum
978 1424 1023 1458 sit
1047 1434 1147 1456 arma
1171 1434 1226 1454 ca-

242 1483 371 1530 pienti,
397 1494 441 1514 ne
459 1482 551 1513 sanie
567 1485 700 1523 pereat.
751 1478 797 1510 Et
815 1477 932 1516 addit,
960 1476 1146 1508 obaeratos
1162 1472 1227 1505 mi-

242 1547 336 1570 scere
349 1560 357 1574 ‚
384 1532 420 1565 id
436 1538 505 1571 est,
531 1531 675 1563 turbare
693 1529 797 1562 fidem
813 1527 925 1560 ruinis
941 1525 1085 1564 mundi,
1113 1525 1148 1556 id
1166 1529 1228 1562 est,

245 1586 360 1631 potius
396 1587 583 1616 concutere
622 1580 715 1613 bello
759 1579 853 1611 civili
892 1584 1006 1610 totum
1042 1576 1229 1613 mundum,

245 1649 351 1683 quam
375 1645 514 1668 servare
542 1632 647 1665 fidem
672 1629 917 1664 creditoribus.
976 1626 1013 1660 Id
1038 1624 1093 1659 his
1116 1625 1231 1658 verbis

247 1686 382 1721 usitatis
414 1684 566 1722 dictum,
607 1682 725 1715 minus
758 1681 890 1725 grande
922 1678 1080 1717 videtur,
1124 1687 1230 1721 quam

248 1752 325 1772 cum
348 1736 512 1769 Lucanus
536 1733 670 1778 inquit:

752 1789 915 1828 Mundique
937 1789 1039 1817 ruinae

417 1841 627 1872 Permiscenda
649 1839 733 1870 fides.

353 1894 457 1928 'ralia
480 1891 638 1935 exempla
661 1897 695 1923 et
718 1895 865 1935 propter
890 1888 1062 1923 orationis
1087 1887 1238 1921 varieta-

254 1956 324 1982 tem
345 1953 379 1980 et
397 1949 545 1990 propter
567 1941 759 1976 sententias
782 1941 820 1973 in
843 1940 1027 1975 autoribus
1052 1940 1238 1974 observare

255 1999 340 2033 utile
365 2002 428 2031 est.

523 2082 785 2118 Declaratio
814 2089 976 2118 textus.

362 2161 525 2196 Primum
544 2159 628 2192 dicit
643 2159 686 2191 de
702 2158 924 2192 mutuatione
943 2159 1110 2204 simplicis
1134 2160 1245 2201 verbi,

261 2214 442 2253 videlicet,
469 2223 548 2244 cum
567 2221 678 2244 unum
701 2209 849 2242 verbum
872 2210 1060 2244 dilatamus
1084 2217 1145 2245 aut
1168 2223 1246 2244 ora-

264 2267 397 2300 tionem
414 2264 452 2296 in
465 2274 578 2296 unum
596 2261 742 2294 verbum
760 2259 1022 2301 contrahimus,
1046 2268 1086 2295 ut
1104 2274 1169 2307 pro
1194 2260 1248 2296 his

266 2317 423 2355 duobus,
448 2313 561 2347 Aulae
578 2323 652 2344 non
670 2317 752 2344 sunt
768 2312 905 2352 fideles,
933 2312 1016 2345 dicit
1032 2313 1162 2346 Seneca
1171 2313 1217 2359 Β);

308 2375 374 2403 Non
397 2374 485 2401 intrat
509 2379 636 2408 unquam
659 2369 771 2408 regium
794 2369 882 2398 limen
906 2370 990 2399 fides.

372 2424 439 2457 Hic
465 2434 550 2455 vero
583 2421 698 2454 oratio
728 2418 950 2454 contrahitur
980 2421 1015 2454 in
1040 2435 1150 2456 unum
1175 2435 1252 2456 ver-

271 2477 353 2508 bum
366 2502 375 2515 ‚
400 2475 487 2508 Fata
506 2472 600 2505 viam
622 2471 821 2510 invenient;
847 2483 928 2504 narn
949 2474 1156 2507 vocabulum
1175 2474 1252 2507 Fati

306 2603 338 2632 ὅ)
357 2603 457 2627 Lucan.
472 2603 493 2634 1,
509 2603 534 2628 2.
553 2603 580 2629 3.

311 2655 342 2682 ⁷)
360 2654 459 2678 numu.
472 2653 506 2683 11,
524 2653 680 2677 251-254.

311 2705 341 2737 8)
364 2707 485 2729 senecae
502 2705 687 2736 Agamemnon
703 2703 771 2728 285.

799 109 919 144 PlllL.
948 107 1061 142 MEL.
1096 104 1298 141 SCRIPTA
1327 104 1660 141 PHILOLOGICA.

2163 106 2237 141 884

1261 191 1370 224 multa
1389 191 1653 236 complectitur,
1681 203 1770 236 quae
1787 191 1904 223 omnia
1923 191 2158 235 significamus
2174 189 2239 224 bac

1260 242 1363 274 unica
1383 255 1466 274 voce
1484 242 1642 286 prolata,
1668 243 1849 282 videlicet,
1877 242 2060 275 consilinm
2080 241 2157 281 Dei,
2183 254 2244 285 gu-

1261 292 1441 325 bernantis
1460 299 1493 324 et
1511 293 1665 325 actiones
1681 300 1818 326 nostras
1837 299 1870 326 et
1889 305 2010 325 earum
2029 299 2185 325 eventus.

1365 351 1450 395 Cap.
1466 349 1540 384 ΥΠ.
1570 350 1599 394 3.
1615 351 1675 386 23.
1704 355 1760 385 Ex
1778 350 1905 399 verbm]
1935 352 2022 384 Cnm
2045 351 2244 395 proprium,

1263 402 1317 434 1-01
1339 414 1577 446 synonymum
1602 403 1655 434 vol
1680 400 1887 446 metaphora
1913 403 2117 446 explicatur.
2170 401 2245 434 Hoc

1265 454 1318 491 111,
1347 465 1425 486 cum
1450 450 1684 496 periphrasis,
1712 459 1772 485 ant
1797 453 2063 497 interpretatio,
2092 458 2151 485 aut
2178 451 2246 486 dis—

1265 504 1410 536 tributio
1453 509 1513 535 ant
1551 503 1641 535 aliae.
1675 503 1906 547 expolitiones
1940 505 2140 540 adduntur;
2192 508 2246 535 ut:

1265 554 1488 598 Tyrannides
1507 566 1579 585 non
1604 560 1686 586 sunt
1709 554 1908 588 diuturnae.
1961 555 1997 587 Si
2023 555 2131 587 addas
2158 552 2249 597 peri-

1266 603 1427 649 phrasin:
1472 603 1623 648 Imperia
1650 604 1800 644 iniusta,
1843 606 2018 644 crudelia,
2060 616 2149 649 quae
2176 604 2248 636 vim

1267 662 1421 688 atrocem
1438 661 1586 687 naturae
1604 653 1788 688 hominum
1808 656 1975 695 inserunt,
2003 656 2092 688 iusta
2110 655 2249 687 iracun-

1267 707 1322 739 dia
1341 705 1502 739 homines
1521 712 1661 738 armant
1678 707 1721 738 ad
1740 707 1978 740 defensionem
1998 718 2134 745 eorum,
2162 716 2250 750 quos

1266 764 1393 791 natura
1418 757 1501 801 ipsis
1524 758 1674 790 tuendos
1698 757 1970 791 connnendavit.
2028 757 2147 789 Unum
2174 765 2250 787 ver-

1267 810 1350 842 bum
1375 815 1425 841 est
1446 807 1597 851 Impius,
1641 814 1676 840 at
1707 808 1892 841 dilatatum
1921 815 1971 841 est
1995 807 2031 839 in
2053 806 2251 839 Miloniana

1269 872 1331 904 per
1356 858 1662 892 distributionem:
1708 859 1777 903 Qui
1809 860 1941 891 nullam
1970 858 2039 890 vim
2066 858 2252 890 coelestem

1271 909 1445 943 existimat
1461 909 1617 942 numinis
1632 909 1754 943 divini.
1807 910 1898 943 Satis
1917 916 2007 946 eral;
2035 910 2093 942 sed
2111 907 2253 940 additur

1271 961 1489 994 distributio:
1518 959 1632 1004 Quem
1649 972 1762 1004 neque
1782 960 1921 1004 imperii
1941 960 2168 1003 magnitudo,
2195 969 2255 990 ne-

1273 1024 1339 1057 que
1356 1012 1408 1044 sol
1426 1011 1501 1049 ille,
1528 1022 1643 1054 neque
1668 1010 1756 1042 coeli
1780 1017 1813 1043 et
1834 1011 2014 1053 signorum
2032 1016 2168 1049 motus,
2195 1020 2255 1040 ne-

1273 1074 1340 1107 que
1358 1060 1614 1094 vicissitudines
1632 1072 1748 1092 rerum
1760 1087 1768 1099 ‚
1796 1067 1900 1105 atque
1919 1060 2060 1093 ordines
2076 1065 2231 1092 movent.

1375 1114 1433 1145 Ex
1449 1113 1617 1150 oratione,
1646 1123 1745 1156 quum
1761 1116 1818 1145 aut
1834 1111 1983 1153 definitio
1997 1113 2040 1145 ad
2058 1122 2159 1144 unum
2182 1122 2257 1143 ver-

1274 1164 1349 1196 bum
1365 1159 1571 1207 revocatum]
1600 1161 1648 1194 Ut
1670 1174 1776 1205 supra
1803 1162 1949 1194 tradidit
1972 1161 2146 1194 rationem
2171 1160 2258 1193 dila—

1277 1213 1389 1246 tandi:
1428 1212 1476 1244 ita
1500 1224 1595 1244 nunc
1623 1224 1639 1244 e
1666 1213 1810 1255 regione
1832 1213 1964 1246 formas
1989 1212 2096 1245 tradit
2119 1218 2259 1245 contra-

1275 1262 1412 1297 hendae
1439 1262 1623 1296 orationis.
1687 1263 1737 1295 Ac
1767 1263 1901 1307 primus
1928 1264 2055 1296 modus
2082 1269 2152 1301 est,
2194 1274 2261 1306 pro

1277 1315 1391 1358 longis
1422 1313 1687 1347 definitionibus
1713 1320 1773 1347 aut
1797 1313 2091 1358 descriptionibus
2120 1312 2172 1346 nti
2204 1313 2263 1346 de-

1278 1366 1389 1400 finito.
1440 1365 1677 1397 'runcantem
1699 1365 1919 1398 commodius
1950 1365 2084 1398 utimur
2113 1361 2178 1397 hac
2209 1375 2265 1396 ra-

1280 1417 1375 1450 tione
1388 1443 1396 1456 ,
1425 1428 1503 1449 cum
1522 1415 1580 1448 illa
1598 1427 1666 1448 vox
1683 1416 1762 1459 plus
1780 1415 1866 1449 lucis
1885 1422 1917 1448 et
1933 1415 2127 1449 atrocitatis
2146 1412 2264 1454 habet,

1281 1481 1388 1513 quam
1413 1466 1620 1511 descriptio:
1664 1472 1703 1498 ut
1728 1467 1772 1499 ad
1795 1466 1951 1500 Atticum
1974 1467 2065 1499 libro
2087 1467 2150 1501 10:
2190 1465 2263 1500 Nec

1281 1520 1352 1551 iam
1368 1524 1524 1556 recusat;
1545 1517 1605 1551 sed
1622 1518 1888 1562 quodammodo
1906 1518 2073 1562 postulat,
2088 1523 2127 1551 nt
2145 1529 2266 1562 quem—

1283 1570 1476 1602 admodum
1507 1574 1578 1607 est,
1626 1568 1675 1601 sic
1709 1568 1814 1602 etiam
1847 1569 2043 1613 appelletur
2074 1574 2265 1613 tyrannus:

1283 1633 1355 1654 11110
1379 1620 1487 1652 verbo
1510 1619 1588 1662 plus
1616 1619 1809 1653 atrocitatis
1832 1619 2060 1663 significavit,
2100 1631 2207 1664 quam
2238 1618 2267 1652 si

1285 1671 1443 1704 dixisset:
1473 1669 1648 1714 principes
1665 1669 1726 1714 qui
1744 1669 1869 1703 iniuste
1886 1676 1986 1714 rapta
2011 1669 2269 1710 dominatione,

1287 1720 1459 1767 oppressit
1485 1719 1752 1764 rempublicam.
1818 1721 1873 1754 Sic
1897 1721 1981 1753 alibi
2003 1720 2067 1753 ait:
2112 1719 2269 1754 Dubium

1288 1779 1339 1807 est
1361 1779 1481 1806 utrum
1508 1769 1708 1805 Phalaridis
1731 1783 1850 1812 more,
1878 1784 1922 1804 an
1948 1771 2122 1804 Pisistrati
2145 1782 2270 1815 regna-

1289 1831 1388 1858 turus
1404 1823 1460 1857 sit.
1512 1823 1577 1856 Hic
1594 1822 1812 1856 differentiae
1833 1830 2068 1868 tyrannorum
2091 1822 2135 1856 ab
2157 1835 2271 1856 exem-

1290 1876 1357 1921 plis
1381 1874 1574 1908 illustribus
1598 1880 1799 1908 sumuntur.
1865 1874 2045 1917 Significat
2066 1880 2183 1908 autem
2208 1875 2272 1908 du-

1291 1927 1389 1960 bium
1405 1938 1497 1965 esse,
1524 1937 1569 1958 an
1585 1925 1714 1959 Caesar
1730 1937 1795 1970 pro
1815 1938 1876 1959 sna
1904 1925 2050 1958 libidine
2074 1925 2274 1959 interfectu-

1293 1991 1351 2012 rus
1370 1978 1413 2011 sit
1428 1975 1596 2010 honestos
1620 1976 1730 2016 cives,
1766 1982 1965 2010 mutaturus
1989 1983 2099 2010 totam
2123 1977 2276 2010 sormam

1294 2029 1529 2074 reipublicae,
1557 2034 1591 2061 et
1614 2027 1810 2060 aboliturus
1834 2027 1963 2060 iudicia
1986 2034 2020 2061 et
2042 2028 2153 2072 leges,
2187 2028 2276 2062 sicut

1295 2081 1375 2114 fecit
1394 2077 1576 2116 Phalaris;
1603 2090 1648 2111 an
1666 2090 1751 2111 vero
1767 2079 1949 2112 moderate
1966 2091 2092 2113 usurus
2116 2079 2161 2112 sit
2182 2091 2276 2112 sum-

1297 2144 1353 2165 ma
1374 2130 1552 2176 potentia,
1580 2130 1626 2162 ita
1642 2136 1681 2162 ut
1695 2130 1847 2163 formam
1864 2131 2149 2174 magistratuum,
2176 2136 2210 2162 et
2225 2130 2277 2163 iu-

1298 2182 1388 2216 dicia
1408 2187 1548 2215 tueatur
1560 2207 1568 2221 ,
1596 2180 1685 2214 sicut
1698 2180 1778 2213 fecit
1795 2181 1999 2214 Pisistratus
2013 2178 2171 2213 Athenis.
2222 2179 2277 2213 In-

1298 2234 1397 2268 finita
1414 2238 1562 2278 possunt
1577 2232 1735 2276 exempla
1755 2231 1791 2264 in
1805 2230 1872 2265 hoc
1889 2243 2014 2275 genere
2029 2231 2193 2276 proferri,
2218 2231 2280 2265 ubi

1300 2284 1416 2318 maior
1433 2283 1598 2317 atrocitas
1614 2289 1665 2317 est
1680 2282 1717 2315 in
1733 2295 1806 2316 uno
1824 2283 1950 2321 verbo,
1977 2293 2081 2327 quam
2108 2282 2143 2314 in
2166 2282 2280 2326 longis

1302 2335 1614 2379 descriptionibus,
1641 2340 1681 2367 ut
1696 2334 1827 2367 Paulus
1844 2333 1974 2378 inquit:
2002 2332 2191 2376 Apostolos
2209 2345 2282 2367 esse

1302 2384 1591 2431 καθάρματαθ),
1619 2385 1703 2430 quid
1719 2384 1865 2428 cogitari
1882 2383 2013 2416 tristius
2029 2383 2167 2427 potest?
2198 2396 2281 2417 nam

1304 2436 1484 2471 catharina
1500 2437 1672 2480 significat
1690 2435 1887 2480 piaculum,
1914 2434 1948 2466 id
1966 2440 2034 2473 est,
2060 2446 2136 2467 rem
2159 2435 2283 2468 tollen-

1305 2490 1386 2522 dam
1410 2500 1427 2521 e
1450 2487 1586 2525 medio;
1623 2498 1712 2533 quae
1734 2486 1762 2519 si
1783 2496 1856 2518 non
1873 2485 2074 2524 tolleretur,
2101 2484 2196 2519 Deus
2219 2486 2282 2519 toti

1306 2552 1425 2573 return
1442 2545 1590 2571 naturae
1607 2537 1832 2575 irasceretur,
1866 2541 1994 2568 terram
2020 2535 2172 2570 sterilem
2195 2537 2284 2569 face-

1342 2669 1370 2700 9)
1392 2670 1415 2693 ¹.
1430 2668 1493 2694 Cor.
1507 2670 1533 2698 4,
1554 2669 1610 2700 la,
1630 2668 1672 2692 ubi
1691 2668 1762 2692 aliae
1782 2669 1881 2699 mitt,
1901 2675 1917 2692 n
1949 2669 2049 2698 Knapp.

2098 2670 2194 2693 hahent
2211 2676 2289 2700 :upa-

1377 2703 1553 2734 καθαρματα.
