2347 3000
250 129 319 164 431

250 213 383 248 iudicat
412 211 553 244 caedem
590 215 729 253 turpem
766 218 858 245 esse,
906 205 954 237 ita
990 202 1123 236 iudicat
1156 214 1239 246 pro-

250 266 422 299 miscuum
440 263 571 296 coitum
587 267 726 303 turpem
744 269 828 290 esse.
865 254 951 288 Item
964 280 972 294 ‚
997 253 1091 286 ratio
1108 252 1240 286 iudicat

251 322 415 361 oportere
433 319 526 346 certa
548 310 710 352 coniugia
730 320 814 347 esse,
842 305 977 351 alioqui
996 304 1136 338 soboles
1151 310 1240 338 esset

251 369 400 400 incerta:
447 375 556 409 quare
586 359 746 393 educatio
777 364 811 390 et
835 368 918 390 cura
943 355 1062 388 alendi
1084 355 1238 399 frigeret.

250 418 357 456 hem,
385 416 412 449 si
430 414 566 449 soboles
590 417 677 444 esset
695 410 846 449 incerta,
881 407 1056 440 accideret
1079 412 1119 439 ut
1142 406 1238 439 nulla

250 466 432 512 sanguinis
467 461 671 497 discrimina
705 465 931 494 servarentur
964 459 1001 491 in
1037 457 1238 497 concubitu,

252 521 346 566 quod
371 524 421 550 est
445 521 568 548 contra
592 518 772 545 naturam.
839 510 1019 555 {elinquet
1044 506 1153 542 homo
1177 520 1239 552 pa-

250 579 339 605 trem
358 574 390 600 et
405 572 555 600 matrem
569 590 578 604 ,
610 569 644 596 et
663 560 870 595 adhaerebit
886 561 989 594 uxori
1005 572 1089 594 suae
1107 559 1238 604 etc.³³).

352 619 405 651 De
429 628 550 650 rerum
575 613 898 647 communicatione
923 612 1029 645 etiam
1051 610 1163 644 facilis
1188 616 1239 643 est

250 670 428 718 probatio.
481 667 615 700 Causae
633 676 707 699 non
729 671 811 698 sunt
836 676 937 709 pares
961 663 998 695 in
1018 662 1121 696 bonis
1143 673 1238 694 com-

252 721 420 768 parandis
438 726 472 752 et
488 715 739 751 conservandis
761 714 1013 749 communiter:
1043 725 1126 757 ergo
1143 713 1237 746 bona

250 786 324 807 non
338 776 486 817 possunt
503 782 574 803 esse
593 767 808 801 communIa.
860 766 1080 800 Antecedens
1104 763 1239 809 perspi-

251 837 355 859 cuum
381 829 450 862 est,
478 821 560 867 quia
584 818 705 863 ignavi
727 831 806 851 cum
834 818 996 850 viderent
1021 828 1055 850 se
1081 828 1122 848 ex
1145 827 1239 847 com-

250 875 351 909 niuni
376 885 532 912 sumere,
567 882 641 903 non
664 876 778 903 essent
801 867 1011 902 laboraturi.
1062 865 1149 899 Item
1174 864 1238 898 ho-

252 927 364 960 inines
387 924 506 969 cupidi
530 923 585 954 xel
612 921 765 965 gloriae,
806 921 862 953 vel
886 918 1084 963 potentiae,
1120 923 1238 950 tannen

252 984 365 1012 essent
383 973 587 1019 occupaturi
603 973 772 1017 pleraque
789 977 823 1004 et
849 970 1094 1003 imbecilliores
1118 968 1240 1012 depul-

251 1029 324 1063 suri
342 1040 359 1060 a
382 1027 573 1060 multarum
592 1035 712 1056 rerum
729 1035 793 1056 usu
812 1034 851 1054 ac
872 1022 1009 1061 fructu,
1045 1031 1114 1065 qua
1139 1032 1180 1052 ex
1202 1031 1239 1051 re

251 1078 398 1113 maximi
418 1083 534 1110 motus
550 1075 749 1108 existerent.
802 1072 925 1118 Itaque
943 1072 1026 1117 quia
1045 1071 1160 1104 omnis
1184 1082 1240 1114 ge-

252 1131 347 1164 neris
364 1127 572 1173 cupiditates
591 1125 775 1158 nobiscum
795 1130 1008 1162 nascuntur,
1043 1121 1239 1156 necessaria

253 1189 304 1215 est
318 1192 437 1214 rerum
455 1178 594 1211 divisio.
628 1176 700 1208 Has
715 1175 870 1208 rationes
890 1180 923 1206 et
941 1178 1123 1217 praeterea
1141 1171 1240 1215 signa

253 1233 363 1266 multa
399 1230 532 1273 colligit
562 1226 767 1260 Aristoteles
806 1230 927 1257 contra
961 1223 1121 1257 Platonis
1163 1234 1240 1256 sen-

253 1283 412 1317 tentiam.

355 1333 423 1366 Sed
445 1330 563 1364 nescio
589 1341 660 1374 quo
685 1339 804 1362 errore
827 1326 1013 1366 acciderit,
1047 1331 1087 1358 ut
1109 1324 1240 1369 passim

253 1384 355 1419 multi
373 1381 616 1427 applauserint
633 1379 826 1413 sententiae
845 1377 1004 1411 Platonis
1016 1403 1025 1416 ‚
1052 1382 1242 1421 quantum-

253 1437 305 1470 vis
324 1433 558 1472 inhumanae,
585 1437 618 1463 et
640 1431 768 1474 opinor
787 1429 959 1474 quosdam
978 1426 1162 1470 theologos
1178 1439 1242 1460 no-

255 1488 362 1520 vitate
390 1491 529 1529 captos,
571 1488 610 1515 ut
633 1483 690 1520 fit,
731 1479 822 1513 hanc
855 1479 1066 1513 sententiam
1090 1478 1241 1511 nimium

256 1549 402 1572 amasse.
461 1535 593 1568 Errant
620 1539 737 1565 autem
765 1531 825 1576 qui
851 1532 979 1563 docent
1002 1542 1121 1562 rerum
1146 1541 1242 1562 com-

254 1587 532 1623 municationem
558 1583 644 1617 iuris
670 1582 782 1615 divini
807 1594 898 1621 esse,
931 1593 970 1613 ac
994 1580 1106 1613 multo
1131 1580 1242 1624 magis

255 1645 376 1674 errant
393 1638 454 1683 qui
470 1637 596 1669 docent
612 1634 648 1666 in
663 1633 856 1676 Evangelio
875 1631 1051 1676 praecipi,
1080 1637 1187 1664 utres
1204 1631 1241 1662 in

257 1701 444 1725 commune
457 1688 697 1723 conferantur,
715 1690 747 1716 et
765 1690 882 1715 tamen
898 1680 954 1715 hic
971 1693 1071 1714 error
1085 1681 1242 1725 pertina-

256 1743 342 1775 citer
364 1739 487 1774 haeret
509 1738 545 1770 in
563 1735 690 1769 animis
707 1735 907 1768 stultorum.
960 1732 1059 1765 Adeo
1079 1739 1118 1765 ut
1137 1732 1241 1764 etiam

256 1795 294 1826 in
318 1790 476 1825 Decretis
504 1786 729 1821 distinctione
766 1784 943 1830 octavam)
981 1783 1126 1830 quidam
1160 1783 1244 1816 scri-

257 1843 367 1889 pserit
389 1836 597 1888 ἐπιγραφὴν
619 1835 674 1870 his
699 1836 833 1869 verbis:
868 1834 947 1868 Iure
973 1834 1094 1867 divino
1123 1834 1241 1866 onmia

258 1900 339 1929 sunt
376 1889 579 1925 communia
607 1886 839 1932 omnibusffi).
904 1886 1019 1919 Porro
1050 1885 1134 1917 dum
1159 1883 1244 1917 hacc

258 1943 439 1990 persuasio
456 1947 550 1974 tenet
566 1939 723 1977 animos,
751 1950 824 1970 non
842 1943 957 1981 potest
979 1935 1054 1969 fieri
1077 1936 1164 1980 quin
1188 1948 1244 1968 ex-

259 1996 423 2029 oriantur
438 1991 600 2025 homines
617 1989 773 2027 fanatici,
801 1988 862 2034 qui
878 2000 941 2032 per
958 1987 1243 2033 superstitionem

260 2046 477 2080 contendant
509 2054 563 2075 res
599 2041 635 2073 in
672 2051 858 2073 commune
894 2038 1125 2071 conserendas
1158 2050 1243 2077 esse,

259 2097 342 2131 hine
356 2107 494 2129 necesse
513 2099 563 2126 est
580 2091 709 2125 exoriri
726 2090 898 2123 maximos
924 2095 1041 2121 motus
1067 2089 1101 2121 in
1125 2089 1244 2121 rebus-

260 2147 420 2193 publicis.
480 2143 588 2188 Atqui
616 2143 668 2175 ius
694 2141 854 2174 «livinum
883 2146 915 2172 et
931 2139 1165 2182 Evangelium
1193 2139 1245 2172 iu-

259 2202 343 2232 bent
364 2209 430 2230 nos
453 2206 592 2229 servare
620 2192 779 2237 politicas
806 2190 1048 2224 ordinationes
1074 2197 1106 2222 et
1130 2190 1166 2222 in
1191 2188 1245 2223 liis

260 2250 452 2294 legitimam
480 2257 599 2279 rerum
625 2243 854 2281 dixisioiiem,
897 2241 985 2274 sicut
1018 2241 1119 2273 docet
1144 2252 1245 2285 prae-

261 2307 412 2345 ceptum
427 2296 557 2342 (Exod.
575 2297 635 2335 20,
659 2293 753 2338 15.):
797 2293 879 2327 Non
908 2291 1091 2326 furaberis.
1159 2290 1243 2324 Item

264 2352 414 2384 [ioman.
435 2349 494 2387 13,
512 2346 592 2392 (9..)
645 2344 719 2377 Hac
738 2344 779 2376 de
799 2356 834 2377 re
853 2343 937 2376 alias
955 2342 1094 2386 copiose
1113 2342 1243 2375 dictum

263 2409 331 2439 est,
359 2405 496 2432 tantum
512 2396 570 2430 hie
586 2395 710 2428 leviter
727 2394 897 2437 attingere
916 2394 1010 2426 volui
1030 2394 1169 2427 lectoris
1186 2395 1245 2426 ad-

262 2450 431 2485 mouendi
448 2461 563 2483 causa.
616 2446 759 2479 Rectius
777 2445 883 2489 igitur
909 2451 1101 2478 statuemus
1126 2456 1243 2478 rerum

297 2535 343 2561 33]
363 2535 463 2558 Grues,
477 2533 503 2556 2.
522 2532 563 2556 24.
588 2531 681 2554 Matth.
700 2530 740 2553 19.
760 2530 784 2553 5.
815 2530 898 2552 Marc.
914 2529 955 2552 ¹0.
974 2527 999 2551 7.

298 2577 344 2603 34)
365 2574 471 2598 Decrcti
497 2573 621 2596 Gratiani
653 2571 740 2600 prima
765 2576 827 2600 pars
852 2571 913 2593 dist.
932 2569 1005 2592 wll.
1030 2569 1049 2592 l.
1069 2567 1159 2592 Partis
1185 2574 1207 2593 c.
1228 2569 1246 2593 Ι.

333 2609 429 2638 [Οοτρ.
449 2608 499 2630 iur.
520 2614 577 2629 can.
596 2606 636 2630 ed.
657 2606 765 2628 Richter
786 2606 814 2629 P.
828 2605 846 2628 l.
869 2611 894 2634 p.
911 2604 975 2631 IL).

298 2653 345 2680 35)
365 2652 474 2677 lateat-a
495 2649 569 2670 huius
588 2648 699 2671 cau-»nis
720 2647 859 2676 inscriptio
880 2649 935 2669 est:
968 2646 1029 2668 lure
1049 2646 1139 2668 divim
1161 2646 1247 2668 omma

332 2688 394 2709 suut
423 2683 571 2707 communia
603 2682 738 2703 omuibus:
776 2682 835 2704 iure
866 2687 930 2704 vero
965 2680 1167 2704 constitutioms
1199 2681 1247 2703 11111·

333 2725 434 2748 meum,
456 2717 521 2741 iilud
540 2716 653 2740 alterius
672 2717 720 2738 esi.

518 121 723 159 SCRIPTA
748 121 824 156 PH.
850 119 961 154 MEL.
989 118 1053 152 AD
1081 116 1290 153 ETHICEN
1317 118 1381 153 ET
1407 118 1663 155 POLITICEN
1691 118 2001 156 SPECTANTIA.

1271 2644 1276 2740 1

2200 123 2275 160 432

1292 203 1503 239 divisionem
1521 217 1593 240 esse
1612 205 1698 241 iuris
1716 206 1827 240 divini
1844 212 1905 240 aut
1920 206 2129 250 evangelici,
2157 214 2190 241 et
2209 206 2276 243 hae

1291 267 1394 288 voces
1416 258 1512 301 quod
1538 258 1743 291 commuuio
1767 270 1886 291 rerum
1910 258 1955 291 sit
1975 257 2061 291 iuris
2082 257 2194 291 divini
2217 266 2279 294 aut

1292 306 1496 349 evangelici,
1523 308 1605 353 quia
1623 315 1705 342 sunt
1721 320 1934 353 magnorum
1953 315 2115 342 motuum
2132 309 2279 351 semina,

1290 357 1498 402 neutiquam
1518 359 1722 401 probandae
1739 366 1831 394 suut.
1884 359 1931 392 Et
1950 359 2093 404 quidem
2109 366 2222 394 textus
2241 360 2279 394 in

1291 408 1439 441 decretis
1463 408 1688 442 distinctione
1721 417 1865 450 octava,
1910 422 2118 456 quanquam
2149 409 2278 444 habeat

1293 456 1510 503 epigraphen
1546 460 1763 504 negligenter
1797 461 1984 506 scriptam,
2031 467 2152 495 tamen
2186 462 2279 496 clare

1292 510 1446 543 ostendit
1464 510 1579 543 Deum
1604 522 1676 544 esse
1700 518 1860 545 autorem
1886 512 2064 555 legitimae
2083 525 2204 546 rerum
2227 512 2280 546 di-

1291 560 1449 594 visionis.
1502 560 1558 595 Sic
1575 562 1669 594 enim
1689 562 1821 608 inquit:
1861 561 1937 595 lura
1957 561 2110 596 humana
2132 575 2196 608 per
2213 563 2279 597 im-

1291 619 1473 656 peratores
1504 618 1537 645 et
1571 619 1724 647 rectores
1757 613 1865 647 seculi
1889 613 1984 647 Deus
2013 614 2194 648 distribuit
2214 613 2279 649 hu-

1292 676 1398 697 mano
1418 662 1606 709 gener-iffi).

1395 714 1501 759 Quod
1518 727 1602 747 vero
1622 714 1740 755 aiunt,
1768 714 1844 749 iure
1863 715 2018 748 naturali
2042 715 2164 749 omnia
2184 727 2280 749 com-

1292 765 1413 798 munia
1438 778 1528 806 esse,
1562 765 1610 799 sic
1635 773 1819 807 excusant,
1853 767 1950 812 quod
1969 767 2013 799 ad
2036 766 2280 811 incorruptam

1292 814 1446 850 hominis
1463 823 1628 850 naturam
1648 818 1839 858 reseratur,
1868 817 1982 862 qualis
2006 817 2071 850 suit
2096 824 2177 851 ante
2200 829 2281 862 pec·

1293 874 1408 901 catum
1428 868 1585 911 originis.
1629 868 1703 902 Nos
1719 881 1827 913 quum
1846 869 2027 914 loquimur
2043 869 2084 901 de
2102 868 2280 913 praesenti

1292 925 1383 952 statu
1400 925 1480 963 post
1497 925 1680 963 peccatum
1698 919 1845 962 originis
1857 945 1866 960 ,
1900 926 1993 952 recte
2018 919 2167 953 dicimus
2191 919 2281 952 divi-

1291 969 1428 1002 sionem
1447 982 1566 1003 rerum
1589 970 1675 1004 iuris
1697 971 1869 1004 naturalis
1893 982 1976 1004 esse.
2029 970 2102 1004 Nec
2118 970 2280 1004 existimo

1293 1022 1387 1065 apud
1410 1027 1545 1054 veteres
1565 1021 1832 1055 iurisconsultos
1855 1021 2006 1065 reperiri
2029 1019 2119 1054 hanc
2145 1033 2281 1061 vocem,

1294 1073 1390 1116 quod
1414 1072 1489 1105 iure
1513 1072 1667 1104 naturali
1692 1072 1811 1104 omnia
1830 1071 1900 1105 siut
1920 1072 2135 1106 communia.
2187 1072 2280 1106 Nam

1294 1122 1350 1155 isti
1367 1123 1409 1155 de
1426 1122 1604 1166 praesenti
1627 1128 1776 1155 naturae
1800 1128 1893 1155 statu
1915 1122 2128 1167 loquuntur,
2156 1122 2212 1155 cui
2230 1123 2281 1155 vi-

1294 1173 1378 1205 dent
1394 1172 1627 1206 necessariam
1641 1185 1712 1206 esse
1723 1185 1842 1205 rerum
1855 1172 2077 1206 divisionem.
2094 1171 2217 1218 Itaque
2233 1174 2282 1207 sic

1294 1223 1431 1257 dicunt:
1460 1224 1566 1268 Quod
1584 1230 1665 1257 ante
1682 1224 1812 1257 nullius
1830 1230 1891 1263 cst,
1920 1223 1954 1255 id
1970 1223 2125 1256 naturali
2141 1224 2280 1257 ratione

1295 1275 1483 1318 occupanti
1493 1275 1709 1310 conceditur.
1737 1275 1831 1308 Haec
1843 1274 2014 1308 sententia
2026 1276 2128 1308 docet
2136 1281 2282 1309 natura-

1293 1326 1318 1358 li
1333 1326 1471 1359 ratione
1488 1325 1687 1360 dominium
1702 1338 1763 1360 seu
1780 1326 2034 1370 proprietatem
2050 1326 2281 1370 occupatione

1295 1377 1518 1421 contingere,
1559 1377 1665 1422 idque
1690 1378 1829 1410 ratione
1853 1377 2019 1411 naturali.
2076 1376 2139 1410 Est
2163 1383 2281 1410 autem

1294 1428 1386 1461 ratio
1404 1428 1576 1462 naturalis
1591 1429 1644 1462 ius
1660 1435 1820 1462 naturae.
1863 1428 1959 1461 Haec
1975 1427 2048 1461 dixi
2065 1428 2282 1462 admonendi

1295 1479 1436 1513 lectoris
1454 1492 1576 1519 causa,
1600 1492 1644 1512 110
1661 1492 1766 1525 quem
1782 1479 1960 1523 decipiant
1975 1490 2077 1512 voces
2094 1479 2174 1512 illae
2191 1491 2281 1524 quae

1294 1530 1442 1564 laudant
1476 1531 1701 1564 Platonicam
1743 1543 1862 1564 rerum
1910 1530 2282 1570 communicationem,

1296 1594 1385 1626 quae
1407 1581 1583 1614 interdum
1599 1581 1757 1615 novitate
1775 1581 2008 1614 blandiuntur
2028 1581 2219 1625 imperitis,
2247 1588 2281 1614 et

1296 1633 1515 1664 occasionem
1537 1633 1708 1676 praebent
1732 1633 1869 1676 magnis
1894 1645 1932 1665 ac
1955 1632 2161 1676 perniciosis
2184 1644 2281 1665 erro-

1329 1723 1376 1751 36)
1398 1724 1508 1752 Integer
1528 1722 1599 1745 iilius
1618 1722 1731 1746 canonis
1744 1722 1779 1750 L,
1799 1729 1833 1746 ex
1853 1729 1903 1753 quo
1923 1723 1988 1746 haec
2007 1723 2091 1746 verba
2105 1723 2190 1747 allata
2204 1727 2279 1753 sunt,

1364 1759 1456 1780 textus
1476 1757 1514 1780 iiie
1534 1760 1589 1780 est:
1617 1759 1674 1785 Quo
1694 1757 1752 1780 iure
1771 1757 1893 1780 defendis
1914 1757 1996 1780 vitias
2010 1757 2158 1787 ecciesiae,
2178 1758 2280 1784 divino.

1366 1797 1401 1815 au
1425 1788 1560 1814 humano?
1596 1791 1722 1815 Divinum
1741 1792 1783 1814 ius
1802 1791 1828 1814 in
1848 1791 1990 1820 scripturis
2011 1792 2154 1815 habemus,
2185 1793 2281 1816 huma-

1365 1831 1427 1848 num
1448 1826 1488 1847 ius
1509 1825 1534 1847 iu
1554 1825 1659 1851 legibus
1679 1831 1782 1855 regum.
1821 1826 1897 1848 [ude
1917 1826 2029 1854 quisque
2048 1825 2185 1854 possidet.
2210 1828 2281 1856 quod

1366 1856 1508 1890 possidet?
1539 1859 1634 1882 ,Nonne
1653 1860 1711 1882 iure
1730 1857 1866 1882 humano?
1898 1859 1965 1881 Num
1985 1859 2043 1882 iure
2063 1859 2152 1883 divino
2165 1861 2282 1886 Domini

1365 1896 1407 1918 est
1428 1896 1510 1917 terr-11
1530 1894 1555 1917 et
1573 1894 1723 1923 plenitudo
1743 1895 1804 1918 eius
1825 1893 1938 1924 (Psaun.
1953 1893 1996 1923 23,
2018 1892 2064 1923 1.).
2099 1893 2237 1923 Pauperes
2253 1898 2280 1919 et

1366 1929 1465 1950 divites
1478 1928 1550 1950 neus
1569 1928 1600 1950 de
1619 1934 1672 1950 uno
1691 1928 1753 1950 111110
1773 1928 1854 1957 fecit,
1874 1930 1900 1950 et
1921 1933 2052 1956 pauperes
2068 1929 2095 1950 et
2110 1927 2210 1952 divites
2227 1935 2280 1954 una

1366 1965 1441 1987 terra
1460 1963 1611 1991 supportat.
1653 1962 1715 1984 lure
1734 1965 1824 1985 tamen
1843 1962 1958 1984 humano
1978 1961 2091 1985 dicitur:
2123 1962 2189 1986 haec
2212 1964 2280 1988 vilia

1365 2003 1425 2020 nica
1445 1998 1501 2024 est,
1533 1996 1598 2018 haec
1616 1996 1710 2020 domus
1730 2002 1804 2020 inea.
1835 1996 1876 2019 hic
1899 2002 1997 2020 servus
2022 2002 2098 2019 meus
2122 1998 2173 2022 est.
2217 1998 2281 2023 lura

1365 2034 1454 2054 autem
1477 2031 1589 2053 humana
1609 2030 1667 2053 iura
1687 2030 1879 2059 imperatorum
1894 2032 1970 2053 sunt:
1996 2027 2101 2059 quare?
2139 2031 2208 2059 Quia
2221 2033 2280 2063 ipsa

1366 2065 1425 2088 iura
1445 2065 1559 2087 humana
1578 2071 1626 2093 per
1645 2065 1823 2093 imperatores
1842 2067 1867 2087 et
1885 2070 1966 2094 reges
1980 2064 2080 2087 saecuti
2096 2064 2167 2088 Deus
2183 2065 2279 2090 distri-

1368 2100 1421 2122 buit
1442 2099 1536 2123 :enei-i
1556 2099 1680 2121 humano.
1724 2099 1794 2123 Item
1812 2099 1913 2122 ibidem
1930 2099 2018 2129 paulo
2040 2099 2175 2128 inferius.
2211 2100 2236 2129 S.
2254 2102 2278 2125 1.

1367 2134 1443 2156 ’111111-
1464 2134 1522 2155 iura
1542 2133 1752 2162 imperatorum,
1785 2136 1811 2156 et
1838 2133 1896 2162 quis
1921 2133 2000 2155 audet
2021 2132 2126 2156 dicere:
2159 2139 2217 2157 mea
2236 2138 2278 2159 est

1367 2167 1414 2190 iila
1435 2167 1516 2190 viiia.
1536 2169 1582 2190 aut
1602 2174 1678 2190 meus
1698 2171 1738 2190 est
1758 2167 1804 2190 1110
1823 2172 1936 2191 servus.
1957 2170 2002 2189 aut
2021 2166 2113 2189 domus
2133 2165 2197 2191 llaec
2220 2175 2278 2193 mea

1368 2198 1429 2225 cst?
1467 2201 1494 2224 si
1513 2204 1618 2226 aute-iu,
1646 2204 1673 2224 ut
1700 2204 1845 2224 teneantur
1865 2201 1916 2223 ista
1934 2202 1967 2224 ab
1987 2200 2150 2225 hominibus,
2182 2207 2277 2232 regum

1367 2236 1427 2258 iura
1446 2235 1583 2260 feceruut.
1610 2236 1694 2258 vultis
1714 2238 1741 2258 ut
1762 2237 1922 2259 reticeamus
1940 2235 2030 2263 1eges.
2058 2235 2086 2256 ut
2113 2236 2278 2263 gaudeatis?

1367 2273 1416 2292 etc.
1455 2270 1525 2294 Item
1545 2270 1645 2293 ibidem
1661 2271 1765 2299 paucis
1783 2269 1951 2294 interiectis.
1989 2269 2013 2294 S.
2027 2267 2052 2291 2.
2078 2268 2217 2299 negantur
2235 2272 2277 2295 le-

1367 2310 1433 2333 ges.
1471 2305 1513 2327 ulii
1540 2303 1682 2327 manifeste
1705 2307 1901 2333 praeceperunt
1925 2303 2104 2332 imperatores
2135 2310 2197 2331 005,
2233 2306 2279 2336 qui

1368 2342 1477 2367 praeter
1507 2338 1637 2361 ccclesiae
1662 2339 1810 2361 catholicae
1835 2337 2045 2360 conmiuuioucni
2073 2342 2204 2366 usurpant
2228 2341 2278 2364 sibi

1367 2378 1462 2395 nomeu
1483 2372 1681 2399 Christianum,
1706 2378 1755 2394 nec
1781 2373 1875 2395 volunt
1894 2371 1919 2392 111
1942 2376 2006 2399 paee
2025 2369 2115 2393 colere
2135 2378 2207 2400 pat-15
2225 2379 2276 2397 au-

1367 2409 1487 2430 ctorem.
1519 2406 1584 2429 nihii
1604 2407 1711 2430 nomine
1730 2405 1863 2429 ecclcsiae
1880 2404 1997 2427 amicant
2017 2405 2166 2432 possidere.
2211 2407 2236 2437 S.
2252 2408 2277 2432 3.

1368 2441 1421 2463 sed
1441 2441 1502 2470 quid
1521 2440 1597 2463 nohis
1614 2442 1641 2464 et
1659 2436 1836 2470 imperatori?
1861 2438 1913 2462 sed
1933 2438 1983 2460 iani
2003 2438 2073 2461 dixi.
2099 2439 2131 2462 de
2151 2440 2208 2464 iure
2227 2442 2276 2465 hu-

1367 2480 1445 2498 mano
1465 2475 1565 2499 agitur.
1601 2475 1636 2498 Et
1654 2476 1742 2498 tamen
1760 2473 1908 2502 Apostolus
1927 2473 1966 2500 (1.
1982 2472 2054 2496 Petr.
2069 2472 2095 2496 2.
2117 2473 2169 2505 17.)
2190 2476 2278 2499 votuit

1367 2509 1466 2532 serviri
1487 2510 1609 2539 regibus,
1641 2510 1727 2532 voluit
1745 2507 1872 2531 honorari
1891 2512 1989 2533 regeS.
2017 2509 2041 2528 et
2062 2506 2143 2531 dixit:
2176 2509 2278 2539 Reyem

1366 2545 1547 2567 reverenn'ni.
1584 2542 1672 2566 Nolite
1691 2543 1794 2567 dicere,
1815 2541 1877 2570 quid
1896 2541 1958 2563 mihi
1980 2542 2005 2563 et
2027 2538 2106 2567 regi?
2143 2543 2211 2571 Quid
2230 2544 2275 2567 tihi

1368 2583 1433 2602 ergo
1455 2581 1480 2600 et
1499 2573 1691 2607 possessioni?
1726 2576 1777 2598 Per
1796 2576 1854 2597 iura
1874 2581 1966 2599 regum
1981 2575 2154 2603 possidentur
2167 2583 2277 2606 posses-

1368 2613 1467 2634 sioues.
1505 2612 1617 2637 Dixisti.
1649 2610 1709 2640 quid
1731 2610 1791 2632 milii
1813 2614 1837 2632 et
1861 2606 1939 2632 rezi?
1977 2609 2036 2630 ,Noli
2056 2609 2145 2633 dicere
2163 2617 2276 2640 posses-

1368 2652 1459 2667 siones
1482 2649 1559 2668 tuas.
1593 2644 1654 2674 quia
1679 2645 1736 2673 ipsa
1762 2644 1820 2667 iura
1843 2644 1956 2665 humana
1976 2643 2151 2667 renuntiasti.
2182 2646 2277 2674 quibus

1369 2679 1541 2708 possidentur
1575 2679 1772 2708 possessiones.
1811 2678 1907 2706 (corp.
1939 2677 1990 2700 iur.
2019 2681 2077 2700 can.
2103 2678 2143 2701 ed.
2166 2678 2275 2703 Richter

1369 2713 1396 2737 ι’.
1415 2713 1431 2736 ι.
1451 2720 1474 2743 p.
1494 2714 1519 2735 11
1539 2714 1600 2741 qu).
