2347 3000
1018 780 1073 822 V.

165 899 270 939 PH.
315 898 494 939 MEL.
541 892 1109 949 QUAES'PIONES
1159 891 1511 942 ALIQUOT
1562 891 1937 948 ETHICAE,

114 971 177 1000 DE
208 970 564 1010 IURAMENTIS‚
600 964 1170 1000 ExcorIMUNch'rloNE
1193 964 1257 995 ET
1280 964 1429 995 Anus
1453 962 1684 995 CASIBUS
1707 964 1983 997 ossscolus.

123 1114 184 1142 Hae
207 1113 409 1150 quaestiones,
444 1112 507 1140 vivo
530 1113 739 1147 Melanthone,
771 1116 873 1150 qnater
896 1112 994 1140 editae
1017 1116 1099 1148 sunt,
1135 1109 1176 1138 bis
1199 1108 1336 1144 seorsim,
1362 1107 1404 1135 bis
1428 1107 1540 1136 ethicae
1563 1107 1714 1135 doctrinae
1737 1107 1892 1137 elementis
1915 1117 2057 1139 annexae.

40 1154 112 1184 Illae
133 1157 244 1193 priores
267 1156 428 1191 singulares
452 1154 623 1191 prodierunt
652 1152 857 1191 le'tcbergae
882 1153 975 1182 1552.
999 1159 1029 1181 et
1054 1152 1145 1181 1554.
1174 1151 1204 1180 8.
1236 1151 1407 1187 inscriptae:

168 1196 386 1235 Quaestiones
408 1195 535 1233 aliquot
558 1195 714 1233 Ethiccu‘,
743 1196 782 1224 de
805 1197 1020 1229 iuramentis,
1044 1193 1383 1223 cavommmu'ccttione
1405 1195 1437 1219 et
1459 1189 1538 1229 alq'js
1561 1189 1694 1220 casibus
1717 1189 1884 1228 obscuris,
1907 1192 2059 1232 explica-

209 1244 264 1268 tae
288 1241 322 1267 in
345 1238 482 1267 lectione
505 1237 626 1267 Ellu'ca
649 1249 669 1266 a
694 1237 852 1277 Philippo
874 1236 1100 1267 Melanthum.

1143 1236 1210 1263 Vid.
1233 1235 1445 1267 Prolegomena
1475 1243 1503 1271 p.
1523 1233 1670 1263 17—18,
1695 1234 1749 1262 Nr.
1765 1235 1800 1263 V.

41 1283 105 1310 Hae
128 1287 224 1310 autem
248 1282 424 1320 posteriores
446 1280 560 1309 ethicae
583 1282 731 1310 doctrinae
754 1283 907 1309 elementis
929 1289 1063 1309 annexae
1085 1279 1183 1307 editae
1206 1281 1272 1305 sunt
1300 1273 1506 1313 ll'e'lebergae
1529 1275 1622 1304 1557.
1646 1281 1675 1304 et
1699 1275 1791 1306 1560.
1820 1276 1850 1306 8.
1896 1277 1963 1306 vid.
1986 1278 2060 1306 Pro-

42 1326 197 1362 legomena
219 1335 247 1362 p.
266 1322 473 1359 155—166.,
496 1324 542 1351 ubi
567 1325 722 1352 editionem
744 1333 768 1352 a.
787 1323 896 1361 1557„
925 1329 955 1351 et
977 1333 1006 1361 p.
1023 1319 1192 1356 15-16.,
1215 1319 1262 1347 ubi
1284 1318 1441 1346 editionem
1465 1327 1491 1347 a.
1509 1317 1602 1347 1560.
1625 1319 1841 1356 descripsimus.
1886 1320 1959 1348 Cum
1983 1320 2059 1348 ethi-

42 1376 93 1394 cae
117 1367 261 1395 doctrinae
287 1367 440 1395 elementis
462 1367 576 1404 saepius
599 1373 665 1395 sunt
689 1375 817 1394 recusae.

744 1566 824 1597 DE

41 1657 212 1710 Normns
240 1676 420 1710 actionum
447 1683 539 1709 recte
565 1676 704 1721 quaerit
728 1673 955 1720 philosophia
977 1674 1026 1715 ‚in

42 1726 177 1761 notitiis
200 1729 439 1767 naturalibus,
471 1728 531 1760 sed
556 1727 592 1759 in
614 1725 680 1760 hac
702 1727 941 1760 imbecillitate
964 1737 1027 1758 na-

42 1786 142 1812 turae
166 1777 261 1812 Deus
295 1779 399 1812 etiam
429 1789 491 1811 sua
520 1790 606 1811 voce
631 1779 799 1822 expressit
823 1777 1026 1811 discrimina

43 1830 242 1869 actionum,
270 1831 416 1863 tradidit
432 1830 542 1873 legem
554 1856 563 1869 ,
592 1835 625 1862 et
641 1830 795 1863 ostendit
811 1842 900 1875 quae
919 1828 1027 1862 actio-

43 1893 104 1914 nes
131 1892 211 1913 cum
237 1892 299 1913 sua
324 1887 442 1914 mente
465 1887 683 1924 congruant,
723 1893 813 1925 quae
841 1893 915 1913 non
945 1892 1027 1912 con-

44 1937 182 1976 gruant.
250 1931 368 1975 Quare
394 1944 458 1965 nos
485 1931 521 1964 in
544 1931 698 1965 Ecclesia
731 1931 859 1965 rectius
891 1944 908 1963 a
942 1942 1027 1963 voce

46 1990 80 2015 et
106 1987 223 2014 mente
257 1982 377 2015 divina
404 1982 575 2016 sumimus
603 1983 783 2015 actionum
812 1982 1028 2015 discrimina.

45 2034 184 2067 Deinde
218 2033 323 2065 etiam
354 2034 556 2066 intueamur
580 2033 701 2067 radios
724 2033 864 2066 divinae
891 2033 1029 2077 sapien-

45 2085 114 2118 tiae.
133 2094 272 2127 sparsos
294 2084 330 2116 in
348 2091 483 2118 mentes
501 2082 695 2124 humanas,
721 2090 761 2118 ut
775 2096 878 2129 saepe
895 2085 936 2117 de
954 2084 1028 2127 lege

45 2135 206 2168 dicimus.

147 2184 327 2228 Expressit
353 2192 469 2218 autem
487 2185 583 2219 Deus
609 2197 669 2219 sua
697 2198 782 2219 voce
807 2186 1029 2225 sententiam,

49 2248 117 2282 qua
140 2237 293 2269 affirmat
317 2249 351 2269 se
376 2249 536 2269 veracem
564 2249 655 2276 esse,
691 2243 724 2269 et
747 2236 861 2270 odisse
886 2238 1030 2269 menda-

50 2288 159 2327 cium,
194 2293 233 2320 nt
256 2285 378 2320 Ioanu.
395 2288 429 2327 7,
449 2287 543 2333 (28.)
566 2294 599 2320 ct
614 2288 720 2321 Rom.
738 2289 773 2328 3,
791 2287 859 2334 (4.)
886 2288 1028 2321 dicitur:

49 2338 144 2371 Deus
158 2349 264 2371 verax
282 2344 349 2378 est,
377 2344 410 2370 ct
424 2339 596 2383 praecipit
614 2345 794 2372 creaturae
810 2339 977 2371 rationali
994 2344 1032 2372 ut

52 2389 96 2422 sit
111 2400 233 2428 verax,
260 2395 299 2422 ut
317 2389 353 2421 in
370 2396 559 2433 praecepto
577 2391 730 2423 secundo
748 2396 781 2423 et
798 2396 922 2423 octavo
947 2390 1031 2423 dici-

50 2446 119 2473 tur.
184 2439 336 2484 Vultque
368 2437 460 2473 hanc
491 2441 657 2474 virtutem
687 2447 833 2485 propter
861 2441 1032 2485 plurimas

53 2502 173 2523 causas
187 2490 288 2523 nobis
306 2491 527 2524 notissimam
546 2504 638 2532 esse,
666 2504 816 2537 quarum
833 2492 947 2536 prima
965 2498 1031 2526 est:

52 2541 144 2585 Quia
163 2541 238 2573 vult
252 2552 315 2573 nos
331 2553 403 2574 non
419 2543 539 2575 ludere
556 2543 736 2577 furoribus
760 2543 970 2587 opinionum
991 2544 1032 2576 de

53 2605 87 2625 sc
99 2618 107 2629 ,
135 2592 192 2624 sed
212 2603 398 2634 agnoscere
415 2606 450 2626 se
468 2594 580 2639 qualis
597 2594 640 2627 sit
650 2594 692 2639 ¹).

90 2706 117 2734 ¹)
138 2706 187 2735 sit]
208 2706 246 2730 sic
264 2707 335 2731 Edit.
355 2707 445 2737 1560.;
469 2708 552 2732 Editt.
570 2709 660 2739 1552..
682 2708 754 2732 1554.
775 2709 801 2732 et
822 2707 896 2732 ¹557.
917 2709 965 2731 est.

876 1559 1359 1596 IURAMENTIS.

1181 1671 1319 1704 Deinde
1341 1669 1418 1703 vult
1442 1668 1590 1712 intelligi
1614 1679 1687 1702 sese
1714 1680 1877 1703 veracem
1903 1682 1995 1711 esse,
2032 1678 2066 1704 et

1079 1723 1154 1757 vult
1169 1722 1251 1756 sciri
1266 1733 1327 1755 sua
1343 1721 1435 1754 dicta
1452 1720 1746 1754 comminationes
1764 1727 1798 1753 et
1811 1722 2067 1765 promissiones

1080 1775 1199 1808 firmas
1216 1780 1249 1806 et
1264 1779 1360 1806 ratas
1377 1784 1462 1805 esse.

1182 1824 1306 1858 Tertio
1320 1850 1329 1864 ,
1355 1823 1431 1856 vult
1447 1821 1599 1855 discerni
1616 1819 1682 1854 hac
1704 1822 1833 1855 virtute
1859 1834 1878 1856 a
1903 1822 2067 1863 diabolis,

1081 1876 1143 1921 qui
1174 1874 1360 1908 mendacia
1393 1880 1565 1918 spargunt
1600 1873 1856 1907 contumeliosa
1898 1875 2066 1907 adversus

1080 1928 1217 1966 Deum,
1260 1932 1294 1958 et
1318 1925 1517 1970 perniciosa
1541 1922 1699 1957 humano
1723 1925 1863 1967 generi,
1904 1932 1942 1958 ut
1965 1937 2067 1968 aegre

1080 1978 1211 2011 faciant
1226 1976 1323 2016 Deo,
1350 1983 1383 2009 et
1400 1988 1505 2021 quam
1522 1976 1695 2019 plurimos
1713 1973 1875 2008 homines
1890 1977 2054 2019 perdant.

1184 2028 1322 2073 Quarto
1333 2054 1342 2067 ,
1375 2027 1451 2060 vult
1466 2027 1607 2070 agnosci
1624 2027 1804 2060 utilitates.
1855 2027 1938 2060 Non
1953 2032 2069 2070 potest

1081 2079 1156 2113 sine
1181 2079 1329 2112 veritate
1353 2078 1557 2111 conservari
1580 2084 1727 2117 natura,
1763 2077 1844 2122 quia
1865 2090 1943 2111 cum
1962 2079 2067 2111 datur

1082 2142 1258 2163 venenum
1274 2142 1340 2174 pro
1358 2129 1456 2169 cibe,
1485 2129 1700 2173 extinguitur
1718 2126 1839 2162 homo.

1184 2181 1319 2226 Quinto
1331 2207 1340 2221 ,
1366 2180 1455 2213 nulli
1472 2187 1690 2219 contractus,
1717 2179 1814 2212 nulla
1831 2177 1978 2212 societas
1994 2190 2067 2212 esse

1082 2238 1219 2277 posset,
1246 2232 1275 2265 si
1296 2237 1397 2275 pacta
1415 2244 1490 2264 non
1513 2236 1749 2264 servarentur.
1809 2229 1877 2262 Sed
1900 2229 2067 2263 utilitates

1083 2290 1155 2316 tam
1171 2284 1240 2315 late
1258 2294 1400 2326 sparsae
1418 2288 1500 2315 sunt
1518 2282 1554 2314 in
1569 2282 1638 2314 vita
1651 2308 1661 2322 ,
1686 2287 1726 2314 ut
1748 2280 2067 2313 commonefaciant

1083 2347 1147 2367 nos
1173 2335 1214 2366 de
1242 2333 1301 2365 illa
1326 2344 1464 2366 summa
1487 2345 1610 2372 causa,
1635 2338 1675 2365 ut
1697 2343 1854 2364 amemus
1880 2331 2066 2364 veritatem

1084 2386 1120 2418 iu
1139 2384 1318 2428 agnitione
1336 2383 1423 2423 Dei,
1451 2389 1485 2416 et
1500 2383 1648 2417 sciamus
1667 2382 1782 2414 Deum
1800 2392 1960 2414 veracem
1982 2394 2067 2422 esse,

1085 2442 1119 2469 et
1142 2434 1436 2468 comminationes
1461 2441 1494 2467 et
1516 2433 1768 2478 promissiones
1792 2432 1865 2466 eius
1890 2433 2009 2466 firmas
2033 2439 2067 2465 et

1085 2494 1179 2520 ratas
1197 2498 1281 2519 esse.

1186 2536 1282 2569 Haec
1298 2536 1340 2568 de
1355 2536 1453 2568 fonte
1471 2535 1629 2568 veritatis
1644 2533 1800 2566 breviter
1822 2533 1911 2571 dixi,
1939 2544 1980 2565 ex
1997 2545 2067 2577 quo

1086 2600 1189 2621 verae
1208 2587 1329 2620 laudes
1346 2586 1583 2630 amplissimae
1601 2585 1693 2618 sumi
1711 2590 1878 2629 possunt,
1905 2589 1938 2616 et
1959 2583 2071 2615 consi-

1088 2638 1217 2672 deratis
1234 2636 1290 2670 his
1305 2635 1473 2677 fontibus,
1501 2637 1738 2669 accenduntur
1756 2634 1867 2667 animi
1882 2634 1925 2666 ad
1944 2633 2070 2666 verita-

1090 2690 1132 2723 tis
1152 2696 1182 2721 et
1197 2688 1264 2721 Dei
1283 2699 1453 2721 amorem.
1501 2687 1545 2720 Et
1561 2687 1643 2732 quia
1661 2687 1702 2719 de
1720 2685 1929 2719 iuramentis
1944 2683 2069 2716 dicturi

1396 2736 1483 2773 29*
