2347 3000
79 109 177 148 1065
412 109 470 145 XI.

79 209 167 233 sona
194 194 441 240 sumptumfl).
518 197 561 230 Sc·
587 197 730 235 nemini,
765 200 800 228 ul
823 196 988 229 levissime
1012 197 1067 229 da·-

80 262 171 288 cum,
199 249 271 281 odio
288 272 296 280 .
316 271 323 280 .
342 271 349 279 .
364 244 514 292 ficit¹³)]
544 246 580 278 id
599 253 669 285 est,
697 246 725 279 si
741 246 876 278 nemini
900 247 967 280 suit
992 259 1068 279 mo-

79 300 197 333 lestus.
273 299 549 332 Dliserz'corde'am
569 294 739 343 spoliatio]
767 294 909 338 πάθος,
936 299 1068 344 ex21‘na-

80 348 263 395 gnitudine
282 359 417 391 poenae
433 347 489 391 ¹⁹).

182 399 268 443 Cap.
287 397 373 432 XLI.
412 396 440 441 ἓ.
459 399 519 433 88.
548 400 618 440 Quo
638 411 672 432 se
693 399 810 444 miser]
845 398 1000 433 Affectus
1026 411 1068 432 ex

80 450 241 497 personis
263 449 420 493 cognatis
432 448 492 496 ²⁰).

150 551 225 577 1508.
244 551 271 573 in
289 550 338 573 hac
358 550 423 573 nota
441 550 554 573 habeut:
573 549 665 580 Atque
684 549 727 573 ita
747 556 798 574 vos
816 550 858 574 sic
877 550 963 578 (cons.
984 550 1067 575 Orel-

148 586 180 609 lii
199 585 264 608 nota
283 584 343 609 crit.
363 585 397 607 ad
416 585 440 608 h.
461 583 502 614 1.).

121 627 168 655 17)
187 627 270 650 Editt.
291 626 308 649 3
328 626 422 649 Coton.
443 626 467 648 h.
487 626 505 650 l.
521 625 619 648 habent
638 625 706 647 hauc
724 626 830 648 notam:

150 661 252 692 gritate
272 662 299 684 et
318 660 471 683 innocentia
490 661 687 689 argumentum.

117 704 164 732 18)
184 704 215 728 si
229 703 351 733 nemini,
370 704 401 726 ut
415 703 558 726 levissime
575 703 687 728 dicam.
708 702 773 725 odio
794 718 800 724 .
820 719 826 724 .
846 719 851 724 .
871 701 945 732 fnit]
965 701 1005 724 sic
1020 702 1068 724 Ed.

149 738 236 762 Orell.
257 738 283 760 et
302 737 385 761 Editt.
405 737 420 759 3
434 736 545 760 Coton.:
572 736 654 758 Editt.
674 736 757 763 1539..
779 735 863 765 1553.‚
887 736 972 767 1554„
994 736 1067 759 1568.

149 772 175 795 in
195 772 245 794 hac
264 773 329 794 nota
347 771 461 794 habent:
487 770 603 794 Nemini
623 769 683 800 fuit
703 771 776 793 odio.

116 815 163 843 19)
183 814 266 838 Editt.
285 814 301 837 3
316 814 411 837 Coton.
430 814 454 835 h.
473 813 491 836 1.
513 813 637 835 exhibent
655 813 761 835 notam:
781 810 889 840 πάθος,
909 818 940 835 ex
961 812 1068 842 magni-

148 848 241 872 tudine
260 854 378 878 poenae,
397 848 430 871 ab
448 847 551 870 honore
570 845 743 875 consulatus,
763 845 787 868 si
806 846 939 875 spotiatus
960 846 1049 870 fuerit.

113 891 162 919 20)
179 891 208 914 In
227 891 310 914 Editt.
327 890 343 913 3
363 890 457 913 Coton.
478 888 534 912 Cic.
554 887 645 910 verbis
664 888 695 911 Si
715 907 720 911 .
736 907 742 913 .
758 905 763 910 .
783 889 858 911 hunc
878 889 982 912 restris
1001 897 1067 914 sen-

147 925 249 951 tentiis
267 924 457 956 afflixeritiS,
482 928 536 954 quo
556 928 586 948 se
604 922 692 946 miser
710 920 824 948 vertet?
851 924 902 947 etc.
928 923 955 947 in
978 930 1065 955 marg.

862 626 886 648 A
905 625 977 648 vitae
997 625 1068 649 inte-

523 107 806 144 ENARRATIO
840 107 1101 145 ORATIONIS
1135 108 1383 144 CICERONIS
1418 108 1516 143 PRO
1550 109 1766 145 MURENx.

2002 112 2098 146 1066

1223 194 1252 239 ἓ.
1272 195 1331 230 89.
1358 198 1505 238 Repente
1521 208 1557 229 eo
1573 196 1778 241 accedas-“ss
1806 196 1857 229 Eo
1878 197 1950 241 ipse
1966 198 2108 238 redibit,

1122 247 1267 280 nuntius
1284 260 1367 280 suae
1384 248 1593 280 calamitatis
1604 248 1662 293 ²¹²).

1223 297 1252 342 ἓ.
1271 298 1330 332 90.
1365 298 1506 345 Facere]
1545 299 1579 331 id
1604 305 1673 338 cst,
1707 298 1914 332 sacrificare.
1973 299 2110 331 Sacriti-

1121 348 1213 381 cium
1232 356 1349 382 autem
1374 351 1557 383 consulare
1583 351 1687 382 fiebat
1702 349 1856 383 Lanuvii
1873 350 2032 393 Sospitae
2057 349 2112 383 111-

1121 400 1207 432 noni
1227 412 1246 433 a
1265 400 1407 433 consule
1421 401 1479 446 ²³).

1188 526 1314 556 apposita.
1333 528 1397 550 sunt
1416 528 1495 551 hacc:
1520 528 1559 550 Ex
1579 527 1807 557 consequentum<
1829 527 2019 555 incommodis.
2040 532 2107 555 quac

1188 562 1270 591 auget
1289 567 1320 584 ex
1341 562 1464 590 personis
1485 564 1510 584 ct
1528 568 1618 585 rerum
1639 565 1779 592 gestarum
1798 563 1896 593 gloria.
1933 562 2055 585 Affectus
2076 568 2108 584 ex

1189 601 1309 624 persona.
1328 598 1515 625 cognatorum.

1154 637 1203 665 21)
1224 638 1348 668 Repente
1366 645 1396 662 eo
1415 639 1549 666 accedat]
1575 639 1613 661 stc
1632 639 1679 662 Ed.
1702 640 1786 663 orell.
1815 640 1840 661 et
1860 638 1944 662 Editt.
1962 638 1978 661 3
1998 638 2112 667 (·010n.;

1191 672 1272 695 Editt.
1291 673 1381 700 1539..
1404 673 1493 703 1553.‚
1516 673 1604 698 1:154..
1629 674 1702 698 1565.
1722 674 1749 696 in
1768 674 1817 697 hac
1837 675 1901 697 nota
1921 674 2033 697 habent:
2055 673 2112 697 Re-

1187 707 1271 736 pente
1288 708 1412 731 accedet.
1806 721 1811 725 *

1154 748 1202 776 22)
1221 748 1251 771 Iu
1270 749 1353 771 Editt.
1372 748 1388 771 3
1407 748 1503 772 Coton.
1521 749 1587 772 haec
1606 752 1671 773 uota
1690 755 1743 773 11011
1771 749 1923 779 invenitur,
1957 749 2005 772 sed
2031 754 2112 778 prae-

1189 783 1244 806 ced.
1260 783 1314 806 Cic.
1330 783 1421 805 verbis
1441 783 1479 806 ml
1498 784 1656 807 orientis-ne
1677 784 1795 814 *partis
1812 784 1864 815 (sic
1879 785 1928 806 hae
1944 784 2042 812 &litt-3
2064 784 2111 808 Ed.

1193 817 1277 840 Orell.
1295 818 1408 846 parles)
1428 817 1455 839 in
1476 822 1560 845 mam.
1581 818 1722 847 adscripta,
1741 820 1782 841 est
1803 818 1882 841 lectio
1903 817 1919 835 ³1<
1928 819 2049 848 parteis.

1154 859 1201 886 23)
1222 859 1303 882 Editt.
1319 859 1336 882 3
1350 859 1445 883 Coton.
1466 860 1544 882 huius
1567 861 1648 883 uotae
1668 861 1754 883 solum
1774 856 1885 883 initium>
1899 861 2036 883 exhibent:
2059 859 2113 885 ..id

1189 895 1247 923 est,
1267 891 1460 918 sacrific-ares
1479 906 1513 910 —
1542 895 1643 917 Verbis
1660 895 1714 918 Cic.
1728 895 1852 924 praeced.
1874 896 1952 924 Quae
1967 895 1992 917 si
2010 895 2112 917 acerba

1187 927 1250 952 ibid.
1271 928 1298 951 in
1317 933 1403 958 marg.
1422 928 1565 958 adscripta
1584 930 1627 953 est
1646 930 1727 953 nota:
1752 930 1882 953 Extrema
1901 928 2051 953 conclusio.

389 1112 426 1147 2.
480 1109 632 1145 ALIA
669 1109 934 1146 SCIIOLIA
967 1110 1236 1151 PHILIPPI
1272 1115 1802 1165 MELANTHONISQ).

270 1202 581 1248 Paraphrasis
623 1204 874 1252 exordii‘ffi).

204 1272 516 1316 Quemadmodum
552 1273 607 1305 die
643 1273 870 1306 comitiorum
905 1278 1068 1316 precatus

78 1336 175 1364 sum,
201 1330 240 1356 ut
257 1323 427 1356 Murenae
451 1324 653 1356 consulatus
672 1324 887 1367 reipublicae
904 1324 1067 1357 salutaris

80 1381 187 1414 esset,
215 1375 263 1406 ita
288 1386 382 1407 nunc
404 1386 549 1418 precor,
584 1381 617 1407 et
638 1381 678 1407 ut
702 1375 805 1407 liceat
831 1375 881 1407 illi
908 1375 1066 1408 obtinere

79 1426 300 1459 consulatum
317 1425 441 1458 vestris
458 1426 659 1468 sententiis,
687 1431 721 1458 et
735 1431 774 1457 ut
792 1426 959 1469 privatim
978 1427 1066 1459 bene

78 1483 195 1509 vertat
212 1476 244 1509 ei
261 1476 500 1519 magistratus.
558 1476 604 1509 Et
627 1489 705 1509 cum
733 1483 943 1519 potestatem
966 1489 1064 1510 suam

78 1527 139 1560 Dii
154 1527 336 1561 vobiscum
355 1527 660 1560 communicarent
677 1528 808 1561 iudices
824 1528 924 1561 vobis
944 1529 1065 1561 eadem

79 1578 269 1622 religione,
297 1590 365 1623 qua
383 1578 459 1611 Diis
483 1585 587 1610 antea
614 1579 880 1619 commendavi,
916 1579 1066 1622 dignita—

79 1635 149 1662 tem
177 1629 369 1668 Murenae,
410 1629 630 1673 salutemque
663 1631 895 1669 commendo,
937 1636 976 1663 ut
1007 1631 1066 1662 be-

78 1680 184 1724 nigne
202 1679 374 1713 tueamini
391 1692 429 1712 ac
446 1680 652 1714 defendatis.
713 1680 845 1713 Verum
863 1680 946 1725 quia
964 1681 1065 1713 intel-

77 1731 148 1776 ligo
164 1728 379 1775 reprehendi
396 1730 550 1763 officium
569 1744 706 1771 meum,
735 1732 830 1776 quod
856 1729 960 1764 huius
986 1744 1065 1764 cau-

79 1794 137 1816 sae
162 1782 401 1814 defensionem
426 1782 658 1825 susceperim,
696 1783 874 1815 reddenda
899 1789 949 1815 est
972 1783 1064 1815 ratio

78 1833 215 1867 consilii
236 1832 326 1872 mei,
362 1838 401 1865 ut
424 1832 606 1877 aliquanto
630 1833 707 1876 plus
725 1833 925 1866 autoritatis
945 1834 989 1865 ad
1007 1835 1065 1866 de-

76 1884 272 1918 fensionem
292 1883 460 1916 adseram.
520 1884 633 1926 Negat
650 1884 737 1915 Cato
757 1885 899 1923 decere,
927 1891 967 1917 ut
983 1897 1064 1917 con-

77 1936 131 1969 sul
148 1941 181 1968 et
196 1935 288 1967 lator
305 1934 389 1977 legis
409 1935 450 1965 de
469 1935 622 1973 ambitu,
658 1935 842 1967 defendam
869 1947 967 1968 reum
991 1947 1065 1967 am—

75 1986 181 2020 bitus.
233 1985 308 2028 Ego
328 1997 411 2017 vcro
428 1998 546 2017 meum
562 1986 692 2017 sactum
709 1997 781 2017 non
798 1986 896 2019 robis
914 1992 1064 2025 tantum,

76 2039 135 2072 sed
158 2036 225 2080 ipsi
251 2036 357 2069 ctiam
378 2036 505 2068 Catoni
532 2036 630 2068 valde
657 2037 807 2079 probare
832 2037 948 2070 velim.
1002 2036 1065 2070 Est

77 2089 171 2122 enim
188 2088 417 2131 peracerbum
447 2099 464 2119 a
489 2087 695 2130 gravissimo
713 2094 816 2132 atque
835 2088 1063 2132 integerrimo

77 2140 154 2173 viro
184 2136 406 2182 reprebendi,
477 2138 566 2181 Quis
593 2139 735 2171 tandem
760 2139 849 2172 Cato
885 2140 1062 2172 consulem

77 2190 201 2225 iustius
219 2190 399 2228 desendet,
427 2201 533 2233 quam
555 2189 695 2229 consul,
723 2202 801 2222 cum
822 2191 912 2222 inter
930 2203 964 2223 se
981 2203 1063 2223 con-

78 2242 155 2276 silia
182 2240 409 2286 periculaque
447 2239 566 2272 omnia
602 2241 803 2273 communia
835 2239 898 2274 hos
933 2239 1062 2275 habere

79 2292 275 2326 conveniat.
327 2291 371 2323 Et
390 2304 467 2323 cum
484 2303 560 2323 mea
580 2290 637 2323 ille
661 2304 745 2324 voce
768 2292 889 2325 consul
908 2293 1063 2326 declara-

78 2350 133 2377 tus
159 2350 227 2383 est,
269 2355 402 2387 egoque
427 2342 633 2375 beneficium
661 2343 784 2387 populi
809 2343 839 2375 ei
863 2344 1062 2384 detulerim,

77 2407 228 2440 aequum
249 2400 315 2433 est,
352 2400 390 2426 ut
415 2394 448 2425 id
473 2393 523 2425 illi
550 2394 752 2434 conficiam,
786 2395 932 2437 perinde
957 2402 1060 2441 atque

76 2446 114 2478 in
129 2445 180 2478 rei
194 2444 430 2477 vindicatione
448 2445 645 2489 periculum
661 2452 840 2489 praestare
858 2458 936 2479 eum
956 2459 1061 2491 opor-

107 2561 155 2589 24)
175 2561 248 2584 Haec
267 2559 369 2582 scholia
388 2559 414 2582 1’11
429 2559 490 2582 sola
504 2559 552 2582 Ed.
570 2559 643 2582 1568.
662 2558 838 2582 inveniuntur
856 2559 894 2583 sic
912 2559 1059 2590 inscripta:

142 2595 206 2618 Alia
224 2594 334 2618 Scholia
359 2593 384 2616 in
408 2594 521 2617 eandem
541 2593 681 2617 Ciceronis
708 2594 858 2617 orationem
877 2600 926 2624 pro
945 2595 976 2618 L.
997 2596 1059 2619 Mu-

142 2634 225 2657 rena,
248 2628 314 2651 Phil.
334 2627 464 2651 Melanch.
485 2628 678 2657 praelegente,
699 2629 820 2657 excepta.

105 2672 153 2700 25)
172 2672 246 2695 Haec
265 2671 444 2699 Paraphrasis
462 2670 490 2693 in
506 2671 553 2695 Ed.
571 2671 642 2694 1568.
663 2670 795 2700 inscripta
815 2671 865 2696 est.
901 2671 1058 2702 paraphra-

138 2706 178 2730 sis
196 2705 309 2730 Exordii
325 2710 375 2736 pro
393 2705 523 2736 Murena,
542 2705 610 2729 Phil.
628 2705 760 2730 Melanch.
781 2705 856 2729 1529.

1121 1213 1189 1249 tet,
1231 1211 1292 1256 qui
1323 1223 1358 1244 se
1390 1211 1491 1244 alteri
1520 1212 1657 1256 publice
1683 1209 1903 1255 obligaverit.
1971 1209 2110 1242 Deinde

1122 1273 1201 1293 cum
1232 1262 1410 1295 consulari
1432 1264 1577 1296 nomine
1601 1261 1690 1295 nihil
1713 1263 1749 1295 in
1777 1261 1842 1294 hac
1865 1260 2044 1304 republica
2067 1261 2112 1294 sit

1121 1312 1319 1355 augustius,
1359 1314 1507 1347 sortasse
1532 1315 1636 1347 etiam
1664 1311 1996 1358 reprehendendum
2023 1318 2110 1351 erat,

1119 1363 1148 1395 si
1165 1364 1208 1395 ad
1225 1364 1357 1407 privati
1381 1362 1536 1398 hominis
1562 1365 1801 1410 patrocinium
1817 1363 1999 1406 designato
2027 1375 2110 1395 con-

1120 1414 1185 1447 suli
1205 1421 1293 1447 esset
1312 1414 1531 1458 fugiendum.
1590 1416 1635 1449 Et
1659 1429 1723 1459 ego
1749 1415 1913 1460 inprimis
1939 1414 2013 1446 vice
2036 1414 2109 1447 eius

1120 1477 1367 1505 commoveor,
1419 1467 1557 1511 quoties
1593 1468 1772 1511 expendo,
1821 1477 1911 1511 quae
1952 1464 2109 1508 pericula

1120 1517 1281 1549 adeunda
1313 1516 1384 1549 sint
1413 1518 1613 1560 gerenthus
1644 1518 1911 1562 rempublicam.
1972 1516 2110 1550 Natura

1120 1567 1214 1599 enim
1235 1568 1360 1606 adfert,
1379 1574 1429 1607 ut,
1456 1569 1518 1601 ubi
1534 1582 1574 1602 ex
1592 1569 1794 1602 discrimine
1812 1567 2007 1606 emerseris,
2030 1568 2110 1601 suh-

1119 1619 1236 1650 lcvare
1271 1618 1390 1661 cupias
1425 1621 1546 1652 eadem
1579 1620 1732 1663 pericula
1767 1619 2023 1663 ingredientes,
2072 1623 2111 1650 ut

1120 1675 1225 1712 portu
1237 1669 1414 1702 soluturos
1431 1668 1480 1709 hi,
1497 1671 1556 1715 qui
1576 1671 1645 1703 iam
1663 1671 1699 1703 in
1715 1678 1857 1714 portum
1872 1669 2001 1702 invecti
2017 1675 2110 1708 sunt,

1119 1720 1306 1762 diligenter
1340 1727 1507 1760 monent,
1556 1734 1645 1766 quae
1680 1723 1776 1761 loca,
1817 1733 1904 1766 quas
1933 1720 2109 1763 regiones,

1119 1783 1207 1815 quos
1236 1771 1398 1814 scopulos
1424 1784 1546 1804 cavere
1571 1773 1733 1805 debeant.
1802 1773 1868 1813 Hjc
1901 1784 1986 1804 vero
2020 1769 2110 1803 mihi

1119 1822 1224 1853 etiam
1257 1822 1454 1865 respublica
1486 1823 1679 1866 periclitari
1710 1823 1860 1857 videtur.
1926 1823 2019 1857 Nam
2042 1821 2110 1855 nisi

1119 1872 1282 1905 Calendis
1299 1871 1472 1906 Ianuariis
1491 1880 1602 1907 certos
1630 1874 1789 1907 consules
1817 1876 1905 1907 duos
1931 1872 2108 1912 habuerit,

1119 1935 1260 1962 vereor,
1299 1936 1341 1956 ne
1366 1924 1403 1956 in
1429 1925 1593 1958 orbatum
1626 1925 1804 1969 praesidio
1842 1925 2000 1959 seditiosi
2032 1924 2109 1970 qui-

1118 1975 1199 2006 dam
1223 1974 1314 2007 cives
1340 1975 1510 2019 impetum
1537 1976 1678 2010 saciant.
1743 1976 1839 2019 Ergo
1868 1977 1964 2021 quod
1988 1976 2108 2009 Mure-

1118 2037 1201 2057 nam
1228 2025 1399 2065 (lesendo,
1440 2040 1517 2059 cum
1550 2027 1664 2059 officio
1689 2028 1847 2060 adducor
1871 2028 1916 2059 ad
1940 2029 2107 2061 tuendam

1117 2076 1325 2119 dignitatem
1350 2077 1475 2117 au'iici,
1512 2084 1586 2111 tum
1612 2079 1807 2122 respublica
1836 2079 1948 2122 cogit,
1986 2091 2048 2118 ne,
2079 2079 2107 2112 si

1118 2134 1289 2172 quantum
1322 2127 1359 2160 in
1384 2141 1440 2161 me
1471 2135 1538 2168 est,
1580 2131 1790 2172 magistratu
1824 2130 2004 2163 discedens
2032 2130 2106 2163 sinc

1117 2185 1212 2211 certo
1240 2179 1401 2218 consule,
1444 2192 1482 2212 ac
1506 2180 1580 2213 sine
1606 2180 1746 2224 publico
1770 2181 1947 2224 praesidio
1971 2181 2104 2221 relicta,

1116 2230 1290 2263 seditiosis
1315 2230 1448 2263 civibus
1472 2232 1634 2274 prodam.
1696 2230 1735 2263 In
1761 2233 1871 2274 legem
1900 2244 1984 2264 vero
2011 2244 2104 2264 com-

1116 2281 1299 2314 mittimus.
1354 2281 1445 2314 Nam
1468 2282 1495 2314 si
1519 2282 1744 2326 largitionem
1772 2283 1898 2314 factam
1926 2295 1997 2315 esse
2021 2296 2104 2315 con-

1115 2333 1249 2372 fiterer,
1278 2344 1353 2364 eam
1373 2333 1580 2375 probarcu‘i,
1607 2333 1653 2365 ita
1672 2334 1813 2365 demum
1832 2334 1887 2366 lex
1904 2334 2008 2366 obiici
2024 2347 2103 2378 pos-

1114 2390 1176 2417 set.
1244 2383 1291 2415 At
1309 2394 1372 2426 ego
1389 2384 1430 2415 ad
1449 2384 1689 2416 defensionem
1707 2395 1815 2416 vocor
1833 2396 1872 2416 ea
1890 2385 1994 2417 etiam
2015 2386 2103 2427 lege,

1115 2434 1310 2479 quamfipse
1329 2432 1417 2466 mihi
1437 2434 1505 2467 iam
1525 2435 1607 2467 olim
1628 2434 1709 2475 tuli,
1736 2447 1780 2467 ne
1803 2435 1858 2468 cui
1881 2435 1946 2468 civi
1964 2428 2103 2479 pericli-

1114 2485 1203 2517 tanti
1219 2485 1342 2518 desim.
1394 2485 1441 2517 At
1462 2487 1495 2517 in
1507 2486 1696 2519 Catilinam
1714 2498 1854 2519 severus
1871 2487 1934 2527 sui,
1956 2487 1992 2519 in
2008 2485 2102 2520 hunc

1113 2537 1238 2569 lenior.
1291 2535 1366 2579 Ego
1384 2550 1468 2569 vero
1486 2538 1593 2569 malui
1614 2537 1720 2569 etiam
1743 2537 1916 2570 Catilinae
1942 2550 2101 2582 parcere,

1112 2588 1178 2620 nisi
1196 2587 1391 2630 respublica
1409 2588 1631 2632 imposuisset
1646 2589 1887 2621 necessitatem
1904 2587 1993 2622 mihi
2008 2602 2101 2623 sum-

1111 2651 1167 2671 ma
1187 2639 1220 2670 vi
1239 2636 1448 2671 cohercendi
1467 2652 1544 2679 eos,
1578 2639 1637 2684 qui
1661 2639 1797 2683 patriae
1823 2640 2015 2679 excidium,
2050 2641 2101 2672 id-

1112 2702 1178 2735 que
1206 2689 1298 2722 intra
1321 2690 1462 2723 moenia
1488 2688 1798 2725 machinabantur.
1857 2691 1950 2726 Nam
1966 2703 2022 2725 me
2038 2703 2100 2724 na·
