2347 3000
57 141 125 175 181
595 137 636 173 ΙΙ.

49 238 111 264 seu
134 232 251 259 motus
279 236 339 259 seu
363 222 502 257 habitus
528 235 724 268 congruens
751 237 829 258 cuin
859 225 1032 269 sapientia

50 284 194 311 aeterna
221 283 255 310 et
280 277 427 308 immota
450 274 515 308 Dei
541 276 710 319 patefacta
743 276 779 308 in
802 277 875 320 lege
899 277 1032 317 dixina,

48 342 138 375 quae
156 335 188 362 et
206 328 241 360 in
260 327 437 360 creatione
454 326 559 360 insita
576 333 626 360 cst
644 328 820 361 mentibus
846 326 1031 362 hominurn

48 388 81 413 et
99 386 217 425 postea
234 390 318 411 voce
334 378 454 411 divina
471 379 707 422 promulgata.
760 379 895 413 Usitate
911 380 1033 413 dicunt

45 432 186 465 Bonum
215 430 350 462 morale
377 435 428 462 est
451 435 590 462 tantum
615 429 726 463 xistus
749 437 781 463 ct
804 431 895 464 actio
921 431 1031 463 xirtu-

46 484 88 516 [Is
98 482 162 527 3²³),
190 487 228 514 ut
244 481 378 514 bonum
394 481 529 514 morale
547 488 597 514 est
614 483 711 526 quod
724 482 882 526 Baptista
902 481 1030 526 vultffl)

46 539 195 566 mortem
214 532 331 576 potius
349 544 455 577 quam
473 532 637 565 omittere
659 533 928 566 consessionem.

147 592 235 625 Cum
260 598 376 625 antem
402 604 517 625 sermo
543 592 683 625 divinus
707 592 743 624 in
761 592 888 625 Genesi
914 597 947 623 et
968 590 1030 623 ali-

43 643 132 688 bi³⁵)
168 649 288 676 utatur
314 643 399 675 boni
421 644 677 687 adpellatione,
720 655 792 675 non
818 649 954 675 tantuin
987 643 1029 675 (le

43 696 136 727 bono
155 694 302 733 morali,
330 696 386 728 sed
405 695 447 727 de
465 695 568 727 rebus
590 693 754 726 omnibus
773 707 789 726 a
809 693 884 726 Deo
909 693 1029 726 condi-

42 747 105 785 tis,
148 752 181 778 et
203 746 368 789 deinceps
393 745 438 777 ita
456 745 501 789 36)
526 745 634 777 locuti
666 744 736 777 sint
765 744 840 778 sani
867 743 1029 777 homines

43 797 207 841 plurimi,
237 797 425 842 loquamur
441 802 474 828 et
490 808 555 829 nos
573 797 696 828 eodem
715 795 898 841 modom),
923 801 956 827 et
979 795 1028 827 vi-

43 850 188 882 deamus
206 847 350 891 singulis
366 846 451 879 locis
468 847 509 879 de
533 859 603 891 quo
630 848 742 891 gradu
766 847 915 879 dicatur.
969 847 1028 879 Se—

42 899 162 945 quitur
192 911 274 942 ergo
308 896 393 930 llaec
423 897 625 931 distributio
651 899 827 931 bonorum
854 896 1028 930 lnnnano-

42 963 120 982 runi
133 949 191 993 3⁸).

141 1008 280 1041 Bonnni
308 1005 496 1041 honestum
530 1006 725 1040 humanum
760 1014 808 1040 est
841 1007 931 1039 aetio
967 1020 1026 1040 seu

39 1067 173 1098 motus,
228 1071 288 1092 seu
326 1057 466 1092 habitus
504 1071 701 1102 congruens
735 1071 812 1091 cuni
854 1058 1026 1102 sapientia

39 1118 180 1144 aeterna
206 1117 239 1143 et
257 1110 402 1142 innnota
420 1110 504 1148 Dei,
533 1110 705 1154 patefacta
735 1109 769 1141 in
795 1109 868 1151 lege
895 1109 1027 1149 dixina,

39 1175 128 1208 quae
156 1162 191 1194 in
217 1162 394 1193 creatione
420 1161 523 1194 insita
549 1167 597 1194 est
621 1160 797 1193 inentibus
827 1159 1026 1201 luuninuni,

40 1221 71 1246 et
98 1220 216 1257 postea
246 1225 329 1245 voce
356 1213 477 1244 divina
501 1213 739 1256 promulgata.
809 1211 944 1243 Usitate
975 1211 1025 1243 di-

39 1264 188 1309 cu11t³⁹>2
215 1264 355 1296 Bonum
374 1261 561 1296 honestum
581 1269 632 1295 est
648 1262 739 1294 actio
757 1275 816 1294 seu
834 1268 950 1295 motus
966 1275 1026 1295 seu

38 1314 178 1348 habitus
194 1315 239 1359 ⁴⁰)
266 1327 464 1358 congruens
487 1327 566 1347 cum
588 1320 683 1346 recto
710 1313 840 1345 iudicio
866 1314 1026 1346 rationis.

38 1367 226 1399 Sciendum
246 1372 295 1398 est
312 1372 429 1398 autem
446 1365 515 1397 dici
532 1371 665 1397 rectum
686 1364 852 1397 iudiciuin
877 1364 1026 1397 rationis

38 1419 73 1450 id
106 1418 202 1462 quod
235 1417 397 1460 congruit
428 1429 506 1448 etun
537 1427 663 1447 florina
690 1415 725 1446 in
752 1421 867 1446 niente
893 1415 1025 1448 dixina.

36 1468 117 1501 ldeo
146 1468 256 1510 legem
275 1473 422 1498 naturae
447 1467 495 1499 sic
513 1465 696 1509 descripsit
715 1465 948 1509 Empedocles
965 1465 1025 1511 Μ),

37 1526 74 1552 ut
90 1518 296 1551 Aristoteles
311 1516 356 1562 42)
379 1517 520 1549 recitat:

76 1582 153 1615 ἀλλὰ
170 1581 204 1614 τὸ
217 1584 274 1623 μὲν
289 1583 415 1622 πρῶτον
427 1581 473 1620 ’43)
489 1580 626 1620 νόμιμον
644 1578 696 1610 διὰ
712 1577 735 1609 τ’
752 1577 979 1620 εὕρυμὲὁοντος

77 1635 211 1675 αἷθέρος
226 1632 355 1672 ἤνεκέως
372 1634 496 1664 τέταται
515 1631 566 1663 διὰ
583 1629 606 1662 τ’
621 1629 758 1662 ἀπλέτου
775 1629 879 1670 αὗγῆς.

68 1738 114 1769 33)
136 1738 189 1761 Sed
218 1739 315 1762 bonum
340 1738 444 1762 morale
469 1738 512 1761 est
539 1736 598 1766 ipse
617 1736 707 1763 Deus,
727 1747 761 1751 —
785 1734 859 1758 actio
884 1733 1023 1764 virtutis‚]

103 1773 143 1796 sic
161 1772 228 1796 Edd.
251 1773 342 1798 1554.,
365 1772 436 1796 1557.
458 1774 484 1795 et
505 1771 596 1801 1560,;
624 1770 674 1793 Ed.
694 1770 766 1793 1550.
787 1769 839 1792 sed
855 1770 951 1791 bonum
965 1774 1024 1792 1110-

104 1808 163 1830 rale
182 1808 285 1830 tantuin
305 1808 347 1829 est
367 1806 437 1829 actio
458 1805 586 1835 virtutis,
615 1811 663 1828 seu
684 1804 772 1826 virtus
791 1809 945 1833 congruens
966 1809 1024 1826 cuin

104 1843 179 1864 recto
204 1841 301 1864 iudicio
320 1841 453 1870 rationis,
474 1839 545 1869 quod
565 1839 624 1862 ideo
644 1840 747 1861 rectum
767 1837 879 1865 dicitur.
899 1837 961 1866 quia
981 1838 1023 1859 est

103 1876 149 1899 lux
168 1875 298 1899 divinitus
317 1875 402 1898 insita
420 1874 571 1905 mentibus,
601 1878 756 1903 congruens
782 1878 840 1895 cum
866 1873 957 1895 niente
981 1871 1024 1894 di-

104 1916 175 1934 Vina.

67 1952 115 1979 34)
135 1951 258 1981 Baptista
280 1951 351 1980 vult]
372 1950 412 1974 sic
430 1950 497 1974 Edd.
514 1950 605 1979 1554.‚
625 1947 700 1972 1557.
721 1950 747 1972 et
769 1947 860 1978 1560.;
885 1947 933 1971 Ed.
949 1947 1015 1971 1550

105 1986 164 2009 vult
185 1985 316 2016 Baptista.

70 2030 117 2056 35)
136 2029 162 2052 iu
182 2027 282 2052 Genesi
307 2029 333 2050 et
360 2027 439 2056 alibi]
465 2026 505 2050 sic
523 2025 590 2049 Edd.
611 2025 701 2053 1554..
729 2023 803 2048 1557.
823 2025 850 2047 et
873 2024 964 2054 ¹560.;
997 2024 1022 2047 iu

103 2063 151 2086 Ed.
175 2063 247 2085 1550.
268 2063 334 2086 haee
352 2062 458 2085 desunt.

71 2106 119 2133 36)
140 2105 266 2134 deinceps
287 2104 339 2133 ita]
359 2104 399 2128 sic
417 2104 483 2128 Edd.
506 2104 597 2133 1554„
619 2102 691 2126 1557.
712 2102 738 2125 et
760 2101 851 2130 1560.;
878 2102 925 2125 Ed.
949 2101 1022 2126 1550.

106 2141 144 2163 ita
164 2140 300 2169 deinceps.

69 2183 117 2211 37)
137 2183 279 2212 loquamur
299 2182 326 2205 et
344 2187 394 2205 nos
415 2181 509 2204 eodem
527 2180 631 2211 mod07]
653 2179 693 2204 sic
713 2179 887 2209 Edd.1554.‚
909 2178 981 2202 1557.
996 2180 1022 2202 et

105 2218 195 2247 1560.;
225 2216 274 2241 Ed.
297 2216 372 2240 1550.
393 2221 443 2239 nos
464 2221 569 2245 quoque
588 2214 679 2237 eodem
699 2215 776 2238 niodo
796 2214 945 2243 loquamur.

69 2262 116 2293 38)
137 2262 169 2285 de
190 2267 241 2291 quo
261 2260 346 2290 gradu
366 2272 399 2276 --
419 2260 550 2282 bonorum
569 2258 771 2286 humanorum]
791 2257 830 2280 sie
849 2257 913 2280 ΕΜ.
936 2257 1020 2287 1554,,

104 2296 179 2320 1557.
199 2297 227 2318 et
247 2295 335 2322 1560.;
370 2294 417 2317 Ed.
441 2294 513 2316 1550.
533 2298 602 2322 quae
621 2292 657 2315 sit
675 2292 799 2316 vocabuli
819 2291 1019 2321 interpretatio.

103 2332 305 2354 Recenseamus
325 2329 408 2359 igitur
428 2328 558 2351 usitatam
577 2326 802 2350 distributionem.

67 2374 114 2402 39)
133 2375 236 2397 Bonum
254 2373 396 2396 honestum
415 2372 559 2394 humanum
578 2381 611 2386 —
636 2369 737 2392 usitate
755 2369 873 2397 dicunt,]
894 2368 932 2392 sic
951 2368 1018 2392 Edd.

105 2408 196 2437 1554..
220 2406 294 2430 1557.
315 2408 341 2430 et
364 2406 453 2433 1560.;
481 2405 507 2428 in
525 2405 574 2428 Ed.
596 2404 669 2427 155st
689 2404 755 2427 haec
773 2404 879 2427 desunt.

69 2449 116 2480 40)
136 2456 184 2472 seu
202 2449 290 2472 motus
309 2454 358 2471 seu
376 2447 500 2476 habitus]
527 2446 567 2470 sic
586 2445 651 2470 Edd.
674 2445 766 2476 1554.‚
788 2445 861 2469 1557.
881 2446 908 2468 et
928 2445 1017 2470 1560.:

103 2483 151 2507 Ed.
173 2484 245 2507 1550.
266 2483 311 2506 vel
331 2483 429 2506 virtus.

69 2526 114 2556 41)
135 2526 163 2548 ln
183 2525 300 2548 carmine
319 2524 445 2555 lustrali.
471 2524 524 2547 vid.
544 2524 768 2551 Philosophorum
787 2528 946 2550 graecorum
967 2529 1017 2545 ve-

105 2565 191 2584 terum
211 2566 319 2588 operuiu
338 2560 485 2590 reliquiae.
519 2565 572 2582 ree.
593 2561 619 2582 5.
642 2558 770 2581 Karsten.
793 2557 851 2580 Vol.
869 2557 898 2580 ll.
920 2563 942 2585 p.
961 2557 1015 2579 144.

104 2601 175 2618 verS.
196 2595 253 2616 404.
273 2595 330 2618 405.

71 2639 117 2665 42)
140 2637 253 2659 Aris-tot.
274 2636 384 2659 Rhetor.
405 2636 450 2659 lih.
466 2636 484 2659 Ι.
504 2642 561 2665 cap.
577 2635 616 2659 13.

71 2682 117 2707 ⁴3)
138 2678 262 2710 πρῶτον]
282 2679 319 2701 sic
339 2679 385 2702 Ed.
408 2679 497 2707 1554.;
523 2679 589 2701 Edd.
606 2677 679 2701 1557.
700 2678 726 2699 et
748 2677 821 2699 1560.
841 2679 950 2706 typogr.
972 2682 1017 2698 ei·-

105 2721 182 2753 rore:
215 2712 338 2743 πρῶτων.
383 2714 560 2742 Empedocles
589 2715 614 2736 et
640 2712 805 2735 Aristoteles
832 2711 1017 2740 scripserunt:

106 2755 224 2771 nuruum

695 137 903 173 ETHICAE
940 138 1219 177 DOCTRINAE
1251 140 1527 178 ELEMENTA.

2004 152 2074 188 182

1086 226 1122 260 ld
1145 234 1212 267 est,
1254 228 1368 273 prima
1390 229 1444 261 lex
1468 236 1518 262 est
1540 228 1611 273 ipse
1633 229 1728 265 Deus
1761 232 1930 267 ordinans
1953 237 2071 269 onmia

1088 279 1122 311 in
1140 278 1326 313 luuninuin
1344 280 1522 314 montibus
1538 287 1571 314 et
1589 281 1623 314 in
1643 288 1713 315 tota
1735 290 1861 317 natura
1872 284 1930 329 Μ).

1186 331 1327 364 Bonum
1363 332 1466 373 utile,
1507 334 1603 378 quod
1636 333 1734 367 iux‘at
1765 336 2071 370 conservationem

1085 387 1251 422 naturae,
1295 383 1424 423 sitam,
1469 390 1501 416 et
1528 384 1619 417 sitae
1646 387 1859 425 necessaria,
1896 394 1931 420 ut
1962 388 2071 429 cibus,

1085 433 1231 472 doinus,
1259 441 1389 473 ves-tos,
1417 442 1477 468 aut
1504 437 1599 481 quod
1627 443 1773 481 propter
1796 438 1860 471 ista
1886 439 2071 482 expetitur,

1084 489 1122 516 ut
1141 484 1288 527 pecunia
1306 485 1362 529 ²¹⁵).

1186 534 1327 568 Bonum
1353 549 1478 576 suaxe,
1519 539 1614 582 quod
1647 539 1809 583 congruit
1841 553 1920 573 cuin
1952 541 2069 586 aliqua

1084 586 1238 618 naturali
1263 592 1295 618 et
1321 587 1483 620 ordinata
1513 590 1748 633 appetitione,
1782 598 1821 624 ut
1845 604 1922 625 cuin
1947 593 2070 628 bibens

1086 636 1121 668 in
1140 637 1217 675 siti,
1246 638 1440 671 delectatur
1456 645 1554 682 potu.

1183 688 1336 721 Ecoiitra
1362 696 1393 722 et
1419 690 1610 734 appellatio
1636 693 1750 726 Mali
1773 693 1911 727 diversa
1937 695 2068 738 signifi-

1084 745 1155 778 eat,
1183 740 1242 772 sed
1262 746 1381 772 tanien
1399 740 1433 772 in
1452 754 1578 784 genere
1594 742 1642 775 sie
1658 744 1805 776 describi
1823 751 1953 787 potest:

1184 790 1318 823 Malum
1344 798 1393 825 est
1418 793 1608 826 destructio
1632 794 1766 827 ordinis
1791 795 1921 835 dixini,
1950 803 1983 829 et
2009 809 2069 829 na-

1082 847 1181 874 turae
1200 842 1368 876 divinitus
1386 844 1560 883 conditae,
1579 856 1652 876 non
1672 845 1812 877 condita
1832 858 1849 878 a
1862 846 1951 887 Deo,
1974 848 2069 880 iuxta

1082 891 1167 925 illud
1187 893 1289 938 (Hos.
1310 895 1367 933 13,
1384 893 1451 939 9.):
1482 895 1640 928 I'erditio
1661 908 1701 929 ex
1721 903 1753 929 tc
1772 903 1823 930 est
1838 895 1963 937 Israel,
1993 905 2069 931 tan-

1082 949 1155 976 tum
1171 956 1189 976 a
1208 957 1264 977 nie
1281 945 1450 978 auxilinm
1471 952 1582 980 tuum.
1636 947 1814 988 Perditio‚
1844 949 1877 981 id
1896 956 1964 988 est,
1993 962 2070 993 pec-

1082 1001 1177 1034 cata,
1213 1003 1247 1028 ct
1264 1009 1377 1036 mors,
1413 1003 1444 1029 ct
1469 998 1558 1031 aliae
1583 998 1811 1033 calamitates.
1863 999 1926 1033 Est
1950 1007 2068 1033 antem

1082 1047 1226 1090 duplex:
1258 1047 1392 1081 Malum
1412 1049 1553 1093 culpae,
1583 1056 1615 1082 et
1633 1049 1769 1083 Malum
1790 1063 1936 1095 poenae.

1183 1098 1319 1131 Malum
1352 1100 1495 1144 culpae,
1537 1106 1587 1133 cst
1619 1102 1791 1142 defectus,
1826 1115 1886 1136 scu
1915 1102 2006 1135 actio
2022 1103 2068 1148 ι’46)

1080 1150 1135 1182 vel
1153 1147 1313 1188 habitus,
1336 1164 1497 1194 pugnans
1516 1164 1593 1186 cuni
1613 1152 1687 1193 lege
1706 1153 1792 1193 Dei,
1821 1155 1915 1198 quod
1936 1155 2068 1187 malunt

1081 1201 1308 1234 noi‘ninanins
1324 1202 1449 1234 vitium
1469 1209 1501 1235 ct
1520 1210 1712 1246 peecatum.
1756 1204 1865 1250 quue
1884 1205 1978 1239 Deus
1996 1218 2068 1238 non

1080 1252 1193 1285 solum
1212 1264 1285 1284 non
1303 1253 1479 1293 condidit,
1503 1255 1561 1286 sed
1581 1267 1644 1287 nec
1668 1256 1743 1289 vult
1768 1257 1896 1296 etiam,
1926 1269 1988 1289 nec
2008 1269 2068 1301 ap-

1081 1303 1227 1347 prolmt,
1257 1303 1329 1335 imo
1349 1317 1430 1337 vero
1448 1312 1631 1338 aversatur
1658 1313 1690 1339 et
1715 1308 1808 1347 odit,
1836 1314 1872 1340 ut
1897 1308 2067 1351 scripturn

1080 1361 1129 1387 est
1153 1354 1300 1398 (I'salni.
1320 1353 1355 1394 5,
1373 1354 1443 1400 5.):
1479 1356 1560 1390 Non
1587 1357 1809 1402 iniquitatem
1836 1359 1957 1392 volens
1974 1358 2068 1392 Deus

1079 1411 1117 1438 tu
1137 1417 1182 1438 es.

1180 1455 1287 1489 Aliud
1311 1456 1519 1489 nominatur
1542 1458 1677 1491 Malum
1704 1472 1862 1504 poenae,
1897 1463 1993 1507 quod
2018 1470 2067 1496 est

1079 1507 1270 1540 destructio
1298 1514 1467 1547 naturae,
1495 1520 1644 1553 sequens
1667 1511 1827 1555 culpam,
1854 1525 1917 1545 nec
1934 1520 2067 1557 pugnat

1079 1570 1158 1591 cum
1176 1558 1252 1602 lege
1271 1557 1335 1590 Dei
1349 1585 1356 1598 ,
1380 1564 1417 1591 nt
1436 1572 1550 1598 mors,
1574 1561 1689 1593 morbi
1716 1569 1748 1595 et
1770 1563 1902 1596 multae
1927 1564 2067 1597 calami—

1078 1615 1177 1642 tates.
1230 1609 1305 1642 Etsi
1322 1616 1439 1642 autem
1457 1607 1521 1642 hae
1537 1612 1793 1646 destructiones
1810 1626 1883 1646 non
1909 1622 1989 1648 sunt
2013 1628 2067 1649 res

1079 1660 1241 1693 conditae
1259 1672 1277 1693 a
1296 1660 1373 1693 Deo
1385 1688 1394 1699 ,
1422 1667 1542 1694 tamen
1558 1662 1654 1696 Deus
1671 1676 1750 1697 cum
1766 1665 1810 1697 sit
1835 1665 1965 1703 iustus,
1994 1679 2066 1699 non

1078 1712 1151 1744 vult
1176 1724 1317 1745 servare
1341 1712 1416 1745 sine
1440 1725 1555 1756 poena
1583 1722 1768 1755 naturam,
1805 1717 1848 1750 ab
1869 1717 1944 1760 ipso
1968 1729 2066 1751 aver-

1077 1775 1163 1796 sam.
1217 1762 1267 1795 Ita
1284 1776 1362 1796 cuni
1381 1765 1527 1797 dainnet
1543 1766 1680 1809 culpam
1693 1793 1701 1805 ,
1730 1767 1813 1800 sinit
1832 1769 1986 1812 extingui
2005 1782 2066 1802 na-

1078 1821 1193 1847 turam
1211 1826 1229 1846 a
1246 1827 1280 1848 se
1298 1816 1471 1847 desertam
1485 1842 1494 1855 ,
1523 1822 1555 1848 ct
1572 1817 1644 1850 vult
1665 1830 1817 1861 poenam
1844 1826 1990 1863 propter
2015 1820 2065 1853 in<

1077 1873 1220 1899 slitrani.

1177 1924 1260 1958 Ideo
1291 1927 1423 1959 malum
1451 1939 1585 1970 poenae
1612 1928 1706 1962 Deus
1733 1930 1819 1962 velle
1846 1930 1993 1969 dicitur,
2032 1939 2062 1964 et

1077 1978 1294 2021 approbare,
1323 1985 1470 2021 propter
1489 1978 1672 2014 iustitiam.
1728 1980 1783 2013 Ad
1801 1979 1891 2015 lianc
1912 1983 2062 2026 speeiem

1077 2028 1220 2072 proprie
1239 2029 1390 2072 pertinet
1411 2030 1560 2063 ‹lietnniz
1588 2030 1669 2064 Nm
1691 2039 1741 2064 est
1764 2033 1897 2066 malum
1920 2034 1956 2066 in
1981 2034 2063 2065 eiai—

1077 2086 1164 2119 tate,
1199 2081 1295 2124 qnod
1320 2092 1392 2112 non
1414 2081 1492 2114 fecit
1517 2082 1682 2116 (lominus
1699 2083 1763 2129 4⁷),
1800 2084 1832 2116 id
1862 2092 1930 2121 est,
1966 2085 2062 2117 nulla

1075 2143 1189 2175 poena
1208 2131 1355 2175 cogitari
1372 2138 1506 2176 potest,
1535 2146 1602 2178 qua
1624 2134 1718 2168 Deus
1741 2147 1814 2168 non
1839 2136 2060 2179 castigaverit

1074 2183 1259 2227 populum.
1313 2183 1505 2226 Castigavit
1527 2186 1679 2223 niorliis,
1707 2187 1818 2225 sanie,
1846 2187 1951 2220 bello.
2005 2187 2060 2219 Si(-

1073 2233 1225 2267 Eeelesia
1248 2234 1410 2267 nominat.
1428 2236 1541 2275 mala,
1570 2244 1721 2269 mortem
1749 2245 1781 2270 et
1807 2238 1892 2270 alias
1918 2238 2059 2270 calami-

1073 2291 1179 2324 tates,
1209 2285 1291 2330 quia
1317 2298 1390 2319 non
1415 2294 1495 2320 sunt
1520 2300 1573 2321 res
1599 2288 1761 2321 conditae
1787 2301 1804 2320 a
1822 2288 1917 2327 Deo,
1947 2296 1978 2321 et
2002 2291 2059 2322 de-

1072 2343 1213 2370 struunt
1231 2343 1408 2370 naturam.

1105 2484 1152 2510 44)
1173 2482 1312 2505 sciendum
1340 2484 1379 2503 est
1407 2483 1496 2504 aut-“m
1524 2481 1574 2503 (liri
1595 2494 1627 2497 —
1653 2481 1678 2504 in
1706 2484 1762 2505 tota
1788 2483 1909 2511 natura]
1933 2483 1971 2507 sic
1992 2484 2057 2507 Edd.

1143 2518 1229 2542 1:254..
1254 2515 1326 2538 1557.
1348 2518 1373 2537 et
1398 2515 1486 2539 lbssst:
1515 2515 1539 2537 in
1560 2516 1607 2538 Ed.
1632 2516 1704 2541 1550.
1724 2516 1789 2539 haee
1808 2517 1912 2540 desunt,

1103 2569 1149 2597 45)
1171 2569 1197 2590 ut
1219 2565 1354 2595 pecunia]
1374 2565 1414 2588 sie
1433 2565 1498 2590 Edd.
1522 2566 1595 2589 1550.
1611 2568 1636 2588 et
1653 2566 1745 2592 1554.;
1775 2567 1838 2590 Eud.
1855 2566 1927 2591 1557.
1942 2568 1969 2590 et
1983 2566 2055 2590 1560.

1140 2606 1261 2631 pecunia.

1104 2654 1151 2680 46)
1172 2655 1213 2675 est
1236 2652 1356 2675 desectus
1378 2657 1424 2673 seu
1445 2651 1530 2680 aetio]
1555 2651 1594 2675 sic
1613 2652 1679 2676 Edd.
1702 2653 1794 2678 1554..
1826 2652 1900 2676 1557.
1920 2653 1945 2675 et
1967 2652 2056 2676 1560:

1138 2688 1185 2711 Ed⁴
1206 2687 1279 2710 1550.
1299 2688 1341 2709 est
1360 2686 1440 2709 aetio.

1106 2742 1152 2769 47)
1174 2741 1250 2765 Cous.
1271 2741 1354 2764 Amos
1370 2740 1396 2763 3.
1415 2740 1439 2762 6.

1381 2776 1425 2810 12
1446 2774 1463 2789 ²*
