<?xml version="1.0" encoding="UTF-8"?>
<!DOCTYPE html PUBLIC "-//W3C//DTD XHTML 1.0 Transitional//EN"
    "http://www.w3.org/TR/xhtml1/DTD/xhtml1-transitional.dtd">
<html xmlns="http://www.w3.org/1999/xhtml" xml:lang="en" lang="en">
 <head>
  <title>
</title>
<meta http-equiv="Content-Type" content="text/html;charset=utf-8" />
  <meta name='ocr-system' content='tesseract 3.04.00' />
  <meta name='ocr-capabilities' content='ocr_page ocr_carea ocr_par ocr_line ocrx_word'/>
</head>
<body>
  <div class='ocr_page' id='page_1' title='image "./operaquaesupersu16melauoft/operaquaesupersu16melauoft_0182.png"; bbox 0 0 2347 3000; ppageno 0'>
   <div class='ocr_carea' id='block_1_1' title="bbox 229 142 303 179">
    <p class='ocr_par' dir='ltr' id='par_1_1' title="bbox 229 142 303 179">
     <span class='ocr_line' id='line_1_1' title="bbox 229 142 303 179; baseline -0.014 0"><span class='ocrx_word' id='word_1_1' title='bbox 229 142 303 179; x_wconf 83' lang='lat'>335</span> 
     </span>
    </p>
   </div>
   <div class='ocr_carea' id='block_1_2' title="bbox 222 214 1217 572">
    <p class='ocr_par' dir='ltr' id='par_1_2' title="bbox 222 214 1217 572">
     <span class='ocr_line' id='line_1_2' title="bbox 222 214 1213 266; baseline -0.015 -3"><span class='ocrx_word' id='word_1_2' title='bbox 222 228 382 264; x_wconf 88' lang='lat' dir='ltr'>Platonis</span> <span class='ocrx_word' id='word_1_3' title='bbox 399 238 500 260; x_wconf 86' lang='lat' dir='ltr'>causa</span> <span class='ocrx_word' id='word_1_4' title='bbox 512 253 521 266; x_wconf 91' lang='lat'>,</span> <span class='ocrx_word' id='word_1_5' title='bbox 558 238 636 258; x_wconf 91' lang='lat' dir='ltr'>cum</span> <span class='ocrx_word' id='word_1_6' title='bbox 654 223 757 256; x_wconf 86' lang='lat' dir='ltr'>Plato</span> <span class='ocrx_word' id='word_1_7' title='bbox 780 220 949 253; x_wconf 83' lang='lat' dir='ltr'>concedat</span> <span class='ocrx_word' id='word_1_8' title='bbox 967 215 1116 251; x_wconf 86' lang='lat' dir='ltr'>honesta</span> <span class='ocrx_word' id='word_1_9' title='bbox 1131 244 1140 257; x_wconf 88' lang='lat'>,</span> <span class='ocrx_word' id='word_1_10' title='bbox 1168 214 1213 249; x_wconf 90' lang='lat' dir='ltr'>ad</span> 
     </span>
     <span class='ocr_line' id='line_1_3' title="bbox 225 272 1214 327; baseline -0.015 -13"><span class='ocrx_word' id='word_1_11' title='bbox 225 294 315 327; x_wconf 81' lang='lat' dir='ltr'>quae</span> <span class='ocrx_word' id='word_1_12' title='bbox 340 279 472 312; x_wconf 88' lang='lat' dir='ltr'>accedit</span> <span class='ocrx_word' id='word_1_13' title='bbox 495 278 564 315; x_wconf 82' lang='lat' dir='ltr'>ira,</span> <span class='ocrx_word' id='word_1_14' title='bbox 602 276 656 308; x_wconf 66' lang='lat' dir='ltr'>xel</span> <span class='ocrx_word' id='word_1_15' title='bbox 679 272 872 317; x_wconf 86' lang='lat' dir='ltr'>cupiditas,</span> <span class='ocrx_word' id='word_1_16' title='bbox 906 276 1102 314; x_wconf 85' lang='lat' dir='ltr'>spontanea</span> <span class='ocrx_word' id='word_1_17' title='bbox 1129 280 1214 308; x_wconf 83' lang='lat' dir='ltr'>esse,</span> 
     </span>
     <span class='ocr_line' id='line_1_4' title="bbox 224 319 1215 372; baseline -0.014 -7"><span class='ocrx_word' id='word_1_18' title='bbox 224 340 282 372; x_wconf 88' lang='lat' dir='ltr'>ut,</span> <span class='ocrx_word' id='word_1_19' title='bbox 317 344 394 363; x_wconf 92' lang='lat' dir='ltr'>cum</span> <span class='ocrx_word' id='word_1_20' title='bbox 422 329 583 362; x_wconf 70' lang='lat' dir='ltr'>irascitur</span> <span class='ocrx_word' id='word_1_21' title='bbox 612 336 801 368; x_wconf 62' lang='lat' dir='ltr'>generosus</span> <span class='ocrx_word' id='word_1_22' title='bbox 825 321 965 354; x_wconf 90' lang='lat' dir='ltr'>animus</span> <span class='ocrx_word' id='word_1_23' title='bbox 988 319 1215 365; x_wconf 75' lang='lat' dir='ltr'>turpitudini,</span> 
     </span>
     <span class='ocr_line' id='line_1_5' title="bbox 226 372 1215 417; baseline -0.015 0"><span class='ocrx_word' id='word_1_24' title='bbox 226 396 287 417; x_wconf 87' lang='lat' dir='ltr'>cur</span> <span class='ocrx_word' id='word_1_25' title='bbox 303 395 376 415; x_wconf 89' lang='lat' dir='ltr'>non</span> <span class='ocrx_word' id='word_1_26' title='bbox 395 382 516 413; x_wconf 78' lang='lat' dir='ltr'>eodem</span> <span class='ocrx_word' id='word_1_27' title='bbox 540 379 645 411; x_wconf 87' lang='lat' dir='ltr'>modo</span> <span class='ocrx_word' id='word_1_28' title='bbox 667 374 849 408; x_wconf 89' lang='lat' dir='ltr'>iudicatdc</span> <span class='ocrx_word' id='word_1_29' title='bbox 866 372 1014 411; x_wconf 84' lang='lat' dir='ltr'>delictis,</span> <span class='ocrx_word' id='word_1_30' title='bbox 1038 385 1116 405; x_wconf 88' lang='lat' dir='ltr'>cum</span> <span class='ocrx_word' id='word_1_31' title='bbox 1136 383 1215 403; x_wconf 91' lang='lat' dir='ltr'>cau-</span> 
     </span>
     <span class='ocr_line' id='line_1_6' title="bbox 227 424 1214 469; baseline -0.014 -2"><span class='ocrx_word' id='word_1_32' title='bbox 227 448 283 469; x_wconf 86' lang='lat' dir='ltr'>sae</span> <span class='ocrx_word' id='word_1_33' title='bbox 300 434 369 467; x_wconf 92' lang='lat' dir='ltr'>sint</span> <span class='ocrx_word' id='word_1_34' title='bbox 387 430 543 466; x_wconf 65' lang='lat' dir='ltr'>similes?</span> <span class='ocrx_word' id='word_1_35' title='bbox 577 429 722 461; x_wconf 69' lang='lat' dir='ltr'>(jactcra</span> <span class='ocrx_word' id='word_1_36' title='bbox 740 430 948 468; x_wconf 69' lang='lat' dir='ltr'>argumenta</span> <span class='ocrx_word' id='word_1_37' title='bbox 968 424 1108 462; x_wconf 89' lang='lat' dir='ltr'>omitto,</span> <span class='ocrx_word' id='word_1_38' title='bbox 1131 435 1214 455; x_wconf 92' lang='lat' dir='ltr'>nam</span> 
     </span>
     <span class='ocr_line' id='line_1_7' title="bbox 227 475 1217 519; baseline -0.013 0"><span class='ocrx_word' id='word_1_39' title='bbox 227 485 312 519; x_wconf 81' lang='lat' dir='ltr'>haec</span> <span class='ocrx_word' id='word_1_40' title='bbox 332 485 409 516; x_wconf 76' lang='lat' dir='ltr'>ideo</span> <span class='ocrx_word' id='word_1_41' title='bbox 429 483 557 519; x_wconf 76' lang='lat' dir='ltr'>recito,</span> <span class='ocrx_word' id='word_1_42' title='bbox 585 485 622 511; x_wconf 92' lang='lat' dir='ltr'>ut</span> <span class='ocrx_word' id='word_1_43' title='bbox 641 478 749 509; x_wconf 85' lang='lat' dir='ltr'>lector</span> <span class='ocrx_word' id='word_1_44' title='bbox 765 475 989 514; x_wconf 87' lang='lat' dir='ltr'>admonitus,</span> <span class='ocrx_word' id='word_1_45' title='bbox 1016 475 1102 508; x_wconf 85' lang='lat' dir='ltr'>sciat</span> <span class='ocrx_word' id='word_1_46' title='bbox 1119 486 1217 507; x_wconf 88' lang='lat' dir='ltr'>occa-</span> 
     </span>
     <span class='ocr_line' id='line_1_8' title="bbox 227 526 984 572; baseline -0.015 -1"><span class='ocrx_word' id='word_1_47' title='bbox 227 538 343 571; x_wconf 82' lang='lat' dir='ltr'>siones</span> <span class='ocrx_word' id='word_1_48' title='bbox 364 533 490 568; x_wconf 88' lang='lat' dir='ltr'>harum</span> <span class='ocrx_word' id='word_1_49' title='bbox 511 530 669 564; x_wconf 84' lang='lat' dir='ltr'>tenuium</span> <span class='ocrx_word' id='word_1_50' title='bbox 689 526 984 572; x_wconf 67' lang='lat' dir='ltr'>disputationum.</span> 
     </span>
    </p>
   </div>
   <div class='ocr_carea' id='block_1_3' title="bbox 624 646 833 700">
    <p class='ocr_par' dir='ltr' id='par_1_3' title="bbox 624 646 833 700">
     <span class='ocr_line' id='line_1_9' title="bbox 624 646 833 700; baseline -0.014 -10"><span class='ocrx_word' id='word_1_51' title='bbox 624 646 757 700; x_wconf 75' lang='lat' dir='ltr'>Caput</span> <span class='ocrx_word' id='word_1_52' title='bbox 779 646 833 687; x_wconf 90' lang='grc' dir='ltr'>ΙΙ.</span> 
     </span>
    </p>
   </div>
   <div class='ocr_carea' id='block_1_4' title="bbox 228 725 1233 2360">
    <p class='ocr_par' dir='ltr' id='par_1_4' title="bbox 228 725 1233 2360">
     <span class='ocr_line' id='line_1_10' title="bbox 330 725 1220 775; baseline -0.012 -6"><span class='ocrx_word' id='word_1_53' title='bbox 330 734 531 770; x_wconf 85' lang='lat' dir='ltr'>Secundum</span> <span class='ocrx_word' id='word_1_54' title='bbox 577 737 681 775; x_wconf 91' lang='lat' dir='ltr'>caput</span> <span class='ocrx_word' id='word_1_55' title='bbox 722 730 858 764; x_wconf 82' lang='lat' dir='ltr'>utiliter</span> <span class='ocrx_word' id='word_1_56' title='bbox 893 725 1063 761; x_wconf 78' lang='lat' dir='ltr'>discernit</span> <span class='ocrx_word' id='word_1_57' title='bbox 1099 737 1220 759; x_wconf 88' lang='lat' dir='ltr'>causas</span> 
     </span>
     <span class='ocr_line' id='line_1_11' title="bbox 229 778 1219 830; baseline -0.014 -7"><span class='ocrx_word' id='word_1_58' title='bbox 229 789 432 825; x_wconf 85' lang='lat' dir='ltr'>actionum,</span> <span class='ocrx_word' id='word_1_59' title='bbox 465 788 562 830; x_wconf 80' lang='lat' dir='ltr'>&#39;quae</span> <span class='ocrx_word' id='word_1_60' title='bbox 592 782 677 815; x_wconf 87' lang='lat' dir='ltr'>soris</span> <span class='ocrx_word' id='word_1_61' title='bbox 712 781 747 814; x_wconf 94' lang='lat' dir='ltr'>in</span> <span class='ocrx_word' id='word_1_62' title='bbox 783 779 936 824; x_wconf 80' lang='lat' dir='ltr'>speciem</span> <span class='ocrx_word' id='word_1_63' title='bbox 967 778 1098 811; x_wconf 79' lang='lat' dir='ltr'><strong>similes</strong></span> <span class='ocrx_word' id='word_1_64' title='bbox 1127 783 1219 811; x_wconf 89' lang='lat' dir='ltr'>sunt.</span> 
     </span>
     <span class='ocr_line' id='line_1_12' title="bbox 228 827 1218 880; baseline -0.014 -6"><span class='ocrx_word' id='word_1_65' title='bbox 228 842 320 876; x_wconf 66' lang='lat' dir='ltr'>&#39;Nam</span> <span class='ocrx_word' id='word_1_66' title='bbox 339 839 375 872; x_wconf 90' lang='lat' dir='ltr'>in</span> <span class='ocrx_word' id='word_1_67' title='bbox 391 835 456 870; x_wconf 89' lang='lat' dir='ltr'>hac</span> <span class='ocrx_word' id='word_1_68' title='bbox 475 841 574 880; x_wconf 89' lang='lat' dir='ltr'>parte</span> <span class='ocrx_word' id='word_1_69' title='bbox 600 830 862 878; x_wconf 87' lang='lat' dir='ltr'>philosophiae,</span> <span class='ocrx_word' id='word_1_70' title='bbox 883 843 961 863; x_wconf 89' lang='lat' dir='ltr'>cum</span> <span class='ocrx_word' id='word_1_71' title='bbox 980 827 1218 862; x_wconf 88' lang='lat' dir='ltr'>humanarum</span> 
     </span>
     <span class='ocr_line' id='line_1_13' title="bbox 229 880 1219 930; baseline -0.015 -4"><span class='ocrx_word' id='word_1_72' title='bbox 229 892 410 926; x_wconf 91' lang='lat' dir='ltr'>actionum</span> <span class='ocrx_word' id='word_1_73' title='bbox 431 885 634 921; x_wconf 87' lang='lat' dir='ltr'>discrimina</span> <span class='ocrx_word' id='word_1_74' title='bbox 656 884 860 930; x_wconf 85' lang='lat' dir='ltr'>quaerenda</span> <span class='ocrx_word' id='word_1_75' title='bbox 879 887 980 919; x_wconf 86' lang='lat' dir='ltr'>sunt,</span> <span class='ocrx_word' id='word_1_76' title='bbox 1014 892 1088 913; x_wconf 90' lang='lat' dir='ltr'>non</span> <span class='ocrx_word' id='word_1_77' title='bbox 1107 880 1219 913; x_wconf 92' lang='lat' dir='ltr'>solum</span> 
     </span>
     <span class='ocr_line' id='line_1_14' title="bbox 230 931 1221 977; baseline -0.013 0"><span class='ocrx_word' id='word_1_78' title='bbox 230 945 272 977; x_wconf 86' lang='lat' dir='ltr'>de</span> <span class='ocrx_word' id='word_1_79' title='bbox 295 939 483 975; x_wconf 73' lang='lat' dir='ltr'>contrariis</span> <span class='ocrx_word' id='word_1_80' title='bbox 507 936 724 975; x_wconf 77' lang='lat' dir='ltr'>actionibus,</span> <span class='ocrx_word' id='word_1_81' title='bbox 766 935 825 968; x_wconf 87' lang='lat' dir='ltr'>sed</span> <span class='ocrx_word' id='word_1_82' title='bbox 849 933 954 966; x_wconf 89' lang='lat' dir='ltr'>etiam</span> <span class='ocrx_word' id='word_1_83' title='bbox 973 932 1021 973; x_wconf 80' lang='lat' dir='ltr'>jde</span> <span class='ocrx_word' id='word_1_84' title='bbox 1045 931 1221 965; x_wconf 84' lang='lat' dir='ltr'>similibus</span> 
     </span>
     <span class='ocr_line' id='line_1_15' title="bbox 230 983 1223 1029; baseline -0.015 -1"><span class='ocrx_word' id='word_1_85' title='bbox 230 994 419 1029; x_wconf 85' lang='lat' dir='ltr'>dicendum</span> <span class='ocrx_word' id='word_1_86' title='bbox 446 996 516 1029; x_wconf 88' lang='lat' dir='ltr'>est,</span> <span class='ocrx_word' id='word_1_87' title='bbox 544 995 583 1021; x_wconf 90' lang='lat' dir='ltr'>ut</span> <span class='ocrx_word' id='word_1_88' title='bbox 609 998 814 1025; x_wconf 78' lang='lat' dir='ltr'>caveamus,</span> <span class='ocrx_word' id='word_1_89' title='bbox 842 997 886 1017; x_wconf 91' lang='lat' dir='ltr'>ne.</span> <span class='ocrx_word' id='word_1_90' title='bbox 913 983 1134 1027; x_wconf 76' lang='lat' dir='ltr'>decipiamur</span> <span class='ocrx_word' id='word_1_91' title='bbox 1155 995 1223 1017; x_wconf 85' lang='grc' dir='ltr'>κα-</span> 
     </span>
     <span class='ocr_line' id='line_1_16' title="bbox 230 1033 1222 1090; baseline -0.01 -15"><span class='ocrx_word' id='word_1_92' title='bbox 230 1042 394 1090; x_wconf 71' lang='grc' dir='ltr'><em>κοζηλία,</em></span> <span class='ocrx_word' id='word_1_93' title='bbox 448 1041 583 1074; x_wconf 86' lang='lat' dir='ltr'>Multae</span> <span class='ocrx_word' id='word_1_94' title='bbox 601 1038 757 1071; x_wconf 77' lang='lat' dir='ltr'>actiones</span> <span class='ocrx_word' id='word_1_95' title='bbox 774 1036 935 1069; x_wconf 87' lang='lat' dir='ltr'>Marcelli</span> <span class='ocrx_word' id='word_1_96' title='bbox 946 1034 989 1081; x_wconf 79' lang='lat' dir='ltr'>l⁵)</span> <span class='ocrx_word' id='word_1_97' title='bbox 1010 1040 1044 1067; x_wconf 87' lang='lat' dir='ltr'>et</span> <span class='ocrx_word' id='word_1_98' title='bbox 1061 1033 1222 1067; x_wconf 78' lang='lat' dir='ltr'>Terentii</span> 
     </span>
     <span class='ocr_line' id='line_1_17' title="bbox 230 1083 1223 1138; baseline -0.014 -8"><span class='ocrx_word' id='word_1_99' title='bbox 230 1083 405 1130; x_wconf 48' lang='lat' dir='ltr'>Va-rronis</span> <span class='ocrx_word' id='word_1_100' title='bbox 417 1092 459 1138; x_wconf 78' lang='lat'>¹⁶)</span> <span class='ocrx_word' id='word_1_101' title='bbox 480 1097 561 1125; x_wconf 90' lang='lat' dir='ltr'>sunt</span> <span class='ocrx_word' id='word_1_102' title='bbox 577 1089 707 1124; x_wconf 84' lang='lat' dir='ltr'>similes</span> <span class='ocrx_word' id='word_1_103' title='bbox 718 1115 727 1129; x_wconf 94' lang='lat'>,</span> <span class='ocrx_word' id='word_1_104' title='bbox 756 1089 817 1122; x_wconf 87' lang='lat' dir='ltr'>sed</span> <span class='ocrx_word' id='word_1_105' title='bbox 833 1098 957 1120; x_wconf 88' lang='lat' dir='ltr'>causae</span> <span class='ocrx_word' id='word_1_106' title='bbox 975 1091 1058 1119; x_wconf 87' lang='lat' dir='ltr'>sunt</span> <span class='ocrx_word' id='word_1_107' title='bbox 1073 1085 1223 1118; x_wconf 88' lang='lat' dir='ltr'>dissimi-</span> 
     </span>
     <span class='ocr_line' id='line_1_18' title="bbox 232 1135 1224 1184; baseline -0.015 -2"><span class='ocrx_word' id='word_1_108' title='bbox 232 1149 293 1182; x_wconf 86' lang='lat' dir='ltr'>les.</span> <span class='ocrx_word' id='word_1_109' title='bbox 348 1145 412 1178; x_wconf 83' lang='lat' dir='ltr'>Hic</span> <span class='ocrx_word' id='word_1_110' title='bbox 432 1143 584 1177; x_wconf 84' lang='lat' dir='ltr'>maxime.</span> <span class='ocrx_word' id='word_1_111' title='bbox 602 1153 725 1174; x_wconf 59' lang='lat' dir='ltr'>verum</span> <span class='ocrx_word' id='word_1_112' title='bbox 747 1146 798 1172; x_wconf 89' lang='lat' dir='ltr'>est</span> <span class='ocrx_word' id='word_1_113' title='bbox 820 1139 917 1184; x_wconf 84' lang='lat' dir='ltr'>quod</span> <span class='ocrx_word' id='word_1_114' title='bbox 942 1137 1088 1170; x_wconf 86' lang='lat' dir='ltr'>dicitur:</span> <span class='ocrx_word' id='word_1_115' title='bbox 1129 1135 1224 1174; x_wconf 88' lang='lat' dir='ltr'>Duo,</span> 
     </span>
     <span class='ocr_line' id='line_1_19' title="bbox 232 1186 1224 1233; baseline -0.015 0"><span class='ocrx_word' id='word_1_116' title='bbox 232 1212 311 1233; x_wconf 90' lang='lat' dir='ltr'>cum</span> <span class='ocrx_word' id='word_1_117' title='bbox 330 1198 423 1230; x_wconf 87' lang='lat' dir='ltr'>idem</span> <span class='ocrx_word' id='word_1_118' title='bbox 440 1194 592 1232; x_wconf 80' lang='lat' dir='ltr'>faciunt,</span> <span class='ocrx_word' id='word_1_119' title='bbox 621 1204 693 1225; x_wconf 90' lang='lat' dir='ltr'>non</span> <span class='ocrx_word' id='word_1_120' title='bbox 712 1197 763 1224; x_wconf 87' lang='lat' dir='ltr'>est</span> <span class='ocrx_word' id='word_1_121' title='bbox 779 1190 886 1223; x_wconf 91' lang='lat' dir='ltr'>idem.</span> <span class='ocrx_word' id='word_1_122' title='bbox 945 1187 1134 1220; x_wconf 84' lang='lat' dir='ltr'>Marcellus</span> <span class='ocrx_word' id='word_1_123' title='bbox 1159 1186 1224 1218; x_wconf 86' lang='lat' dir='ltr'>im-</span> 
     </span>
     <span class='ocr_line' id='line_1_20' title="bbox 233 1237 1224 1297; baseline -0.017 -12"><span class='ocrx_word' id='word_1_124' title='bbox 233 1258 318 1297; x_wconf 91' lang='lat' dir='ltr'>petu</span> <span class='ocrx_word' id='word_1_125' title='bbox 334 1248 477 1282; x_wconf 89' lang='lat' dir='ltr'>heroico</span> <span class='ocrx_word' id='word_1_126' title='bbox 495 1250 678 1282; x_wconf 70' lang='lat' dir='ltr'>movetur,</span> <span class='ocrx_word' id='word_1_127' title='bbox 705 1239 848 1274; x_wconf 84' lang='lat' dir='ltr'>adhibet</span> <span class='ocrx_word' id='word_1_128' title='bbox 865 1239 1065 1273; x_wconf 89' lang='lat' dir='ltr'>cautionem</span> <span class='ocrx_word' id='word_1_129' title='bbox 1075 1244 1121 1283; x_wconf 26' lang='lat' dir='ltr'>*et</span> <span class='ocrx_word' id='word_1_130' title='bbox 1145 1237 1224 1270; x_wconf 92' lang='lat' dir='ltr'>dili-</span> 
     </span>
     <span class='ocr_line' id='line_1_21' title="bbox 234 1288 1224 1347; baseline -0.015 -12"><span class='ocrx_word' id='word_1_131' title='bbox 234 1302 402 1347; x_wconf 80' lang='lat' dir='ltr'>gentiam.</span> <span class='ocrx_word' id='word_1_132' title='bbox 455 1297 554 1330; x_wconf 82' lang='lat' dir='ltr'>Alter</span> <span class='ocrx_word' id='word_1_133' title='bbox 572 1301 610 1328; x_wconf 89' lang='lat' dir='ltr'>ut</span> <span class='ocrx_word' id='word_1_134' title='bbox 627 1295 732 1337; x_wconf 81' lang='lat' dir='ltr'>fugax</span> <span class='ocrx_word' id='word_1_135' title='bbox 755 1292 870 1331; x_wconf 89' lang='lat' dir='ltr'>canis,</span> <span class='ocrx_word' id='word_1_136' title='bbox 899 1297 1031 1324; x_wconf 87' lang='lat' dir='ltr'>temere</span> <span class='ocrx_word' id='word_1_137' title='bbox 1051 1289 1135 1322; x_wconf 86' lang='lat' dir='ltr'>facit</span> <span class='ocrx_word' id='word_1_138' title='bbox 1159 1288 1224 1320; x_wconf 87' lang='lat' dir='ltr'>im-</span> 
     </span>
     <span class='ocr_line' id='line_1_22' title="bbox 233 1346 1225 1399; baseline -0.015 -13"><span class='ocrx_word' id='word_1_139' title='bbox 233 1360 356 1399; x_wconf 85' lang='lat' dir='ltr'>petum</span> <span class='ocrx_word' id='word_1_140' title='bbox 381 1351 418 1383; x_wconf 91' lang='lat' dir='ltr'>in</span> <span class='ocrx_word' id='word_1_141' title='bbox 445 1346 605 1386; x_wconf 85' lang='lat' dir='ltr'>hostem,</span> <span class='ocrx_word' id='word_1_142' title='bbox 638 1357 703 1377; x_wconf 89' lang='lat' dir='ltr'>nec</span> <span class='ocrx_word' id='word_1_143' title='bbox 727 1349 827 1376; x_wconf 84' lang='lat' dir='ltr'>cavet</span> <span class='ocrx_word' id='word_1_144' title='bbox 851 1355 912 1382; x_wconf 82' lang='lat' dir='ltr'>ea,</span> <span class='ocrx_word' id='word_1_145' title='bbox 947 1353 1038 1386; x_wconf 89' lang='lat' dir='ltr'>quae</span> <span class='ocrx_word' id='word_1_146' title='bbox 1062 1346 1144 1374; x_wconf 88' lang='lat' dir='ltr'>sunt</span> <span class='ocrx_word' id='word_1_147' title='bbox 1170 1352 1225 1372; x_wconf 87' lang='lat' dir='ltr'>ca-</span> 
     </span>
     <span class='ocr_line' id='line_1_23' title="bbox 233 1391 1226 1443; baseline -0.015 -5"><span class='ocrx_word' id='word_1_148' title='bbox 233 1404 367 1443; x_wconf 80' lang='lat' dir='ltr'>venda,</span> <span class='ocrx_word' id='word_1_149' title='bbox 396 1406 430 1433; x_wconf 83' lang='lat' dir='ltr'>et</span> <span class='ocrx_word' id='word_1_150' title='bbox 445 1398 563 1433; x_wconf 86' lang='lat' dir='ltr'>statim</span> <span class='ocrx_word' id='word_1_151' title='bbox 581 1396 672 1429; x_wconf 89' lang='lat' dir='ltr'>cedit</span> <span class='ocrx_word' id='word_1_152' title='bbox 689 1394 866 1440; x_wconf 89' lang='lat' dir='ltr'>periculis.</span> <span class='ocrx_word' id='word_1_153' title='bbox 919 1392 1024 1425; x_wconf 87' lang='lat' dir='ltr'>Tales</span> <span class='ocrx_word' id='word_1_154' title='bbox 1047 1397 1129 1425; x_wconf 91' lang='lat' dir='ltr'>sunt</span> <span class='ocrx_word' id='word_1_155' title='bbox 1149 1391 1226 1435; x_wconf 88' lang='lat' dir='ltr'>plu-</span> 
     </span>
     <span class='ocr_line' id='line_1_24' title="bbox 234 1443 1226 1490; baseline -0.015 -1"><span class='ocrx_word' id='word_1_156' title='bbox 234 1457 346 1490; x_wconf 87' lang='lat' dir='ltr'>rimae</span> <span class='ocrx_word' id='word_1_157' title='bbox 371 1449 593 1485; x_wconf 82' lang='lat' dir='ltr'>differentiae</span> <span class='ocrx_word' id='word_1_158' title='bbox 618 1448 655 1480; x_wconf 90' lang='lat' dir='ltr'>in</span> <span class='ocrx_word' id='word_1_159' title='bbox 678 1446 785 1480; x_wconf 87' lang='lat' dir='ltr'>sacris</span> <span class='ocrx_word' id='word_1_160' title='bbox 810 1443 986 1483; x_wconf 86' lang='lat' dir='ltr'>historiis,</span> <span class='ocrx_word' id='word_1_161' title='bbox 1014 1443 1075 1476; x_wconf 89' lang='lat' dir='ltr'>ubi</span> <span class='ocrx_word' id='word_1_162' title='bbox 1094 1443 1226 1476; x_wconf 87' lang='lat' dir='ltr'>similes</span> 
     </span>
     <span class='ocr_line' id='line_1_25' title="bbox 235 1494 1225 1545; baseline -0.015 -4"><span class='ocrx_word' id='word_1_163' title='bbox 235 1507 391 1540; x_wconf 86' lang='lat' dir='ltr'>actiones</span> <span class='ocrx_word' id='word_1_164' title='bbox 408 1503 445 1535; x_wconf 89' lang='lat' dir='ltr'>in</span> <span class='ocrx_word' id='word_1_165' title='bbox 464 1500 637 1545; x_wconf 87' lang='lat' dir='ltr'>speciem,</span> <span class='ocrx_word' id='word_1_166' title='bbox 664 1504 784 1530; x_wconf 83' lang='lat' dir='ltr'>tamen</span> <span class='ocrx_word' id='word_1_167' title='bbox 809 1509 847 1529; x_wconf 90' lang='lat' dir='ltr'>re</span> <span class='ocrx_word' id='word_1_168' title='bbox 872 1495 945 1539; x_wconf 88' lang='lat' dir='ltr'>ipsa</span> <span class='ocrx_word' id='word_1_169' title='bbox 970 1494 1225 1528; x_wconf 86' lang='lat' dir='ltr'>dissimillimae</span> 
     </span>
     <span class='ocr_line' id='line_1_26' title="bbox 235 1545 1227 1598; baseline -0.016 -6"><span class='ocrx_word' id='word_1_170' title='bbox 235 1564 336 1597; x_wconf 88' lang='lat' dir='ltr'>sunt,</span> <span class='ocrx_word' id='word_1_171' title='bbox 363 1561 403 1589; x_wconf 92' lang='lat' dir='ltr'>ut</span> <span class='ocrx_word' id='word_1_172' title='bbox 416 1559 539 1598; x_wconf 87' lang='lat' dir='ltr'>postea</span> <span class='ocrx_word' id='word_1_173' title='bbox 556 1551 684 1584; x_wconf 89' lang='lat' dir='ltr'>dicam.</span> <span class='ocrx_word' id='word_1_174' title='bbox 735 1548 837 1582; x_wconf 77' lang='lat' dir='ltr'>Nunc</span> <span class='ocrx_word' id='word_1_175' title='bbox 853 1548 895 1579; x_wconf 87' lang='lat' dir='ltr'>de</span> <span class='ocrx_word' id='word_1_176' title='bbox 918 1546 1078 1579; x_wconf 70' lang='lat' dir='ltr'>cixilibus</span> <span class='ocrx_word' id='word_1_177' title='bbox 1103 1545 1227 1590; x_wconf 86' lang='lat' dir='ltr'>loqua-</span> 
     </span>
     <span class='ocr_line' id='line_1_27' title="bbox 235 1596 1227 1643; baseline -0.015 0"><span class='ocrx_word' id='word_1_178' title='bbox 235 1621 329 1643; x_wconf 91' lang='lat' dir='ltr'>mur.</span> <span class='ocrx_word' id='word_1_179' title='bbox 392 1606 524 1639; x_wconf 82' lang='lat' dir='ltr'>Causas</span> <span class='ocrx_word' id='word_1_180' title='bbox 546 1606 705 1635; x_wconf 84' lang='lat' dir='ltr'>recenset</span> <span class='ocrx_word' id='word_1_181' title='bbox 722 1598 929 1632; x_wconf 76' lang='lat' dir='ltr'>Aristoteles</span> <span class='ocrx_word' id='word_1_182' title='bbox 948 1603 1119 1642; x_wconf 88' lang='lat' dir='ltr'>quatuor:</span> <span class='ocrx_word' id='word_1_183' title='bbox 1157 1596 1227 1630; x_wconf 65' lang='lat' dir='ltr'>Na-</span> 
     </span>
     <span class='ocr_line' id='line_1_28' title="bbox 236 1645 1227 1700; baseline -0.014 -6"><span class='ocrx_word' id='word_1_184' title='bbox 236 1668 376 1698; x_wconf 84' lang='lat' dir='ltr'>turam,</span> <span class='ocrx_word' id='word_1_185' title='bbox 405 1655 631 1700; x_wconf 86' lang='lat' dir='ltr'>opinionem,</span> <span class='ocrx_word' id='word_1_186' title='bbox 663 1651 905 1688; x_wconf 79' lang='lat' dir='ltr'>voluntatem,</span> <span class='ocrx_word' id='word_1_187' title='bbox 942 1655 975 1681; x_wconf 87' lang='lat' dir='ltr'>et</span> <span class='ocrx_word' id='word_1_188' title='bbox 999 1645 1227 1693; x_wconf 75' lang='grc' dir='ltr'><em>προαίρεσιν,</em></span> 
     </span>
     <span class='ocr_line' id='line_1_29' title="bbox 236 1698 1227 1751; baseline -0.017 -6"><span class='ocrx_word' id='word_1_189' title='bbox 236 1719 296 1751; x_wconf 89' lang='lat' dir='ltr'>ut,</span> <span class='ocrx_word' id='word_1_190' title='bbox 332 1710 419 1743; x_wconf 88' lang='lat' dir='ltr'>Cato</span> <span class='ocrx_word' id='word_1_191' title='bbox 443 1713 493 1740; x_wconf 89' lang='lat' dir='ltr'>est</span> <span class='ocrx_word' id='word_1_192' title='bbox 517 1711 646 1738; x_wconf 86' lang='lat' dir='ltr'>natura</span> <span class='ocrx_word' id='word_1_193' title='bbox 670 1708 854 1741; x_wconf 84' lang='lat' dir='ltr'>constans,</span> <span class='ocrx_word' id='word_1_194' title='bbox 890 1700 1023 1732; x_wconf 87' lang='lat' dir='ltr'>Brutus</span> <span class='ocrx_word' id='word_1_195' title='bbox 1046 1698 1227 1741; x_wconf 77' lang='lat' dir='ltr'>opinione,</span> 
     </span>
     <span class='ocr_line' id='line_1_30' title="bbox 238 1747 1227 1809; baseline -0.017 -13"><span class='ocrx_word' id='word_1_196' title='bbox 238 1763 321 1809; x_wconf 86' lang='lat' dir='ltr'>quia</span> <span class='ocrx_word' id='word_1_197' title='bbox 343 1761 390 1795; x_wconf 90' lang='lat' dir='ltr'>sic</span> <span class='ocrx_word' id='word_1_198' title='bbox 416 1757 597 1791; x_wconf 87' lang='lat' dir='ltr'>institutus</span> <span class='ocrx_word' id='word_1_199' title='bbox 627 1761 660 1787; x_wconf 92' lang='lat' dir='ltr'>et</span> <span class='ocrx_word' id='word_1_200' title='bbox 684 1753 904 1786; x_wconf 84' lang='lat' dir='ltr'>adsuefactus</span> <span class='ocrx_word' id='word_1_201' title='bbox 931 1756 1000 1790; x_wconf 86' lang='lat' dir='ltr'>est,</span> <span class='ocrx_word' id='word_1_202' title='bbox 1026 1747 1166 1782; x_wconf 86' lang='lat' dir='ltr'>Thraso</span> <span class='ocrx_word' id='word_1_203' title='bbox 1182 1748 1227 1793; x_wconf 79' lang='lat'>¹⁷)</span> 
     </span>
     <span class='ocr_line' id='line_1_31' title="bbox 238 1801 1228 1850; baseline -0.016 -3"><span class='ocrx_word' id='word_1_204' title='bbox 238 1815 442 1850; x_wconf 65' lang='lat' dir='ltr'>voluntate,</span> <span class='ocrx_word' id='word_1_205' title='bbox 471 1809 506 1841; x_wconf 89' lang='lat' dir='ltr'>id</span> <span class='ocrx_word' id='word_1_206' title='bbox 531 1813 601 1845; x_wconf 89' lang='lat' dir='ltr'>est,</span> <span class='ocrx_word' id='word_1_207' title='bbox 628 1803 867 1839; x_wconf 84' lang='lat' dir='ltr'>simulatione.</span> <span class='ocrx_word' id='word_1_208' title='bbox 927 1801 1133 1834; x_wconf 86' lang='lat' dir='ltr'>Postremus</span> <span class='ocrx_word' id='word_1_209' title='bbox 1151 1811 1228 1843; x_wconf 86' lang='lat' dir='ltr'>gra-</span> 
     </span>
     <span class='ocr_line' id='line_1_32' title="bbox 238 1852 1229 1902; baseline -0.017 -3"><span class='ocrx_word' id='word_1_210' title='bbox 238 1867 302 1899; x_wconf 88' lang='lat' dir='ltr'>dus</span> <span class='ocrx_word' id='word_1_211' title='bbox 320 1870 389 1902; x_wconf 85' lang='lat' dir='ltr'>est,</span> <span class='ocrx_word' id='word_1_212' title='bbox 410 1866 508 1894; x_wconf 87' lang='lat' dir='ltr'>recto</span> <span class='ocrx_word' id='word_1_213' title='bbox 526 1856 656 1892; x_wconf 89' lang='lat' dir='ltr'>iudicio</span> <span class='ocrx_word' id='word_1_214' title='bbox 675 1860 896 1889; x_wconf 86' lang='lat' dir='ltr'>constantem</span> <span class='ocrx_word' id='word_1_215' title='bbox 916 1864 1008 1891; x_wconf 83' lang='lat' dir='ltr'>esse,</span> <span class='ocrx_word' id='word_1_216' title='bbox 1030 1857 1070 1884; x_wconf 89' lang='lat' dir='ltr'>ut</span> <span class='ocrx_word' id='word_1_217' title='bbox 1086 1852 1229 1884; x_wconf 81' lang='lat' dir='ltr'>suerunt</span> 
     </span>
     <span class='ocr_line' id='line_1_33' title="bbox 238 1900 1229 1953; baseline -0.017 -3"><span class='ocrx_word' id='word_1_218' title='bbox 238 1916 399 1953; x_wconf 91' lang='lat' dir='ltr'>Laelius,</span> <span class='ocrx_word' id='word_1_219' title='bbox 426 1911 576 1950; x_wconf 87' lang='lat' dir='ltr'>Fabius,</span> <span class='ocrx_word' id='word_1_220' title='bbox 603 1907 733 1951; x_wconf 83' lang='lat' dir='ltr'>Scipio.</span> <span class='ocrx_word' id='word_1_221' title='bbox 785 1905 859 1938; x_wconf 90' lang='lat' dir='ltr'>Hos</span> <span class='ocrx_word' id='word_1_222' title='bbox 879 1904 1007 1948; x_wconf 84' lang='lat' dir='ltr'>gradus</span> <span class='ocrx_word' id='word_1_223' title='bbox 1025 1900 1082 1935; x_wconf 87' lang='lat' dir='ltr'>hic</span> <span class='ocrx_word' id='word_1_224' title='bbox 1101 1902 1229 1935; x_wconf 87' lang='lat' dir='ltr'>discer-</span> 
     </span>
     <span class='ocr_line' id='line_1_34' title="bbox 240 1952 1229 2001; baseline -0.017 0"><span class='ocrx_word' id='word_1_225' title='bbox 240 1968 294 2001; x_wconf 90' lang='lat' dir='ltr'>nit</span> <span class='ocrx_word' id='word_1_226' title='bbox 314 1963 537 2001; x_wconf 87' lang='lat' dir='ltr'>Aristoteles,</span> <span class='ocrx_word' id='word_1_227' title='bbox 572 1967 606 1993; x_wconf 87' lang='lat' dir='ltr'>et</span> <span class='ocrx_word' id='word_1_228' title='bbox 630 1960 731 1992; x_wconf 89' lang='lat' dir='ltr'>docet</span> <span class='ocrx_word' id='word_1_229' title='bbox 754 1963 893 1990; x_wconf 88' lang='lat' dir='ltr'>tantum</span> <span class='ocrx_word' id='word_1_230' title='bbox 920 1967 976 1988; x_wconf 88' lang='lat' dir='ltr'>eas</span> <span class='ocrx_word' id='word_1_231' title='bbox 1002 1953 1158 1987; x_wconf 84' lang='lat' dir='ltr'>actiones</span> <span class='ocrx_word' id='word_1_232' title='bbox 1180 1952 1229 1997; x_wconf 85' lang='lat' dir='ltr'>gi-</span> 
     </span>
     <span class='ocr_line' id='line_1_35' title="bbox 240 2003 1230 2064; baseline -0.016 -12"><span class='ocrx_word' id='word_1_233' title='bbox 240 2030 347 2064; x_wconf 83' lang='lat' dir='ltr'>gnere</span> <span class='ocrx_word' id='word_1_234' title='bbox 380 2015 548 2047; x_wconf 66' lang='lat' dir='ltr'>virtutem</span> <span class='ocrx_word' id='word_1_235' title='bbox 577 2022 667 2056; x_wconf 87' lang='lat' dir='ltr'>quae</span> <span class='ocrx_word' id='word_1_236' title='bbox 701 2014 898 2053; x_wconf 89' lang='lat' dir='ltr'>sequuntur</span> <span class='ocrx_word' id='word_1_237' title='bbox 922 2003 1158 2051; x_wconf 76' lang='grc' dir='ltr'><em>προαίρεσιν,</em></span> <span class='ocrx_word' id='word_1_238' title='bbox 1194 2004 1230 2037; x_wconf 87' lang='lat' dir='ltr'>id</span> 
     </span>
     <span class='ocr_line' id='line_1_36' title="bbox 241 2056 1230 2114; baseline -0.017 -11"><span class='ocrx_word' id='word_1_239' title='bbox 241 2077 310 2109; x_wconf 87' lang='lat' dir='ltr'>est,</span> <span class='ocrx_word' id='word_1_240' title='bbox 337 2078 427 2114; x_wconf 80' lang='lat' dir='ltr'>quae</span> <span class='ocrx_word' id='word_1_241' title='bbox 445 2063 574 2097; x_wconf 88' lang='lat' dir='ltr'>iudicio</span> <span class='ocrx_word' id='word_1_242' title='bbox 586 2089 595 2102; x_wconf 90' lang='lat'>,</span> <span class='ocrx_word' id='word_1_243' title='bbox 622 2073 683 2094; x_wconf 82' lang='lat' dir='ltr'>seu</span> <span class='ocrx_word' id='word_1_244' title='bbox 700 2072 779 2093; x_wconf 87' lang='lat' dir='ltr'>cuin</span> <span class='ocrx_word' id='word_1_245' title='bbox 798 2058 954 2103; x_wconf 90' lang='lat' dir='ltr'>quodam</span> <span class='ocrx_word' id='word_1_246' title='bbox 972 2056 1106 2089; x_wconf 86' lang='lat' dir='ltr'>delectu</span> <span class='ocrx_word' id='word_1_247' title='bbox 1124 2062 1157 2088; x_wconf 94' lang='lat' dir='ltr'>et</span> <span class='ocrx_word' id='word_1_248' title='bbox 1172 2056 1230 2088; x_wconf 88' lang='lat' dir='ltr'>de-</span> 
     </span>
     <span class='ocr_line' id='line_1_37' title="bbox 239 2107 1231 2155; baseline -0.016 0"><span class='ocrx_word' id='word_1_249' title='bbox 239 2118 450 2155; x_wconf 81' lang='lat' dir='ltr'>liberatione</span> <span class='ocrx_word' id='word_1_250' title='bbox 469 2116 569 2148; x_wconf 85' lang='lat' dir='ltr'>siunt.</span> <span class='ocrx_word' id='word_1_251' title='bbox 622 2112 688 2145; x_wconf 87' lang='lat' dir='ltr'>Hic</span> <span class='ocrx_word' id='word_1_252' title='bbox 709 2110 854 2145; x_wconf 85' lang='lat' dir='ltr'>ultimus</span> <span class='ocrx_word' id='word_1_253' title='bbox 876 2108 1004 2152; x_wconf 80' lang='lat' dir='ltr'>gradus</span> <span class='ocrx_word' id='word_1_254' title='bbox 1021 2107 1231 2151; x_wconf 87' lang='lat' dir='ltr'>praecipuus</span> 
     </span>
     <span class='ocr_line' id='line_1_38' title="bbox 242 2158 1232 2206; baseline -0.014 -3"><span class='ocrx_word' id='word_1_255' title='bbox 242 2179 304 2206; x_wconf 68' lang='lat' dir='ltr'>est.</span> <span class='ocrx_word' id='word_1_256' title='bbox 371 2168 459 2202; x_wconf 87' lang='lat' dir='ltr'>Cato</span> <span class='ocrx_word' id='word_1_257' title='bbox 490 2165 553 2199; x_wconf 87' lang='lat' dir='ltr'>etsi</span> <span class='ocrx_word' id='word_1_258' title='bbox 584 2170 712 2196; x_wconf 86' lang='lat' dir='ltr'>natura</span> <span class='ocrx_word' id='word_1_259' title='bbox 744 2162 788 2194; x_wconf 89' lang='lat' dir='ltr'>ad</span> <span class='ocrx_word' id='word_1_260' title='bbox 818 2158 1055 2193; x_wconf 89' lang='lat' dir='ltr'>constantiam</span> <span class='ocrx_word' id='word_1_261' title='bbox 1080 2158 1232 2197; x_wconf 85' lang='lat' dir='ltr'>ducitur,</span> 
     </span>
     <span class='ocr_line' id='line_1_39' title="bbox 241 2209 1232 2257; baseline -0.015 0"><span class='ocrx_word' id='word_1_262' title='bbox 241 2236 315 2257; x_wconf 92' lang='lat' dir='ltr'>non</span> <span class='ocrx_word' id='word_1_263' title='bbox 332 2228 451 2254; x_wconf 87' lang='lat' dir='ltr'>tamen</span> <span class='ocrx_word' id='word_1_264' title='bbox 467 2217 674 2250; x_wconf 87' lang='lat' dir='ltr'>moderatur</span> <span class='ocrx_word' id='word_1_265' title='bbox 690 2219 838 2246; x_wconf 87' lang='lat' dir='ltr'>naturae</span> <span class='ocrx_word' id='word_1_266' title='bbox 856 2210 1035 2244; x_wconf 87' lang='lat' dir='ltr'>duritiem.</span> <span class='ocrx_word' id='word_1_267' title='bbox 1087 2209 1232 2249; x_wconf 86' lang='lat' dir='ltr'>Brutus,</span> 
     </span>
     <span class='ocr_line' id='line_1_40' title="bbox 243 2261 1233 2321; baseline -0.017 -13"><span class='ocrx_word' id='word_1_268' title='bbox 243 2275 323 2321; x_wconf 89' lang='lat' dir='ltr'>quia</span> <span class='ocrx_word' id='word_1_269' title='bbox 342 2273 439 2305; x_wconf 90' lang='lat' dir='ltr'>illam</span> <span class='ocrx_word' id='word_1_270' title='bbox 460 2267 625 2302; x_wconf 89' lang='lat' dir='ltr'>duritiem</span> <span class='ocrx_word' id='word_1_271' title='bbox 641 2271 743 2310; x_wconf 88' lang='lat' dir='ltr'>putat</span> <span class='ocrx_word' id='word_1_272' title='bbox 759 2264 863 2297; x_wconf 89' lang='lat' dir='ltr'>decus</span> <span class='ocrx_word' id='word_1_273' title='bbox 880 2261 1026 2306; x_wconf 85' lang='lat' dir='ltr'>aliquod</span> <span class='ocrx_word' id='word_1_274' title='bbox 1052 2272 1123 2294; x_wconf 89' lang='lat' dir='ltr'>esse</span> <span class='ocrx_word' id='word_1_275' title='bbox 1135 2286 1144 2299; x_wconf 95' lang='lat'>,</span> <span class='ocrx_word' id='word_1_276' title='bbox 1179 2272 1233 2292; x_wconf 89' lang='lat' dir='ltr'>ac-</span> 
     </span>
     <span class='ocr_line' id='line_1_41' title="bbox 243 2309 1232 2360; baseline -0.016 -1"><span class='ocrx_word' id='word_1_277' title='bbox 243 2325 346 2359; x_wconf 86' lang='lat' dir='ltr'>cersit</span> <span class='ocrx_word' id='word_1_278' title='bbox 364 2335 441 2357; x_wconf 82' lang='lat' dir='ltr'>eam</span> <span class='ocrx_word' id='word_1_279' title='bbox 457 2318 573 2355; x_wconf 84' lang='lat' dir='ltr'>studio</span> <span class='ocrx_word' id='word_1_280' title='bbox 585 2344 594 2358; x_wconf 94' lang='lat'>,</span> <span class='ocrx_word' id='word_1_281' title='bbox 631 2329 695 2350; x_wconf 89' lang='lat' dir='ltr'>nce</span> <span class='ocrx_word' id='word_1_282' title='bbox 714 2315 810 2348; x_wconf 69' lang='lat' dir='ltr'>videt</span> <span class='ocrx_word' id='word_1_283' title='bbox 827 2313 912 2360; x_wconf 87' lang='lat' dir='ltr'>quid</span> <span class='ocrx_word' id='word_1_284' title='bbox 930 2318 1033 2346; x_wconf 88' lang='lat' dir='ltr'>erret.</span> <span class='ocrx_word' id='word_1_285' title='bbox 1093 2309 1232 2344; x_wconf 86' lang='lat' dir='ltr'>Thraso</span> 
     </span>
    </p>
   </div>
   <div class='ocr_carea' id='block_1_5' title="bbox 284 2427 1235 2600">
    <p class='ocr_par' dir='ltr' id='par_1_5' title="bbox 284 2427 1235 2600">
     <span class='ocr_line' id='line_1_42' title="bbox 284 2427 1234 2468; baseline -0.014 -6"><span class='ocrx_word' id='word_1_286' title='bbox 284 2439 327 2468; x_wconf 75' lang='lat'>15)</span> <span class='ocrx_word' id='word_1_287' title='bbox 348 2438 382 2461; x_wconf 76' lang='lat' dir='ltr'>M.</span> <span class='ocrx_word' id='word_1_288' title='bbox 402 2435 550 2459; x_wconf 73' lang='lat' dir='ltr'>Marcellus</span> <span class='ocrx_word' id='word_1_289' title='bbox 570 2439 595 2457; x_wconf 79' lang='lat' dir='ltr'>a.</span> <span class='ocrx_word' id='word_1_290' title='bbox 611 2433 669 2457; x_wconf 79' lang='grc'>216.</span> <span class='ocrx_word' id='word_1_291' title='bbox 691 2439 716 2456; x_wconf 81' lang='lat' dir='ltr'>a.</span> <span class='ocrx_word' id='word_1_292' title='bbox 737 2432 799 2456; x_wconf 79' lang='lat' dir='ltr'>Chr.</span> <span class='ocrx_word' id='word_1_293' title='bbox 821 2431 931 2461; x_wconf 84' lang='lat' dir='ltr'>praetor</span> <span class='ocrx_word' id='word_1_294' title='bbox 951 2430 976 2452; x_wconf 85' lang='lat' dir='ltr'>ct</span> <span class='ocrx_word' id='word_1_295' title='bbox 995 2434 1020 2452; x_wconf 87' lang='lat' dir='ltr'>a.</span> <span class='ocrx_word' id='word_1_296' title='bbox 1037 2427 1096 2452; x_wconf 77' lang='lat'>215.</span> <span class='ocrx_word' id='word_1_297' title='bbox 1117 2432 1234 2466; x_wconf 67' lang='lat' dir='ltr'>procon-</span> 
     </span>
     <span class='ocr_line' id='line_1_43' title="bbox 315 2461 1234 2495; baseline -0.011 -1"><span class='ocrx_word' id='word_1_298' title='bbox 315 2472 358 2495; x_wconf 70' lang='lat' dir='ltr'>sut</span> <span class='ocrx_word' id='word_1_299' title='bbox 378 2471 475 2493; x_wconf 82' lang='lat' dir='ltr'>bellum</span> <span class='ocrx_word' id='word_1_300' title='bbox 496 2472 592 2492; x_wconf 81' lang='lat' dir='ltr'>contra</span> <span class='ocrx_word' id='word_1_301' title='bbox 607 2467 785 2491; x_wconf 72' lang='lat' dir='ltr'>Hannibalem</span> <span class='ocrx_word' id='word_1_302' title='bbox 804 2465 921 2488; x_wconf 71' lang='lat' dir='ltr'>feliciter</span> <span class='ocrx_word' id='word_1_303' title='bbox 941 2463 1029 2491; x_wconf 65' lang='lat' dir='ltr'>gessit</span> <span class='ocrx_word' id='word_1_304' title='bbox 1049 2463 1120 2491; x_wconf 70' lang='lat' dir='ltr'>(biv.</span> <span class='ocrx_word' id='word_1_305' title='bbox 1134 2461 1234 2484; x_wconf 58' lang='lat' dir='ltr'>Xhlti.</span> 
     </span>
     <span class='ocr_line' id='line_1_44' title="bbox 320 2495 1234 2533; baseline -0.012 -5"><span class='ocrx_word' id='word_1_306' title='bbox 320 2505 439 2529; x_wconf 67' lang='lat'>14—16.</span> <span class='ocrx_word' id='word_1_307' title='bbox 465 2503 588 2527; x_wconf 72' lang='lat'>44——46.</span> <span class='ocrx_word' id='word_1_308' title='bbox 626 2501 764 2526; x_wconf 80' lang='lat' dir='ltr'>Plutarch.</span> <span class='ocrx_word' id='word_1_309' title='bbox 782 2501 867 2523; x_wconf 82' lang='lat' dir='ltr'>Marc.</span> <span class='ocrx_word' id='word_1_310' title='bbox 885 2500 900 2522; x_wconf 71' lang='lat'><strong>9</strong></span> <span class='ocrx_word' id='word_1_311' title='bbox 917 2500 988 2528; x_wconf 82' lang='lat' dir='ltr'>sqq.)</span> <span class='ocrx_word' id='word_1_312' title='bbox 1016 2499 1041 2520; x_wconf 90' lang='lat' dir='ltr'>et</span> <span class='ocrx_word' id='word_1_313' title='bbox 1061 2502 1085 2520; x_wconf 87' lang='lat' dir='ltr'>a.</span> <span class='ocrx_word' id='word_1_314' title='bbox 1098 2495 1164 2533; x_wconf 57' lang='lat'>²¹²2</span> <span class='ocrx_word' id='word_1_315' title='bbox 1179 2497 1234 2532; x_wconf 32' lang='grc' dir='ltr'>»ἐγ-ι</span> 
     </span>
     <span class='ocr_line' id='line_1_45' title="bbox 316 2530 1235 2566; baseline -0.011 -5"><span class='ocrx_word' id='word_1_316' title='bbox 316 2544 430 2562; x_wconf 79' lang='lat' dir='ltr'>racusas</span> <span class='ocrx_word' id='word_1_317' title='bbox 451 2536 631 2566; x_wconf 60' lang='lat' dir='ltr'>expugnavit,</span> <span class='ocrx_word' id='word_1_318' title='bbox 652 2536 748 2565; x_wconf 79' lang='lat' dir='ltr'>quibus</span> <span class='ocrx_word' id='word_1_319' title='bbox 768 2534 854 2563; x_wconf 84' lang='lat' dir='ltr'>captis</span> <span class='ocrx_word' id='word_1_320' title='bbox 874 2534 932 2555; x_wconf 82' lang='lat' dir='ltr'>sere</span> <span class='ocrx_word' id='word_1_321' title='bbox 953 2534 1010 2555; x_wconf 85' lang='lat' dir='ltr'>tota</span> <span class='ocrx_word' id='word_1_322' title='bbox 1030 2531 1124 2565; x_wconf 64' lang='lat' dir='ltr'>sicilia</span> <span class='ocrx_word' id='word_1_323' title='bbox 1141 2530 1235 2552; x_wconf 84' lang='lat' dir='ltr'>ditioni</span> 
     </span>
     <span class='ocr_line' id='line_1_46' title="bbox 319 2566 1140 2600; baseline -0.011 -4"><span class='ocrx_word' id='word_1_324' title='bbox 319 2574 432 2597; x_wconf 79' lang='lat' dir='ltr'>Roman.</span> <span class='ocrx_word' id='word_1_325' title='bbox 452 2571 574 2594; x_wconf 79' lang='lat' dir='ltr'>subiecta</span> <span class='ocrx_word' id='word_1_326' title='bbox 593 2572 644 2594; x_wconf 86' lang='lat' dir='ltr'>est.</span> <span class='ocrx_word' id='word_1_327' title='bbox 670 2568 851 2600; x_wconf 41' lang='lat' dir='ltr'>(,1.iv.xxv,</span> <span class='ocrx_word' id='word_1_328' title='bbox 871 2567 994 2592; x_wconf 83' lang='grc'>23-31,</span> <span class='ocrx_word' id='word_1_329' title='bbox 1015 2566 1055 2588; x_wconf 73' lang='grc'>40.</span> <span class='ocrx_word' id='word_1_330' title='bbox 1074 2566 1140 2594; x_wconf 75' lang='grc'>41.).</span> 
     </span>
    </p>
   </div>
   <div class='ocr_carea' id='block_1_6' title="bbox 284 2614 1235 2722">
    <p class='ocr_par' dir='ltr' id='par_1_6' title="bbox 284 2614 1235 2722">
     <span class='ocr_line' id='line_1_47' title="bbox 284 2614 1235 2653; baseline -0.009 -7"><span class='ocrx_word' id='word_1_331' title='bbox 284 2625 331 2653; x_wconf 80' lang='lat'>16)</span> <span class='ocrx_word' id='word_1_332' title='bbox 353 2623 383 2647; x_wconf 86' lang='lat' dir='ltr'>C.</span> <span class='ocrx_word' id='word_1_333' title='bbox 403 2621 548 2645; x_wconf 81' lang='lat' dir='ltr'>Terentius</span> <span class='ocrx_word' id='word_1_334' title='bbox 568 2621 677 2649; x_wconf 77' lang='lat' dir='ltr'>varro,</span> <span class='ocrx_word' id='word_1_335' title='bbox 698 2619 742 2650; x_wconf 88' lang='lat' dir='ltr'>qui</span> <span class='ocrx_word' id='word_1_336' title='bbox 761 2626 820 2642; x_wconf 86' lang='lat' dir='ltr'>cum</span> <span class='ocrx_word' id='word_1_337' title='bbox 839 2619 869 2641; x_wconf 85' lang='lat' dir='ltr'>L.</span> <span class='ocrx_word' id='word_1_338' title='bbox 890 2617 1004 2641; x_wconf 86' lang='lat' dir='ltr'>Aemilio</span> <span class='ocrx_word' id='word_1_339' title='bbox 1025 2616 1119 2640; x_wconf 82' lang='lat' dir='ltr'>Paullo</span> <span class='ocrx_word' id='word_1_340' title='bbox 1138 2614 1235 2653; x_wconf 53' lang='lat'>⁸:²¹⁶*</span> 
     </span>
     <span class='ocr_line' id='line_1_48' title="bbox 315 2649 1235 2682; baseline -0.012 0"><span class='ocrx_word' id='word_1_341' title='bbox 315 2664 341 2682; x_wconf 79' lang='lat' dir='ltr'>a.</span> <span class='ocrx_word' id='word_1_342' title='bbox 358 2657 422 2680; x_wconf 87' lang='lat' dir='ltr'>Chr.</span> <span class='ocrx_word' id='word_1_343' title='bbox 442 2655 538 2679; x_wconf 79' lang='lat' dir='ltr'>consul</span> <span class='ocrx_word' id='word_1_344' title='bbox 559 2655 592 2677; x_wconf 82' lang='lat' dir='ltr'>ad</span> <span class='ocrx_word' id='word_1_345' title='bbox 612 2654 722 2677; x_wconf 77' lang='lat' dir='ltr'>Cannas</span> <span class='ocrx_word' id='word_1_346' title='bbox 741 2655 774 2678; x_wconf 74' lang='lat' dir='ltr'>al&gt;</span> <span class='ocrx_word' id='word_1_347' title='bbox 794 2653 944 2677; x_wconf 76' lang='lat' dir='ltr'>Hannibale</span> <span class='ocrx_word' id='word_1_348' title='bbox 965 2651 1087 2675; x_wconf 78' lang='lat' dir='ltr'>funditus</span> <span class='ocrx_word' id='word_1_349' title='bbox 1113 2649 1235 2673; x_wconf 79' lang='lat' dir='ltr'>devictus</span> 
     </span>
     <span class='ocr_line' id='line_1_49' title="bbox 316 2688 738 2722; baseline -0.012 -6"><span class='ocrx_word' id='word_1_350' title='bbox 316 2694 368 2716; x_wconf 88' lang='lat' dir='ltr'>est.</span> <span class='ocrx_word' id='word_1_351' title='bbox 395 2690 467 2722; x_wconf 81' lang='lat' dir='ltr'>(Liv.</span> <span class='ocrx_word' id='word_1_352' title='bbox 482 2688 571 2718; x_wconf 76' lang='lat' dir='ltr'>XXII,</span> <span class='ocrx_word' id='word_1_353' title='bbox 591 2688 738 2719; x_wconf 56' lang='lat' dir='ltr'>aio-52).</span> 
     </span>
    </p>
   </div>
   <div class='ocr_carea' id='block_1_7' title="bbox 284 2738 682 2775">
    <p class='ocr_par' dir='ltr' id='par_1_7' title="bbox 284 2738 682 2775">
     <span class='ocr_line' id='line_1_50' title="bbox 284 2738 682 2775; baseline -0.023 -6"><span class='ocrx_word' id='word_1_354' title='bbox 284 2744 328 2775; x_wconf 72' lang='lat'>17)</span> <span class='ocrx_word' id='word_1_355' title='bbox 351 2741 429 2768; x_wconf 78' lang='lat' dir='ltr'>cons.</span> <span class='ocrx_word' id='word_1_356' title='bbox 447 2748 470 2771; x_wconf 86' lang='lat' dir='ltr'>p.</span> <span class='ocrx_word' id='word_1_357' title='bbox 486 2739 545 2764; x_wconf 75' lang='lat'>210.</span> <span class='ocrx_word' id='word_1_358' title='bbox 566 2740 629 2762; x_wconf 70' lang='lat' dir='ltr'>nota</span> <span class='ocrx_word' id='word_1_359' title='bbox 644 2738 682 2761; x_wconf 67' lang='lat'>10,</span> 
     </span>
    </p>
   </div>
   <div class='ocr_carea' id='block_1_8' title="bbox 498 128 1984 174">
    <p class='ocr_par' dir='ltr' id='par_1_8' title="bbox 498 128 1984 174">
     <span class='ocr_line' id='line_1_51' title="bbox 498 128 1984 174; baseline -0.004 -1"><span class='ocrx_word' id='word_1_360' title='bbox 498 136 700 174; x_wconf 79' lang='lat' dir='ltr'>SCRIPTA</span> <span class='ocrx_word' id='word_1_361' title='bbox 726 135 802 170; x_wconf 87' lang='lat' dir='ltr'>PH.</span> <span class='ocrx_word' id='word_1_362' title='bbox 829 133 941 168; x_wconf 85' lang='lat' dir='ltr'>MEL.</span> <span class='ocrx_word' id='word_1_363' title='bbox 968 132 1033 165; x_wconf 75' lang='lat' dir='ltr'>AD</span> <span class='ocrx_word' id='word_1_364' title='bbox 1061 129 1269 165; x_wconf 87' lang='lat' dir='ltr'>ETHICEN</span> <span class='ocrx_word' id='word_1_365' title='bbox 1296 128 1361 166; x_wconf 83' lang='lat' dir='ltr'>ET</span> <span class='ocrx_word' id='word_1_366' title='bbox 1388 128 1644 166; x_wconf 86' lang='lat' dir='ltr'>POLITICEN</span> <span class='ocrx_word' id='word_1_367' title='bbox 1673 130 1984 167; x_wconf 73' lang='lat' dir='ltr'>SPECTANTIA.</span> 
     </span>
    </p>
   </div>
   <div class='ocr_carea' id='block_1_9' title="bbox 1255 2114 1265 2710">
    <p class='ocr_par' dir='ltr' id='par_1_9' title="bbox 1255 2114 1265 2710">
     <span class='ocr_line' id='line_1_52' title="bbox 1255 2114 1265 2710; baseline 0 0"><span class='ocrx_word' id='word_1_368' title='bbox 1255 2114 1265 2710; x_wconf 95' lang='lat' dir='ltr'> </span> 
     </span>
    </p>
   </div>
   <div class='ocr_carea' id='block_1_10' title="bbox 2179 131 2256 167">
    <p class='ocr_par' dir='ltr' id='par_1_10' title="bbox 2179 131 2256 167">
     <span class='ocr_line' id='line_1_53' title="bbox 2179 131 2256 167; baseline 0 -1"><span class='ocrx_word' id='word_1_369' title='bbox 2179 131 2256 167; x_wconf 81' lang='lat'>336</span> 
     </span>
    </p>
   </div>
   <div class='ocr_carea' id='block_1_11' title="bbox 1266 215 2269 1644">
    <p class='ocr_par' dir='ltr' id='par_1_11' title="bbox 1266 215 2269 1644">
     <span class='ocr_line' id='line_1_54' title="bbox 1266 215 2255 260; baseline 0.005 -12"><span class='ocrx_word' id='word_1_370' title='bbox 1266 227 1411 260; x_wconf 86' lang='lat' dir='ltr'>prorsus</span> <span class='ocrx_word' id='word_1_371' title='bbox 1434 215 1596 257; x_wconf 85' lang='lat' dir='ltr'>simulat,</span> <span class='ocrx_word' id='word_1_372' title='bbox 1639 218 1699 251; x_wconf 86' lang='lat' dir='ltr'>sed</span> <span class='ocrx_word' id='word_1_373' title='bbox 1722 217 1873 257; x_wconf 80' lang='lat' dir='ltr'>Fabius,</span> <span class='ocrx_word' id='word_1_374' title='bbox 1908 216 2048 251; x_wconf 88' lang='lat' dir='ltr'>Laelius</span> <span class='ocrx_word' id='word_1_375' title='bbox 2071 229 2152 250; x_wconf 75' lang='lat' dir='ltr'>vere</span> <span class='ocrx_word' id='word_1_376' title='bbox 2177 225 2255 253; x_wconf 85' lang='lat' dir='ltr'>sunt</span> 
     </span>
     <span class='ocr_line' id='line_1_55' title="bbox 1267 268 2257 314; baseline 0.004 -15"><span class='ocrx_word' id='word_1_377' title='bbox 1267 273 1467 301; x_wconf 87' lang='lat' dir='ltr'>constantes</span> <span class='ocrx_word' id='word_1_378' title='bbox 1484 268 1634 308; x_wconf 86' lang='lat' dir='ltr'>iudicio,</span> <span class='ocrx_word' id='word_1_379' title='bbox 1662 269 1782 301; x_wconf 67' lang='lat' dir='ltr'>vident</span> <span class='ocrx_word' id='word_1_380' title='bbox 1800 269 1885 314; x_wconf 79' lang='lat' dir='ltr'>quid</span> <span class='ocrx_word' id='word_1_381' title='bbox 1902 274 2028 312; x_wconf 79' lang='lat' dir='ltr'>agant,</span> <span class='ocrx_word' id='word_1_382' title='bbox 2055 275 2088 301; x_wconf 91' lang='lat' dir='ltr'>et</span> <span class='ocrx_word' id='word_1_383' title='bbox 2105 282 2181 302; x_wconf 90' lang='lat' dir='ltr'>cum</span> <span class='ocrx_word' id='word_1_384' title='bbox 2200 270 2257 303; x_wconf 86' lang='lat' dir='ltr'>de-</span> 
     </span>
     <span class='ocr_line' id='line_1_56' title="bbox 1268 319 2258 365; baseline 0.003 -15"><span class='ocrx_word' id='word_1_385' title='bbox 1268 324 1340 358; x_wconf 87' lang='lat' dir='ltr'>cet,</span> <span class='ocrx_word' id='word_1_386' title='bbox 1382 320 1530 359; x_wconf 89' lang='lat' dir='ltr'>cedunt,</span> <span class='ocrx_word' id='word_1_387' title='bbox 1573 326 1631 360; x_wconf 84' lang='lat' dir='ltr'>ut,</span> <span class='ocrx_word' id='word_1_388' title='bbox 1675 321 1772 353; x_wconf 84' lang='lat' dir='ltr'>cessit</span> <span class='ocrx_word' id='word_1_389' title='bbox 1800 320 1929 353; x_wconf 86' lang='lat' dir='ltr'>Fabius</span> <span class='ocrx_word' id='word_1_390' title='bbox 1962 319 2132 363; x_wconf 82' lang='lat' dir='ltr'>magistro</span> <span class='ocrx_word' id='word_1_391' title='bbox 2162 320 2258 365; x_wconf 82' lang='lat' dir='ltr'>equi-</span> 
     </span>
     <span class='ocr_line' id='line_1_57' title="bbox 1270 368 2259 417; baseline 0.004 -16"><span class='ocrx_word' id='word_1_392' title='bbox 1270 376 1342 402; x_wconf 88' lang='lat' dir='ltr'>tum</span> <span class='ocrx_word' id='word_1_393' title='bbox 1356 368 1421 415; x_wconf 73' lang='lat'>¹⁸),</span> <span class='ocrx_word' id='word_1_394' title='bbox 1464 371 1560 415; x_wconf 87' lang='lat' dir='ltr'>quod</span> <span class='ocrx_word' id='word_1_395' title='bbox 1585 370 1672 404; x_wconf 89' lang='lat' dir='ltr'>Cato</span> <span class='ocrx_word' id='word_1_396' title='bbox 1707 384 1933 417; x_wconf 83' lang='lat' dir='ltr'>nequaquam</span> <span class='ocrx_word' id='word_1_397' title='bbox 1960 371 2106 405; x_wconf 84' lang='lat' dir='ltr'>fecisset.</span> <span class='ocrx_word' id='word_1_398' title='bbox 2173 372 2259 405; x_wconf 73' lang='lat' dir='ltr'>(Iae-</span> 
     </span>
     <span class='ocr_line' id='line_1_58' title="bbox 1270 421 2260 467; baseline 0.004 -15"><span class='ocrx_word' id='word_1_399' title='bbox 1270 427 1384 453; x_wconf 91' lang='lat' dir='ltr'>terum</span> <span class='ocrx_word' id='word_1_400' title='bbox 1403 421 1439 452; x_wconf 88' lang='lat' dir='ltr'>in</span> <span class='ocrx_word' id='word_1_401' title='bbox 1462 433 1589 465; x_wconf 77' lang='lat' dir='ltr'>genere</span> <span class='ocrx_word' id='word_1_402' title='bbox 1614 422 1766 456; x_wconf 89' lang='lat' dir='ltr'>sciamus</span> <span class='ocrx_word' id='word_1_403' title='bbox 1793 423 1923 456; x_wconf 79' lang='lat' dir='ltr'>similes</span> <span class='ocrx_word' id='word_1_404' title='bbox 1949 422 2105 455; x_wconf 82' lang='lat' dir='ltr'>actiones</span> <span class='ocrx_word' id='word_1_405' title='bbox 2124 421 2160 454; x_wconf 91' lang='lat' dir='ltr'>in</span> <span class='ocrx_word' id='word_1_406' title='bbox 2184 434 2260 467; x_wconf 90' lang='lat' dir='ltr'>spe-</span> 
     </span>
     <span class='ocr_line' id='line_1_59' title="bbox 1271 472 2261 516; baseline 0.004 -13"><span class='ocrx_word' id='word_1_407' title='bbox 1271 472 1379 511; x_wconf 84' lang='lat' dir='ltr'>ciem,</span> <span class='ocrx_word' id='word_1_408' title='bbox 1418 479 1566 516; x_wconf 87' lang='lat' dir='ltr'>propter</span> <span class='ocrx_word' id='word_1_409' title='bbox 1592 473 1748 506; x_wconf 69' lang='lat' dir='ltr'>diversas</span> <span class='ocrx_word' id='word_1_410' title='bbox 1779 486 1900 507; x_wconf 85' lang='lat' dir='ltr'>causas</span> <span class='ocrx_word' id='word_1_411' title='bbox 1927 473 2079 506; x_wconf 76' lang='lat' dir='ltr'>maxime</span> <span class='ocrx_word' id='word_1_412' title='bbox 2107 473 2261 508; x_wconf 78' lang='lat' dir='ltr'>differre.</span> 
     </span>
     <span class='ocr_line' id='line_1_60' title="bbox 1271 523 2261 569; baseline 0.002 -13"><span class='ocrx_word' id='word_1_413' title='bbox 1271 523 1388 567; x_wconf 85' lang='lat' dir='ltr'>Scipio</span> <span class='ocrx_word' id='word_1_414' title='bbox 1409 530 1443 555; x_wconf 88' lang='lat' dir='ltr'>et</span> <span class='ocrx_word' id='word_1_415' title='bbox 1461 523 1661 569; x_wconf 66' lang='lat' dir='ltr'>Catulusw)</span> <span class='ocrx_word' id='word_1_416' title='bbox 1679 531 1805 567; x_wconf 81' lang='lat' dir='ltr'>gerunt</span> <span class='ocrx_word' id='word_1_417' title='bbox 1821 525 1932 564; x_wconf 90' lang='lat' dir='ltr'>bella,</span> <span class='ocrx_word' id='word_1_418' title='bbox 1960 526 2020 558; x_wconf 91' lang='lat' dir='ltr'>sed</span> <span class='ocrx_word' id='word_1_419' title='bbox 2045 525 2078 556; x_wconf 94' lang='lat' dir='ltr'>in</span> <span class='ocrx_word' id='word_1_420' title='bbox 2096 524 2261 569; x_wconf 87' lang='lat' dir='ltr'>Scipione</span> 
     </span>
     <span class='ocr_line' id='line_1_61' title="bbox 1272 573 2262 618; baseline 0.003 -12"><span class='ocrx_word' id='word_1_421' title='bbox 1272 581 1322 607; x_wconf 82' lang='lat' dir='ltr'>cst</span> <span class='ocrx_word' id='word_1_422' title='bbox 1341 575 1490 618; x_wconf 79' lang='lat' dir='ltr'>impetus</span> <span class='ocrx_word' id='word_1_423' title='bbox 1506 573 1688 615; x_wconf 89' lang='lat' dir='ltr'>heroicus,</span> <span class='ocrx_word' id='word_1_424' title='bbox 1717 576 1910 609; x_wconf 89' lang='lat' dir='ltr'>accendens</span> <span class='ocrx_word' id='word_1_425' title='bbox 1930 575 2196 615; x_wconf 82' lang='lat' dir='ltr'>fortitudinem,</span> <span class='ocrx_word' id='word_1_426' title='bbox 2225 575 2262 609; x_wconf 82' lang='lat' dir='ltr'>in</span> 
     </span>
     <span class='ocr_line' id='line_1_62' title="bbox 1273 624 2262 670; baseline 0.002 -13"><span class='ocrx_word' id='word_1_427' title='bbox 1273 626 1399 658; x_wconf 86' lang='lat' dir='ltr'>Catulo</span> <span class='ocrx_word' id='word_1_428' title='bbox 1426 638 1499 658; x_wconf 88' lang='lat' dir='ltr'>non</span> <span class='ocrx_word' id='word_1_429' title='bbox 1527 633 1578 660; x_wconf 84' lang='lat' dir='ltr'>est</span> <span class='ocrx_word' id='word_1_430' title='bbox 1600 624 1763 660; x_wconf 90' lang='lat' dir='ltr'>heroicus</span> <span class='ocrx_word' id='word_1_431' title='bbox 1791 628 1954 670; x_wconf 85' lang='lat' dir='ltr'>impetus.</span> <span class='ocrx_word' id='word_1_432' title='bbox 2009 627 2047 660; x_wconf 93' lang='lat' dir='ltr'>ln</span> <span class='ocrx_word' id='word_1_433' title='bbox 2064 627 2201 660; x_wconf 74' lang='lat' dir='ltr'>Davide</span> <span class='ocrx_word' id='word_1_434' title='bbox 2228 633 2262 660; x_wconf 87' lang='lat' dir='ltr'>et</span> 
     </span>
     <span class='ocr_line' id='line_1_63' title="bbox 1272 675 2263 722; baseline 0.001 -13"><span class='ocrx_word' id='word_1_435' title='bbox 1272 677 1475 710; x_wconf 76' lang='lat' dir='ltr'>Alexandro</span> <span class='ocrx_word' id='word_1_436' title='bbox 1494 684 1575 711; x_wconf 88' lang='lat' dir='ltr'>sunt</span> <span class='ocrx_word' id='word_1_437' title='bbox 1591 678 1742 722; x_wconf 79' lang='lat' dir='ltr'>impetus</span> <span class='ocrx_word' id='word_1_438' title='bbox 1760 675 1893 710; x_wconf 82' lang='lat' dir='ltr'>heroici</span> <span class='ocrx_word' id='word_1_439' title='bbox 1911 677 2059 718; x_wconf 80' lang='lat' dir='ltr'>similes,</span> <span class='ocrx_word' id='word_1_440' title='bbox 2093 684 2127 711; x_wconf 88' lang='lat' dir='ltr'>et</span> <span class='ocrx_word' id='word_1_441' title='bbox 2143 685 2263 712; x_wconf 90' lang='lat' dir='ltr'>tamen</span> 
     </span>
     <span class='ocr_line' id='line_1_64' title="bbox 1273 728 2262 763; baseline 0.003 -3"><span class='ocrx_word' id='word_1_442' title='bbox 1273 728 1385 761; x_wconf 88' lang='lat' dir='ltr'>causis</span> <span class='ocrx_word' id='word_1_443' title='bbox 1408 729 1484 763; x_wconf 75' lang='lat' dir='ltr'>aliIs</span> <span class='ocrx_word' id='word_1_444' title='bbox 1509 729 1678 762; x_wconf 62' lang='lat' dir='ltr'>dill&#39;erunt</span> <span class='ocrx_word' id='word_1_445' title='bbox 1703 729 1869 763; x_wconf 88' lang='lat' dir='ltr'>actiones.</span> <span class='ocrx_word' id='word_1_446' title='bbox 1929 729 2132 762; x_wconf 78' lang='lat' dir='ltr'>Alexandro</span> <span class='ocrx_word' id='word_1_447' title='bbox 2158 741 2262 763; x_wconf 86' lang='lat' dir='ltr'>causa</span> 
     </span>
     <span class='ocr_line' id='line_1_65' title="bbox 1274 779 2265 824; baseline 0.002 -13"><span class='ocrx_word' id='word_1_448' title='bbox 1274 779 1481 823; x_wconf 74' lang='lat' dir='ltr'>impulsiva,</span> <span class='ocrx_word' id='word_1_449' title='bbox 1516 787 1566 813; x_wconf 88' lang='lat' dir='ltr'>est</span> <span class='ocrx_word' id='word_1_450' title='bbox 1591 781 1713 824; x_wconf 81' lang='lat' dir='ltr'>ingens</span> <span class='ocrx_word' id='word_1_451' title='bbox 1740 781 1913 824; x_wconf 79' lang='lat' dir='ltr'>cupiditas</span> <span class='ocrx_word' id='word_1_452' title='bbox 1938 781 2071 823; x_wconf 79' lang='lat' dir='ltr'>gloriae</span> <span class='ocrx_word' id='word_1_453' title='bbox 2093 792 2196 820; x_wconf 85' lang='lat' dir='ltr'>suae,</span> <span class='ocrx_word' id='word_1_454' title='bbox 2231 786 2265 813; x_wconf 88' lang='lat' dir='ltr'>et</span> 
     </span>
     <span class='ocr_line' id='line_1_66' title="bbox 1274 831 2264 876; baseline 0 -12"><span class='ocrx_word' id='word_1_455' title='bbox 1274 831 1399 864; x_wconf 85' lang='lat' dir='ltr'>fiducia</span> <span class='ocrx_word' id='word_1_456' title='bbox 1418 831 1472 865; x_wconf 89' lang='lat' dir='ltr'>sui</span> <span class='ocrx_word' id='word_1_457' title='bbox 1492 832 1684 871; x_wconf 80' lang='lat' dir='ltr'>exercitus,</span> <span class='ocrx_word' id='word_1_458' title='bbox 1712 833 1771 866; x_wconf 79' lang='lat' dir='ltr'>sed</span> <span class='ocrx_word' id='word_1_459' title='bbox 1790 831 1919 864; x_wconf 72' lang='lat' dir='ltr'>Davidi</span> <span class='ocrx_word' id='word_1_460' title='bbox 1944 844 2046 865; x_wconf 88' lang='lat' dir='ltr'>causa</span> <span class='ocrx_word' id='word_1_461' title='bbox 2074 831 2264 876; x_wconf 81' lang='lat' dir='ltr'>impulsiva</span> 
     </span>
     <span class='ocr_line' id='line_1_67' title="bbox 1276 882 2266 927; baseline 0 -12"><span class='ocrx_word' id='word_1_462' title='bbox 1276 888 1326 915; x_wconf 88' lang='lat' dir='ltr'>est</span> <span class='ocrx_word' id='word_1_463' title='bbox 1357 883 1512 915; x_wconf 86' lang='lat' dir='ltr'>studium</span> <span class='ocrx_word' id='word_1_464' title='bbox 1544 883 1733 916; x_wconf 85' lang='lat' dir='ltr'>obediendi</span> <span class='ocrx_word' id='word_1_465' title='bbox 1759 883 1857 924; x_wconf 81' lang='lat' dir='ltr'>Deo,</span> <span class='ocrx_word' id='word_1_466' title='bbox 1891 889 1925 915; x_wconf 85' lang='lat' dir='ltr'>ct</span> <span class='ocrx_word' id='word_1_467' title='bbox 1951 882 2124 927; x_wconf 87' lang='lat' dir='ltr'>cupiditas</span> <span class='ocrx_word' id='word_1_468' title='bbox 2147 883 2266 916; x_wconf 87' lang='lat' dir='ltr'>desen-</span> 
     </span>
     <span class='ocr_line' id='line_1_68' title="bbox 1275 933 2266 977; baseline 0.001 -10"><span class='ocrx_word' id='word_1_469' title='bbox 1275 934 1411 967; x_wconf 88' lang='lat' dir='ltr'>dendae</span> <span class='ocrx_word' id='word_1_470' title='bbox 1433 934 1635 977; x_wconf 78' lang='lat' dir='ltr'>religionis,</span> <span class='ocrx_word' id='word_1_471' title='bbox 1662 947 1701 967; x_wconf 91' lang='lat' dir='ltr'>ac</span> <span class='ocrx_word' id='word_1_472' title='bbox 1716 935 1842 967; x_wconf 85' lang='lat' dir='ltr'>fiducia</span> <span class='ocrx_word' id='word_1_473' title='bbox 1860 934 1971 966; x_wconf 76' lang='lat' dir='ltr'>divini</span> <span class='ocrx_word' id='word_1_474' title='bbox 1992 934 2125 968; x_wconf 77' lang='lat' dir='ltr'>auxilii.</span> <span class='ocrx_word' id='word_1_475' title='bbox 2166 933 2266 968; x_wconf 81' lang='lat' dir='ltr'>Finis</span> 
     </span>
     <span class='ocr_line' id='line_1_69' title="bbox 1274 984 2266 1030; baseline 0.001 -12"><span class='ocrx_word' id='word_1_476' title='bbox 1274 984 1477 1018; x_wconf 79' lang='lat' dir='ltr'>Alexandro</span> <span class='ocrx_word' id='word_1_477' title='bbox 1495 992 1564 1025; x_wconf 84' lang='lat' dir='ltr'>est,</span> <span class='ocrx_word' id='word_1_478' title='bbox 1591 992 1630 1019; x_wconf 91' lang='lat' dir='ltr'>ut</span> <span class='ocrx_word' id='word_1_479' title='bbox 1654 993 1756 1030; x_wconf 85' lang='lat' dir='ltr'>parta</span> <span class='ocrx_word' id='word_1_480' title='bbox 1779 985 1947 1025; x_wconf 57' lang='lat' dir='ltr'>victoria,</span> <span class='ocrx_word' id='word_1_481' title='bbox 1982 986 2162 1019; x_wconf 87' lang='lat' dir='ltr'>sanciatur</span> <span class='ocrx_word' id='word_1_482' title='bbox 2183 997 2266 1029; x_wconf 85' lang='lat' dir='ltr'>gen·</span> 
     </span>
     <span class='ocr_line' id='line_1_70' title="bbox 1276 1036 2266 1080; baseline 0 -11"><span class='ocrx_word' id='word_1_483' title='bbox 1276 1036 1365 1069; x_wconf 88' lang='lat' dir='ltr'>tium</span> <span class='ocrx_word' id='word_1_484' title='bbox 1386 1037 1592 1080; x_wconf 88' lang='lat' dir='ltr'>disciplina,</span> <span class='ocrx_word' id='word_1_485' title='bbox 1618 1037 1879 1070; x_wconf 86' lang='lat' dir='ltr'>constituantur</span> <span class='ocrx_word' id='word_1_486' title='bbox 1896 1036 2022 1069; x_wconf 88' lang='lat' dir='ltr'>iudicia</span> <span class='ocrx_word' id='word_1_487' title='bbox 2035 1063 2043 1076; x_wconf 94' lang='lat'>,</span> <span class='ocrx_word' id='word_1_488' title='bbox 2078 1042 2112 1069; x_wconf 89' lang='lat' dir='ltr'>et</span> <span class='ocrx_word' id='word_1_489' title='bbox 2128 1036 2164 1069; x_wconf 91' lang='lat' dir='ltr'>in</span> <span class='ocrx_word' id='word_1_490' title='bbox 2182 1048 2266 1080; x_wconf 89' lang='lat' dir='ltr'>pace</span> 
     </span>
     <span class='ocr_line' id='line_1_71' title="bbox 1276 1085 2267 1131; baseline 0.001 -12"><span class='ocrx_word' id='word_1_491' title='bbox 1276 1087 1426 1120; x_wconf 90' lang='lat' dir='ltr'>ssoreant</span> <span class='ocrx_word' id='word_1_492' title='bbox 1442 1086 1611 1121; x_wconf 80' lang='lat' dir='ltr'>honestae</span> <span class='ocrx_word' id='word_1_493' title='bbox 1629 1094 1720 1121; x_wconf 87' lang='lat' dir='ltr'>artes</span> <span class='ocrx_word' id='word_1_494' title='bbox 1732 1114 1741 1127; x_wconf 94' lang='lat'>,</span> <span class='ocrx_word' id='word_1_495' title='bbox 1765 1094 1798 1120; x_wconf 91' lang='lat' dir='ltr'>et</span> <span class='ocrx_word' id='word_1_496' title='bbox 1814 1088 1885 1131; x_wconf 91' lang='lat' dir='ltr'>ipse</span> <span class='ocrx_word' id='word_1_497' title='bbox 1903 1085 1969 1120; x_wconf 87' lang='lat' dir='ltr'>hac</span> <span class='ocrx_word' id='word_1_498' title='bbox 1987 1087 2098 1131; x_wconf 83' lang='lat' dir='ltr'>gloria</span> <span class='ocrx_word' id='word_1_499' title='bbox 2115 1087 2267 1121; x_wconf 82' lang='lat' dir='ltr'>fruatur.</span> 
     </span>
     <span class='ocr_line' id='line_1_72' title="bbox 1276 1138 2267 1183; baseline 0.001 -13"><span class='ocrx_word' id='word_1_500' title='bbox 1276 1138 1373 1171; x_wconf 87' lang='lat' dir='ltr'>Finis</span> <span class='ocrx_word' id='word_1_501' title='bbox 1398 1138 1529 1170; x_wconf 63' lang='lat' dir='ltr'>Daxidi</span> <span class='ocrx_word' id='word_1_502' title='bbox 1557 1145 1626 1178; x_wconf 91' lang='lat' dir='ltr'>est,</span> <span class='ocrx_word' id='word_1_503' title='bbox 1670 1145 1709 1172; x_wconf 88' lang='lat' dir='ltr'>ut</span> <span class='ocrx_word' id='word_1_504' title='bbox 1732 1145 1834 1183; x_wconf 87' lang='lat' dir='ltr'>parta</span> <span class='ocrx_word' id='word_1_505' title='bbox 1860 1138 2009 1171; x_wconf 76' lang='lat' dir='ltr'>victoria</span> <span class='ocrx_word' id='word_1_506' title='bbox 2039 1144 2267 1171; x_wconf 79' lang='lat' dir='ltr'>conservetur</span> 
     </span>
     <span class='ocr_line' id='line_1_73' title="bbox 1276 1189 2267 1234; baseline 0.001 -13"><span class='ocrx_word' id='word_1_507' title='bbox 1276 1189 1430 1222; x_wconf 84' lang='lat' dir='ltr'>Ecclesia</span> <span class='ocrx_word' id='word_1_508' title='bbox 1456 1189 1541 1229; x_wconf 88' lang='lat' dir='ltr'>Dei,</span> <span class='ocrx_word' id='word_1_509' title='bbox 1582 1196 1616 1222; x_wconf 92' lang='lat' dir='ltr'>et</span> <span class='ocrx_word' id='word_1_510' title='bbox 1640 1190 1746 1223; x_wconf 89' lang='lat' dir='ltr'>latius</span> <span class='ocrx_word' id='word_1_511' title='bbox 1768 1195 1986 1234; x_wconf 88' lang='lat' dir='ltr'>propagetur</span> <span class='ocrx_word' id='word_1_512' title='bbox 2016 1189 2174 1223; x_wconf 89' lang='lat' dir='ltr'>coelestis</span> <span class='ocrx_word' id='word_1_513' title='bbox 2205 1190 2267 1222; x_wconf 88' lang='lat' dir='ltr'>do-</span> 
     </span>
     <span class='ocr_line' id='line_1_74' title="bbox 1279 1239 2268 1281; baseline 0.001 -9"><span class='ocrx_word' id='word_1_514' title='bbox 1279 1239 1413 1280; x_wconf 90' lang='lat' dir='ltr'>ctrina,</span> <span class='ocrx_word' id='word_1_515' title='bbox 1441 1247 1474 1274; x_wconf 90' lang='lat' dir='ltr'>et</span> <span class='ocrx_word' id='word_1_516' title='bbox 1484 1240 1579 1274; x_wconf 89' lang='lat' dir='ltr'>Deus</span> <span class='ocrx_word' id='word_1_517' title='bbox 1597 1240 1794 1273; x_wconf 89' lang='lat' dir='ltr'>innotescat</span> <span class='ocrx_word' id='word_1_518' title='bbox 1809 1253 1848 1273; x_wconf 87' lang='lat' dir='ltr'>ac</span> <span class='ocrx_word' id='word_1_519' title='bbox 1866 1241 2081 1281; x_wconf 87' lang='lat' dir='ltr'>celebretur,</span> <span class='ocrx_word' id='word_1_520' title='bbox 2107 1247 2141 1273; x_wconf 89' lang='lat' dir='ltr'>et</span> <span class='ocrx_word' id='word_1_521' title='bbox 2157 1240 2268 1274; x_wconf 88' lang='lat' dir='ltr'>discat</span> 
     </span>
     <span class='ocr_line' id='line_1_75' title="bbox 1278 1291 2268 1337; baseline 0.001 -14"><span class='ocrx_word' id='word_1_522' title='bbox 1278 1291 1430 1335; x_wconf 87' lang='lat' dir='ltr'>populus</span> <span class='ocrx_word' id='word_1_523' title='bbox 1443 1318 1451 1332; x_wconf 92' lang='lat'><strong>‚</strong></span> <span class='ocrx_word' id='word_1_524' title='bbox 1479 1304 1588 1337; x_wconf 86' lang='lat' dir='ltr'>quare</span> <span class='ocrx_word' id='word_1_525' title='bbox 1604 1291 1758 1325; x_wconf 75' lang='lat' dir='ltr'>Ecclesia</span> <span class='ocrx_word' id='word_1_526' title='bbox 1777 1292 1883 1325; x_wconf 84' lang='lat' dir='ltr'>tantis</span> <span class='ocrx_word' id='word_1_527' title='bbox 1908 1291 2087 1325; x_wconf 87' lang='lat' dir='ltr'>aerumnis</span> <span class='ocrx_word' id='word_1_528' title='bbox 2106 1303 2268 1325; x_wconf 82' lang='lat' dir='ltr'>exercea-</span> 
     </span>
     <span class='ocr_line' id='line_1_76' title="bbox 1279 1342 2267 1388; baseline 0.001 -13"><span class='ocrx_word' id='word_1_529' title='bbox 1279 1349 1356 1382; x_wconf 88' lang='lat' dir='ltr'>tur,</span> <span class='ocrx_word' id='word_1_530' title='bbox 1399 1349 1433 1375; x_wconf 89' lang='lat' dir='ltr'>et</span> <span class='ocrx_word' id='word_1_531' title='bbox 1454 1344 1558 1376; x_wconf 83' lang='lat' dir='ltr'>fidem</span> <span class='ocrx_word' id='word_1_532' title='bbox 1584 1343 1621 1375; x_wconf 91' lang='lat' dir='ltr'>in</span> <span class='ocrx_word' id='word_1_533' title='bbox 1644 1342 1809 1388; x_wconf 88' lang='lat' dir='ltr'>periculis</span> <span class='ocrx_word' id='word_1_534' title='bbox 1835 1343 2021 1383; x_wconf 79' lang='lat' dir='ltr'>exuscitet,</span> <span class='ocrx_word' id='word_1_535' title='bbox 2056 1354 2096 1376; x_wconf 87' lang='lat' dir='ltr'>ac</span> <span class='ocrx_word' id='word_1_536' title='bbox 2123 1342 2209 1376; x_wconf 89' lang='lat' dir='ltr'>sciat</span> <span class='ocrx_word' id='word_1_537' title='bbox 2232 1354 2267 1376; x_wconf 88' lang='lat' dir='ltr'>se</span> 
     </span>
     <span class='ocr_line' id='line_1_77' title="bbox 1279 1393 2268 1438; baseline 0 -12"><span class='ocrx_word' id='word_1_538' title='bbox 1279 1393 1394 1426; x_wconf 75' lang='lat' dir='ltr'>iuvari</span> <span class='ocrx_word' id='word_1_539' title='bbox 1415 1406 1435 1427; x_wconf 87' lang='lat' dir='ltr'>a</span> <span class='ocrx_word' id='word_1_540' title='bbox 1457 1394 1546 1427; x_wconf 92' lang='lat' dir='ltr'>Deo.</span> <span class='ocrx_word' id='word_1_541' title='bbox 1606 1393 1756 1427; x_wconf 88' lang='lat' dir='ltr'>Faciunt</span> <span class='ocrx_word' id='word_1_542' title='bbox 1779 1394 1888 1438; x_wconf 75' lang='lat' dir='ltr'>igitur</span> <span class='ocrx_word' id='word_1_543' title='bbox 1914 1406 2038 1427; x_wconf 87' lang='lat' dir='ltr'>causae</span> <span class='ocrx_word' id='word_1_544' title='bbox 2063 1393 2268 1427; x_wconf 88' lang='lat' dir='ltr'>discrimina</span> 
     </span>
     <span class='ocr_line' id='line_1_78' title="bbox 1279 1445 2269 1489; baseline 0.001 -12"><span class='ocrx_word' id='word_1_545' title='bbox 1279 1445 1460 1478; x_wconf 88' lang='lat' dir='ltr'>actionum</span> <span class='ocrx_word' id='word_1_546' title='bbox 1478 1445 1624 1478; x_wconf 71' lang='lat' dir='ltr'>Davidis</span> <span class='ocrx_word' id='word_1_547' title='bbox 1649 1452 1682 1479; x_wconf 90' lang='lat' dir='ltr'>et</span> <span class='ocrx_word' id='word_1_548' title='bbox 1698 1445 1909 1485; x_wconf 75' lang='lat' dir='ltr'>Alexandri,</span> <span class='ocrx_word' id='word_1_549' title='bbox 1937 1445 2107 1479; x_wconf 86' lang='lat' dir='ltr'>similium</span> <span class='ocrx_word' id='word_1_550' title='bbox 2133 1445 2169 1478; x_wconf 90' lang='lat' dir='ltr'>in</span> <span class='ocrx_word' id='word_1_551' title='bbox 2193 1457 2269 1489; x_wconf 88' lang='lat' dir='ltr'>spe-</span> 
     </span>
     <span class='ocr_line' id='line_1_79' title="bbox 1280 1496 2269 1540; baseline -0.001 -11"><span class='ocrx_word' id='word_1_552' title='bbox 1280 1496 1387 1536; x_wconf 87' lang='lat' dir='ltr'>ciem,</span> <span class='ocrx_word' id='word_1_553' title='bbox 1428 1509 1512 1529; x_wconf 90' lang='lat' dir='ltr'>nam</span> <span class='ocrx_word' id='word_1_554' title='bbox 1544 1497 1659 1530; x_wconf 85' lang='lat' dir='ltr'>omnis</span> <span class='ocrx_word' id='word_1_555' title='bbox 1685 1497 1776 1529; x_wconf 90' lang='lat' dir='ltr'>actio</span> <span class='ocrx_word' id='word_1_556' title='bbox 1800 1496 1989 1540; x_wconf 86' lang='lat' dir='ltr'>praecipue</span> <span class='ocrx_word' id='word_1_557' title='bbox 2015 1496 2222 1529; x_wconf 85' lang='lat' dir='ltr'>aestimatur</span> <span class='ocrx_word' id='word_1_558' title='bbox 2249 1508 2269 1528; x_wconf 86' lang='lat' dir='ltr'>a</span> 
     </span>
     <span class='ocr_line' id='line_1_80' title="bbox 1280 1547 2269 1581; baseline 0.001 -2"><span class='ocrx_word' id='word_1_559' title='bbox 1280 1547 1391 1581; x_wconf 89' lang='lat' dir='ltr'>causis</span> <span class='ocrx_word' id='word_1_560' title='bbox 1409 1548 1446 1580; x_wconf 92' lang='lat' dir='ltr'>in</span> <span class='ocrx_word' id='word_1_561' title='bbox 1462 1554 1577 1580; x_wconf 90' lang='lat' dir='ltr'>mente</span> <span class='ocrx_word' id='word_1_562' title='bbox 1597 1554 1630 1580; x_wconf 89' lang='lat' dir='ltr'>et</span> <span class='ocrx_word' id='word_1_563' title='bbox 1647 1548 1841 1581; x_wconf 71' lang='lat' dir='ltr'>voluntate.</span> <span class='ocrx_word' id='word_1_564' title='bbox 1895 1547 1992 1580; x_wconf 89' lang='lat' dir='ltr'>Haec</span> <span class='ocrx_word' id='word_1_565' title='bbox 2016 1547 2099 1581; x_wconf 77' lang='lat' dir='ltr'>satis</span> <span class='ocrx_word' id='word_1_566' title='bbox 2124 1547 2168 1581; x_wconf 88' lang='lat' dir='ltr'>sit</span> <span class='ocrx_word' id='word_1_567' title='bbox 2190 1547 2269 1580; x_wconf 86' lang='lat' dir='ltr'>bre-</span> 
     </span>
     <span class='ocr_line' id='line_1_81' title="bbox 1280 1597 2082 1644; baseline 0.001 -13"><span class='ocrx_word' id='word_1_568' title='bbox 1280 1599 1371 1631; x_wconf 70' lang='lat' dir='ltr'>viter</span> <span class='ocrx_word' id='word_1_569' title='bbox 1391 1599 1570 1632; x_wconf 87' lang='lat' dir='ltr'>monuisse</span> <span class='ocrx_word' id='word_1_570' title='bbox 1588 1600 1630 1632; x_wconf 90' lang='lat' dir='ltr'>de</span> <span class='ocrx_word' id='word_1_571' title='bbox 1646 1597 1711 1632; x_wconf 90' lang='lat' dir='ltr'>hac</span> <span class='ocrx_word' id='word_1_572' title='bbox 1728 1597 2082 1644; x_wconf 60' lang='lat' dir='ltr'>dissimilitudinem).</span> 
     </span>
    </p>
   </div>
   <div class='ocr_carea' id='block_1_12' title="bbox 1626 1723 1928 1778">
    <p class='ocr_par' dir='ltr' id='par_1_12' title="bbox 1626 1723 1928 1778">
     <span class='ocr_line' id='line_1_82' title="bbox 1626 1723 1928 1778; baseline 0 -12"><span class='ocrx_word' id='word_1_573' title='bbox 1626 1723 1762 1778; x_wconf 84' lang='lat' dir='ltr'>Caput</span> <span class='ocrx_word' id='word_1_574' title='bbox 1778 1723 1928 1777; x_wconf 77' lang='lat'>111.²¹).</span> 
     </span>
    </p>
   </div>
   <div class='ocr_carea' id='block_1_13' title="bbox 1282 1813 2271 2017">
    <p class='ocr_par' dir='ltr' id='par_1_13' title="bbox 1282 1813 2271 2017">
     <span class='ocr_line' id='line_1_83' title="bbox 1383 1813 2269 1862; baseline 0.001 -13"><span class='ocrx_word' id='word_1_575' title='bbox 1383 1815 1516 1849; x_wconf 82' lang='lat' dir='ltr'>Desinit</span> <span class='ocrx_word' id='word_1_576' title='bbox 1543 1814 1751 1849; x_wconf 84' lang='lat' dir='ltr'>Aristoteles</span> <span class='ocrx_word' id='word_1_577' title='bbox 1785 1813 2001 1862; x_wconf 75' lang='grc' dir='ltr'><strong><em>προαίρεσιν</em></strong></span> <span class='ocrx_word' id='word_1_578' title='bbox 2035 1827 2107 1849; x_wconf 86' lang='lat' dir='ltr'>esse</span> <span class='ocrx_word' id='word_1_579' title='bbox 2143 1822 2269 1861; x_wconf 87' lang='lat' dir='ltr'>sponte</span> 
     </span>
     <span class='ocr_line' id='line_1_84' title="bbox 1282 1864 2271 1912; baseline 0 -10"><span class='ocrx_word' id='word_1_580' title='bbox 1282 1869 1389 1909; x_wconf 77' lang='lat' dir='ltr'>velle,</span> <span class='ocrx_word' id='word_1_581' title='bbox 1435 1873 1496 1901; x_wconf 87' lang='lat' dir='ltr'>aut</span> <span class='ocrx_word' id='word_1_582' title='bbox 1528 1867 1623 1900; x_wconf 90' lang='lat' dir='ltr'>nolle</span> <span class='ocrx_word' id='word_1_583' title='bbox 1652 1864 1800 1899; x_wconf 87' lang='lat' dir='ltr'>honesta</span> <span class='ocrx_word' id='word_1_584' title='bbox 1830 1867 1885 1899; x_wconf 67' lang='lat' dir='ltr'>vel</span> <span class='ocrx_word' id='word_1_585' title='bbox 1913 1864 2100 1900; x_wconf 88' lang='lat' dir='ltr'>inhonesta</span> <span class='ocrx_word' id='word_1_586' title='bbox 2128 1880 2271 1912; x_wconf 86' lang='lat' dir='ltr'>praece-</span> 
     </span>
     <span class='ocr_line' id='line_1_85' title="bbox 1282 1917 2271 1962; baseline 0 -9"><span class='ocrx_word' id='word_1_587' title='bbox 1282 1922 1386 1953; x_wconf 91' lang='lat' dir='ltr'>dente</span> <span class='ocrx_word' id='word_1_588' title='bbox 1412 1918 1685 1958; x_wconf 84' lang='lat' dir='ltr'>deliberatione,</span> <span class='ocrx_word' id='word_1_589' title='bbox 1720 1924 1778 1958; x_wconf 92' lang='lat' dir='ltr'>ut,</span> <span class='ocrx_word' id='word_1_590' title='bbox 1813 1917 1930 1962; x_wconf 90' lang='lat' dir='ltr'>Scipio</span> <span class='ocrx_word' id='word_1_591' title='bbox 1956 1919 2188 1962; x_wconf 90' lang='lat' dir='ltr'>praecedente</span> <span class='ocrx_word' id='word_1_592' title='bbox 2212 1920 2271 1953; x_wconf 91' lang='lat' dir='ltr'>de-</span> 
     </span>
     <span class='ocr_line' id='line_1_86' title="bbox 1282 1969 2271 2017; baseline 0 -13"><span class='ocrx_word' id='word_1_593' title='bbox 1282 1971 1493 2005; x_wconf 86' lang='lat' dir='ltr'>liberatione</span> <span class='ocrx_word' id='word_1_594' title='bbox 1505 1997 1514 2011; x_wconf 84' lang='lat'>,</span> <span class='ocrx_word' id='word_1_595' title='bbox 1542 1970 1695 2003; x_wconf 86' lang='lat' dir='ltr'>abstinet</span> <span class='ocrx_word' id='word_1_596' title='bbox 1711 1970 1754 2002; x_wconf 88' lang='lat' dir='ltr'>ab</span> <span class='ocrx_word' id='word_1_597' title='bbox 1771 1969 1884 2002; x_wconf 85' lang='lat' dir='ltr'>aliena</span> <span class='ocrx_word' id='word_1_598' title='bbox 1901 1981 2030 2014; x_wconf 84' lang='lat' dir='ltr'>sponsa</span> <span class='ocrx_word' id='word_1_599' title='bbox 2042 1970 2100 2017; x_wconf 73' lang='lat'>²²).</span> <span class='ocrx_word' id='word_1_600' title='bbox 2143 1970 2271 2006; x_wconf 83' lang='lat' dir='ltr'>Nasica</span> 
     </span>
    </p>
   </div>
   <div class='ocr_carea' id='block_1_14' title="bbox 1321 2111 2272 2280">
    <p class='ocr_par' dir='ltr' id='par_1_14' title="bbox 1321 2111 2272 2280">
     <span class='ocr_line' id='line_1_87' title="bbox 1321 2111 2272 2143; baseline -0.003 -4"><span class='ocrx_word' id='word_1_601' title='bbox 1321 2115 1365 2143; x_wconf 78' lang='grc'>18)</span> <span class='ocrx_word' id='word_1_602' title='bbox 1385 2115 1419 2138; x_wconf 78' lang='grc' dir='ltr'>Μ.</span> <span class='ocrx_word' id='word_1_603' title='bbox 1440 2112 1573 2137; x_wconf 80' lang='lat' dir='ltr'>Minucius</span> <span class='ocrx_word' id='word_1_604' title='bbox 1594 2112 1681 2135; x_wconf 84' lang='lat' dir='ltr'>Rufus</span> <span class='ocrx_word' id='word_1_605' title='bbox 1701 2111 1834 2139; x_wconf 68' lang='lat' dir='ltr'>magister</span> <span class='ocrx_word' id='word_1_606' title='bbox 1854 2111 1990 2143; x_wconf 78' lang='lat' dir='ltr'>equitum,</span> <span class='ocrx_word' id='word_1_607' title='bbox 2013 2112 2089 2135; x_wconf 77' lang='lat' dir='ltr'>ferox</span> <span class='ocrx_word' id='word_1_608' title='bbox 2108 2113 2135 2135; x_wconf 81' lang='lat' dir='ltr'>et</span> <span class='ocrx_word' id='word_1_609' title='bbox 2153 2114 2272 2137; x_wconf 80' lang='lat' dir='ltr'>temera-</span> 
     </span>
     <span class='ocr_line' id='line_1_88' title="bbox 1352 2146 2271 2175; baseline -0.001 -3"><span class='ocrx_word' id='word_1_610' title='bbox 1352 2150 1426 2175; x_wconf 78' lang='lat' dir='ltr'>rius,</span> <span class='ocrx_word' id='word_1_611' title='bbox 1456 2147 1624 2171; x_wconf 80' lang='lat' dir='ltr'>criminando</span> <span class='ocrx_word' id='word_1_612' title='bbox 1652 2149 1682 2175; x_wconf 75' lang='lat' dir='ltr'>Q.</span> <span class='ocrx_word' id='word_1_613' title='bbox 1703 2146 1814 2169; x_wconf 77' lang='lat' dir='ltr'>Fabium</span> <span class='ocrx_word' id='word_1_614' title='bbox 1833 2147 1978 2170; x_wconf 82' lang='lat' dir='ltr'>Maximum</span> <span class='ocrx_word' id='word_1_615' title='bbox 2003 2147 2177 2175; x_wconf 83' lang='lat' dir='ltr'>dictatorem,</span> <span class='ocrx_word' id='word_1_616' title='bbox 2208 2150 2271 2171; x_wconf 79' lang='lat' dir='ltr'>tan·—</span> 
     </span>
     <span class='ocr_line' id='line_1_89' title="bbox 1354 2177 2271 2213; baseline -0.002 -7"><span class='ocrx_word' id='word_1_617' title='bbox 1354 2177 1432 2213; x_wconf 87' lang='lat' dir='ltr'>quam</span> <span class='ocrx_word' id='word_1_618' title='bbox 1452 2189 1562 2212; x_wconf 71' lang='lat' dir='ltr'>segnem</span> <span class='ocrx_word' id='word_1_619' title='bbox 1583 2183 1608 2203; x_wconf 79' lang='lat' dir='ltr'>et</span> <span class='ocrx_word' id='word_1_620' title='bbox 1628 2180 1764 2207; x_wconf 72' lang='lat' dir='ltr'>timidum,</span> <span class='ocrx_word' id='word_1_621' title='bbox 1785 2180 1888 2210; x_wconf 74' lang='lat' dir='ltr'>effecit,</span> <span class='ocrx_word' id='word_1_622' title='bbox 1921 2184 1949 2204; x_wconf 85' lang='lat' dir='ltr'>ut</span> <span class='ocrx_word' id='word_1_623' title='bbox 1974 2181 2064 2210; x_wconf 83' lang='lat' dir='ltr'>populi</span> <span class='ocrx_word' id='word_1_624' title='bbox 2084 2181 2157 2203; x_wconf 73' lang='lat' dir='ltr'>iussu</span> <span class='ocrx_word' id='word_1_625' title='bbox 2177 2181 2201 2204; x_wconf 89' lang='lat' dir='ltr'>ei</span> <span class='ocrx_word' id='word_1_626' title='bbox 2221 2182 2271 2206; x_wconf 86' lang='lat' dir='ltr'>im-</span> 
     </span>
     <span class='ocr_line' id='line_1_90' title="bbox 1354 2215 2271 2248; baseline 0 -8"><span class='ocrx_word' id='word_1_627' title='bbox 1354 2218 1456 2248; x_wconf 84' lang='lat' dir='ltr'>perium</span> <span class='ocrx_word' id='word_1_628' title='bbox 1477 2223 1534 2240; x_wconf 82' lang='lat' dir='ltr'>cnm</span> <span class='ocrx_word' id='word_1_629' title='bbox 1556 2216 1688 2238; x_wconf 77' lang='lat' dir='ltr'>dictatore</span> <span class='ocrx_word' id='word_1_630' title='bbox 1707 2217 1872 2245; x_wconf 81' lang='lat' dir='ltr'>aequaretur</span> <span class='ocrx_word' id='word_1_631' title='bbox 1892 2216 2079 2244; x_wconf 74' lang='lat' dir='ltr'>exercitusque</span> <span class='ocrx_word' id='word_1_632' title='bbox 2094 2215 2271 2247; x_wconf 78' lang='lat' dir='ltr'>divideretur,</span> 
     </span>
     <span class='ocr_line' id='line_1_91' title="bbox 1354 2249 2007 2280; baseline -0.006 -4"><span class='ocrx_word' id='word_1_633' title='bbox 1354 2259 1378 2276; x_wconf 84' lang='lat' dir='ltr'>a.</span> <span class='ocrx_word' id='word_1_634' title='bbox 1397 2252 1456 2276; x_wconf 81' lang='grc'>217.</span> <span class='ocrx_word' id='word_1_635' title='bbox 1477 2257 1501 2274; x_wconf 84' lang='lat' dir='ltr'>a.</span> <span class='ocrx_word' id='word_1_636' title='bbox 1521 2251 1601 2280; x_wconf 60' lang='lat' dir='ltr'>clun,</span> <span class='ocrx_word' id='word_1_637' title='bbox 1624 2249 1678 2273; x_wconf 76' lang='lat' dir='ltr'>vid.</span> <span class='ocrx_word' id='word_1_638' title='bbox 1697 2250 1756 2274; x_wconf 79' lang='lat' dir='ltr'>Liv.</span> <span class='ocrx_word' id='word_1_639' title='bbox 1776 2249 1864 2279; x_wconf 72' lang='lat' dir='ltr'>xxm,</span> <span class='ocrx_word' id='word_1_640' title='bbox 1883 2250 2007 2273; x_wconf 72' lang='lat'>24—26.</span> 
     </span>
    </p>
   </div>
   <div class='ocr_carea' id='block_1_15' title="bbox 1322 2301 2272 2437">
    <p class='ocr_par' dir='ltr' id='par_1_15' title="bbox 1322 2301 2272 2437">
     <span class='ocr_line' id='line_1_92' title="bbox 1322 2301 2271 2334; baseline -0.003 -5"><span class='ocrx_word' id='word_1_641' title='bbox 1322 2305 1366 2332; x_wconf 83' lang='lat'>19)</span> <span class='ocrx_word' id='word_1_642' title='bbox 1387 2306 1418 2334; x_wconf 83' lang='lat' dir='ltr'>Q.</span> <span class='ocrx_word' id='word_1_643' title='bbox 1438 2303 1564 2327; x_wconf 82' lang='lat' dir='ltr'>Lutatius</span> <span class='ocrx_word' id='word_1_644' title='bbox 1583 2302 1712 2326; x_wconf 83' lang='lat' dir='ltr'>Catulus.</span> <span class='ocrx_word' id='word_1_645' title='bbox 1745 2303 1776 2331; x_wconf 81' lang='lat' dir='ltr'>Q.</span> <span class='ocrx_word' id='word_1_646' title='bbox 1796 2302 1897 2324; x_wconf 82' lang='lat' dir='ltr'>Lutatii</span> <span class='ocrx_word' id='word_1_647' title='bbox 1916 2301 2006 2325; x_wconf 84' lang='lat' dir='ltr'>Catuli</span> <span class='ocrx_word' id='word_1_648' title='bbox 2025 2301 2112 2328; x_wconf 71' lang='lat' dir='ltr'>sutus.</span> <span class='ocrx_word' id='word_1_649' title='bbox 2139 2302 2271 2332; x_wconf 87' lang='lat' dir='ltr'>Capitoli-</span> 
     </span>
     <span class='ocr_line' id='line_1_93' title="bbox 1355 2336 2272 2365; baseline 0 -4"><span class='ocrx_word' id='word_1_650' title='bbox 1355 2346 1406 2362; x_wconf 82' lang='lat' dir='ltr'>nus</span> <span class='ocrx_word' id='word_1_651' title='bbox 1426 2337 1649 2365; x_wconf 58' lang='lat' dir='ltr'>cognominatus.</span> <span class='ocrx_word' id='word_1_652' title='bbox 1683 2343 1741 2359; x_wconf 86' lang='lat' dir='ltr'>cum</span> <span class='ocrx_word' id='word_1_653' title='bbox 1761 2336 1885 2365; x_wconf 86' lang='lat' dir='ltr'>Pompeio</span> <span class='ocrx_word' id='word_1_654' title='bbox 1911 2338 2007 2358; x_wconf 86' lang='lat' dir='ltr'>contra</span> <span class='ocrx_word' id='word_1_655' title='bbox 2027 2336 2156 2364; x_wconf 79' lang='lat' dir='ltr'>Lepidum</span> <span class='ocrx_word' id='word_1_656' title='bbox 2176 2337 2272 2362; x_wconf 77' lang='lat' dir='ltr'>bellum</span> 
     </span>
     <span class='ocr_line' id='line_1_94' title="bbox 1356 2370 2271 2402; baseline -0.001 -6"><span class='ocrx_word' id='word_1_657' title='bbox 1356 2374 1436 2396; x_wconf 84' lang='lat' dir='ltr'>civite</span> <span class='ocrx_word' id='word_1_658' title='bbox 1456 2372 1544 2402; x_wconf 64' lang='lat' dir='ltr'>gessit</span> <span class='ocrx_word' id='word_1_659' title='bbox 1569 2376 1592 2394; x_wconf 87' lang='lat' dir='ltr'>a.</span> <span class='ocrx_word' id='word_1_660' title='bbox 1612 2371 1646 2394; x_wconf 59' lang='lat'>7&amp;</span> <span class='ocrx_word' id='word_1_661' title='bbox 1666 2372 1691 2394; x_wconf 87' lang='lat' dir='ltr'>et</span> <span class='ocrx_word' id='word_1_662' title='bbox 1711 2370 1743 2394; x_wconf 88' lang='grc'>77</span> <span class='ocrx_word' id='word_1_663' title='bbox 1762 2376 1786 2395; x_wconf 88' lang='lat' dir='ltr'>a.</span> <span class='ocrx_word' id='word_1_664' title='bbox 1807 2370 1887 2400; x_wconf 68' lang='lat' dir='ltr'>Chn,</span> <span class='ocrx_word' id='word_1_665' title='bbox 1918 2370 1989 2393; x_wconf 80' lang='lat' dir='ltr'>cons.</span> <span class='ocrx_word' id='word_1_666' title='bbox 2008 2370 2097 2400; x_wconf 66' lang='lat' dir='ltr'>Pauly</span> <span class='ocrx_word' id='word_1_667' title='bbox 2116 2371 2271 2395; x_wconf 73' lang='lat' dir='ltr'>neat-Eu-</span> 
     </span>
     <span class='ocr_line' id='line_1_95' title="bbox 1355 2405 1755 2437; baseline -0.008 -7"><span class='ocrx_word' id='word_1_668' title='bbox 1355 2408 1460 2437; x_wconf 62' lang='lat' dir='ltr'>cyclop.</span> <span class='ocrx_word' id='word_1_669' title='bbox 1481 2407 1508 2429; x_wconf 89' lang='lat' dir='ltr'>T.</span> <span class='ocrx_word' id='word_1_670' title='bbox 1523 2406 1569 2429; x_wconf 78' lang='lat' dir='ltr'>lv.</span> <span class='ocrx_word' id='word_1_671' title='bbox 1593 2412 1616 2434; x_wconf 85' lang='lat' dir='ltr'>p.</span> <span class='ocrx_word' id='word_1_672' title='bbox 1639 2405 1704 2428; x_wconf 61' lang='lat'>1243</span> <span class='ocrx_word' id='word_1_673' title='bbox 1716 2411 1755 2434; x_wconf 74' lang='lat' dir='ltr'>sq.</span> 
     </span>
    </p>
   </div>
   <div class='ocr_carea' id='block_1_16' title="bbox 1321 2454 2272 2584">
    <p class='ocr_par' dir='ltr' id='par_1_16' title="bbox 1321 2454 2272 2584">
     <span class='ocr_line' id='line_1_96' title="bbox 1321 2454 2271 2486; baseline -0.001 -4"><span class='ocrx_word' id='word_1_674' title='bbox 1321 2459 1368 2486; x_wconf 85' lang='lat'>20)</span> <span class='ocrx_word' id='word_1_675' title='bbox 1388 2459 1416 2481; x_wconf 90' lang='lat' dir='ltr'>ln</span> <span class='ocrx_word' id='word_1_676' title='bbox 1438 2458 1519 2481; x_wconf 73' lang='lat' dir='ltr'>Etlitt.</span> <span class='ocrx_word' id='word_1_677' title='bbox 1541 2456 1614 2480; x_wconf 79' lang='lat'>1532.</span> <span class='ocrx_word' id='word_1_678' title='bbox 1635 2458 1660 2479; x_wconf 86' lang='lat' dir='ltr'>et</span> <span class='ocrx_word' id='word_1_679' title='bbox 1682 2456 1754 2479; x_wconf 77' lang='lat'>15:35.</span> <span class='ocrx_word' id='word_1_680' title='bbox 1776 2454 1895 2484; x_wconf 77' lang='lat' dir='ltr'>capital.</span> <span class='ocrx_word' id='word_1_681' title='bbox 1910 2458 1934 2478; x_wconf 78' lang='lat' dir='ltr'>et</span> <span class='ocrx_word' id='word_1_682' title='bbox 1951 2454 1981 2477; x_wconf 84' lang='lat' dir='ltr'>ll.</span> <span class='ocrx_word' id='word_1_683' title='bbox 2001 2456 2153 2479; x_wconf 73' lang='lat' dir='ltr'>summatim</span> <span class='ocrx_word' id='word_1_684' title='bbox 2172 2457 2271 2481; x_wconf 77' lang='lat' dir='ltr'>multo-</span> 
     </span>
     <span class='ocr_line' id='line_1_97' title="bbox 1356 2489 2272 2522; baseline -0.001 -7"><span class='ocrx_word' id='word_1_685' title='bbox 1356 2500 1406 2522; x_wconf 86' lang='lat' dir='ltr'>que</span> <span class='ocrx_word' id='word_1_686' title='bbox 1427 2492 1533 2515; x_wconf 79' lang='lat' dir='ltr'>brevius</span> <span class='ocrx_word' id='word_1_687' title='bbox 1554 2491 1731 2520; x_wconf 83' lang='lat' dir='ltr'>explicantur.</span> <span class='ocrx_word' id='word_1_688' title='bbox 1767 2491 1806 2512; x_wconf 79' lang='lat' dir='ltr'>Ea</span> <span class='ocrx_word' id='word_1_689' title='bbox 1824 2489 2059 2518; x_wconf 80' lang='lat' dir='ltr'>interpretationis</span> <span class='ocrx_word' id='word_1_690' title='bbox 2074 2496 2155 2521; x_wconf 81' lang='lat' dir='ltr'>pars,</span> <span class='ocrx_word' id='word_1_691' title='bbox 2174 2497 2226 2520; x_wconf 82' lang='lat' dir='ltr'>qua</span> <span class='ocrx_word' id='word_1_692' title='bbox 2240 2492 2272 2515; x_wconf 76' lang='lat' dir='ltr'>de</span> 
     </span>
     <span class='ocr_line' id='line_1_98' title="bbox 1357 2524 2271 2556; baseline -0.001 -6"><span class='ocrx_word' id='word_1_693' title='bbox 1357 2526 1513 2553; x_wconf 62' lang='lat' dir='ltr'>ignorantia</span> <span class='ocrx_word' id='word_1_694' title='bbox 1537 2526 1644 2555; x_wconf 63' lang='lat' dir='ltr'>agitur,</span> <span class='ocrx_word' id='word_1_695' title='bbox 1676 2525 1805 2554; x_wconf 75' lang='lat' dir='ltr'>inscripta</span> <span class='ocrx_word' id='word_1_696' title='bbox 1832 2527 1888 2546; x_wconf 78' lang='lat' dir='ltr'>est:</span> <span class='ocrx_word' id='word_1_697' title='bbox 1923 2524 2034 2552; x_wconf 77' lang='lat' dir='ltr'>Quando</span> <span class='ocrx_word' id='word_1_698' title='bbox 2062 2526 2173 2549; x_wconf 81' lang='lat' dir='ltr'>excuset</span> <span class='ocrx_word' id='word_1_699' title='bbox 2192 2526 2271 2556; x_wconf 79' lang='lat' dir='ltr'>igno-</span> 
     </span>
     <span class='ocr_line' id='line_1_99' title="bbox 1357 2562 1455 2584; baseline 0 0"><span class='ocrx_word' id='word_1_700' title='bbox 1357 2562 1455 2584; x_wconf 82' lang='lat' dir='ltr'>rantia.</span> 
     </span>
    </p>
   </div>
   <div class='ocr_carea' id='block_1_17' title="bbox 1322 2609 2271 2712">
    <p class='ocr_par' dir='ltr' id='par_1_17' title="bbox 1322 2609 2271 2712">
     <span class='ocr_line' id='line_1_100' title="bbox 1322 2609 2271 2642; baseline -0.002 -7"><span class='ocrx_word' id='word_1_701' title='bbox 1322 2611 1369 2642; x_wconf 77' lang='lat'>21)</span> <span class='ocrx_word' id='word_1_702' title='bbox 1391 2613 1476 2635; x_wconf 73' lang='lat' dir='ltr'>Huius</span> <span class='ocrx_word' id='word_1_703' title='bbox 1490 2612 1585 2641; x_wconf 85' lang='lat' dir='ltr'>capitis</span> <span class='ocrx_word' id='word_1_704' title='bbox 1600 2611 1625 2634; x_wconf 90' lang='lat' dir='ltr'>in</span> <span class='ocrx_word' id='word_1_705' title='bbox 1642 2610 1723 2633; x_wconf 84' lang='lat' dir='ltr'>Editt.</span> <span class='ocrx_word' id='word_1_706' title='bbox 1743 2609 1814 2633; x_wconf 58' lang='lat'>15:³2.</span> <span class='ocrx_word' id='word_1_707' title='bbox 1832 2611 1857 2632; x_wconf 84' lang='lat' dir='ltr'>et</span> <span class='ocrx_word' id='word_1_708' title='bbox 1876 2609 1947 2632; x_wconf 79' lang='lat'>1535.</span> <span class='ocrx_word' id='word_1_709' title='bbox 1969 2609 2123 2639; x_wconf 78' lang='lat' dir='ltr'>explicatio,</span> <span class='ocrx_word' id='word_1_710' title='bbox 2143 2611 2175 2633; x_wconf 85' lang='lat' dir='ltr'>ab</span> <span class='ocrx_word' id='word_1_711' title='bbox 2191 2610 2271 2635; x_wconf 80' lang='lat' dir='ltr'>Editt.</span> 
     </span>
     <span class='ocr_line' id='line_1_101' title="bbox 1361 2644 2271 2675; baseline 0 -6"><span class='ocrx_word' id='word_1_712' title='bbox 1361 2647 1434 2669; x_wconf 74' lang='lat'>1545.</span> <span class='ocrx_word' id='word_1_713' title='bbox 1454 2649 1480 2669; x_wconf 84' lang='lat' dir='ltr'>et</span> <span class='ocrx_word' id='word_1_714' title='bbox 1501 2646 1576 2670; x_wconf 73' lang='lat'>1546.</span> <span class='ocrx_word' id='word_1_715' title='bbox 1599 2646 1725 2675; x_wconf 72' lang='lat' dir='ltr'>diversa,</span> <span class='ocrx_word' id='word_1_716' title='bbox 1747 2644 1877 2673; x_wconf 67' lang='lat' dir='ltr'>inscripta</span> <span class='ocrx_word' id='word_1_717' title='bbox 1897 2646 1952 2666; x_wconf 73' lang='lat' dir='ltr'>est:</span> <span class='ocrx_word' id='word_1_718' title='bbox 1979 2644 2097 2668; x_wconf 86' lang='lat' dir='ltr'>Tertium</span> <span class='ocrx_word' id='word_1_719' title='bbox 2119 2648 2205 2674; x_wconf 87' lang='lat' dir='ltr'>caput.</span> <span class='ocrx_word' id='word_1_720' title='bbox 2234 2646 2271 2669; x_wconf 87' lang='lat' dir='ltr'>De</span> 
     </span>
     <span class='ocr_line' id='line_1_102' title="bbox 1357 2681 1509 2712; baseline 0 -8"><span class='ocrx_word' id='word_1_721' title='bbox 1357 2681 1509 2712; x_wconf 66' lang='grc' dir='ltr'><strong><em>προαίρεσι.</em></strong></span> 
     </span>
    </p>
   </div>
   <div class='ocr_carea' id='block_1_18' title="bbox 1324 2730 1724 2763">
    <p class='ocr_par' dir='ltr' id='par_1_18' title="bbox 1324 2730 1724 2763">
     <span class='ocr_line' id='line_1_103' title="bbox 1324 2730 1724 2763; baseline -0.013 -6"><span class='ocrx_word' id='word_1_722' title='bbox 1324 2733 1372 2761; x_wconf 77' lang='lat'>22)</span> <span class='ocrx_word' id='word_1_723' title='bbox 1393 2733 1471 2757; x_wconf 76' lang='lat' dir='ltr'>Cous.</span> <span class='ocrx_word' id='word_1_724' title='bbox 1490 2739 1515 2763; x_wconf 84' lang='lat' dir='ltr'>p.</span> <span class='ocrx_word' id='word_1_725' title='bbox 1533 2731 1587 2756; x_wconf 81' lang='grc'>189.</span> <span class='ocrx_word' id='word_1_726' title='bbox 1607 2733 1669 2754; x_wconf 83' lang='lat' dir='ltr'>nota</span> <span class='ocrx_word' id='word_1_727' title='bbox 1685 2730 1724 2754; x_wconf 82' lang='grc'>66.</span> 
     </span>
    </p>
   </div>
  </div>
 </body>
</html>
