2347 3000
261 117 334 152 383

263 210 332 236 tem
358 201 547 245 redigenda
573 207 642 240 est,
670 197 954 232 constituendum
975 202 1044 235 est,
1071 201 1245 241 quantum

262 255 438 298 lignorum
460 265 523 297 pro
543 252 658 284 tritico
677 251 832 282 dandum
853 248 908 280 sit.

353 304 402 337 lta
423 311 556 336 wieres
575 314 690 335 rerum
709 298 1007 344 permutationem
1026 297 1248 335 exercebant,

260 363 300 389 ut
317 356 407 399 apud
423 355 616 387 Homerum
634 364 698 395 pro
721 365 731 382 x
744 351 801 382 ino
819 349 949 381 dantur
964 348 1083 381 boves.
1118 347 1246 381 Postea

261 414 297 439 ut
320 407 378 446 iis,
406 406 465 451 qni
491 418 544 438 res
570 404 704 435 adferre
731 413 803 433 non
827 405 989 444 possent,
1024 399 1120 432 aliud
1147 398 1248 444 quid-

262 459 343 491 dam
375 463 458 490 esset
494 453 738 499 aeqnixalens,
781 450 981 484 institutum
1007 456 1057 483 est
1081 450 1248 495 pretium,

263 522 323 542 seu
345 519 529 545 nummus,
571 503 664 537 liunc
682 503 728 548 5³¹)
758 508 861 534 vocat
883 513 1086 534 mensuram
1110 508 1249 534 contra-

264 566 395 592 ctuum.
449 556 544 588 Ilaec
567 555 649 589 satis
673 553 808 598 prolixe
830 551 887 586 liic
911 553 1094 592 dicuntur,
1128 552 1188 585 sed
1212 551 1248 584 in

261 621 398 644 sumina
431 607 581 641 sciamus
604 618 678 638 non
701 605 814 638 solnm
841 604 878 636 in
905 601 1151 649 philosophia,
1189 603 1249 636 sed

265 661 370 693 etiam
390 659 424 691 in
442 659 515 701 lege
533 657 599 690 Dei
620 655 685 689 lioc
705 656 817 696 tradi,
845 653 1007 688 homines
1035 656 1080 687 ad
1104 654 1250 687 societa-

263 718 332 744 tem
363 717 396 743 et
420 708 780 742 communicationeni
813 707 974 739 conditos
1002 712 1036 738 et
1067 705 1250 738 ordinatos

263 775 353 800 esse,
394 768 428 794 et
450 761 562 793 Deum
594 759 796 803 praecipere
831 757 1081 802 aequalitatem
1105 756 1142 788 in
1167 768 1250 789 con-

260 813 450 851 tractibus,
477 818 515 844 ut
533 823 637 854 supra
656 822 759 853 saepe
777 809 908 841 dictinn
925 814 993 847 est,
1027 807 1098 840 inio
1121 819 1250 852 aequa-

261 864 397 896 litatem
418 875 524 908 quani
553 861 654 894 nobis
680 859 869 905 praecipit,
903 859 1054 892 sciamus
1079 859 1249 891 indicium

263 927 335 948 csse
355 913 578 959 aequalitatis
597 913 632 944 in
649 918 765 944 mente
785 910 925 950 divina,
961 910 1003 943 de
1028 922 1098 955 qua
1122 910 1250 942 dicitur

261 967 312 1011 (1.
330 966 423 998 Tim.
439 967 474 1003 2,
493 963 561 1009 4.)·.
595 964 690 996 Deus
715 963 790 995 vult
814 974 936 995 omnes
955 958 1117 994 homines
1135 961 1250 994 salvos

261 1017 349 1050 fieri.
401 1015 484 1048 lieni
505 1016 627 1060 (From.
640 1016 676 1053 2,
696 1013 789 1058 11.):
816 1012 912 1046 Deus
928 1024 1001 1045 non
1020 1019 1070 1045 est
1087 1018 1250 1056 acceptor

261 1079 508 1112 personarum.
561 1066 746 1098 Postremo
766 1070 800 1097 et
815 1061 883 1096 hoc
903 1063 1164 1103 consideretur,
1195 1075 1250 1096 res

262 1132 327 1163 pro
345 1118 390 1163 ⁵³)
422 1117 655 1161 proportione
687 1117 733 1148 ad
767 1115 1017 1159 aequalitatem
1044 1114 1251 1157 redigendas

263 1182 356 1209 esse,
384 1175 440 1208 ut,
466 1167 577 1211 inagis
595 1173 645 1200 est
671 1178 759 1211 opus
782 1165 919 1204 tritico,
948 1177 1055 1209 quain
1072 1164 1192 1207 ligno,
1218 1170 1251 1196 et

261 1222 381 1254 minor
399 1226 449 1252 est
467 1219 565 1262 copia
585 1217 704 1256 tritici,
731 1217 810 1249 ideo
829 1216 935 1248 tritici
952 1222 1002 1248 est
1017 1215 1132 1247 maior
1149 1214 1251 1247 aesti-

261 1272 384 1305 matio.
438 1270 534 1302 Haec
550 1268 713 1312 analogia
731 1266 911 1299 invenitur
936 1266 1004 1306 ita,
1031 1278 1110 1299 cuin
1138 1265 1251 1299 consi-

261 1324 425 1361 deratur,
453 1332 542 1365 quae
566 1332 621 1353 res
646 1318 757 1363 magis
781 1317 976 1352 necessaria
997 1317 1060 1358 sit,
1097 1323 1132 1350 et
1154 1317 1252 1350 cuius

261 1374 305 1408 sit
320 1373 434 1406 maior
454 1371 568 1415 copia.

334 1457 392 1491 De
420 1454 726 1490 distinctione
754 1453 867 1487 iuris
895 1453 1119 1487 naturalis
1145 1460 1186 1487 et

625 1504 886 1551 positiviffl).

364 1576 508 1609 Dictum
533 1580 583 1607 est
606 1585 732 1618 supra,
773 1573 904 1606 multos
930 1584 1001 1606 esse
1031 1572 1132 1607 utiles
1155 1573 1251 1605 locos

263 1627 367 1662 huius
385 1626 501 1672 quinti
517 1625 618 1665 libri,
645 1626 738 1657 inter
761 1637 850 1669 quos
874 1630 907 1656 et
930 1621 1016 1656 haec
1042 1636 1123 1667 pars
1144 1624 1251 1656 collo-

264 1686 381 1719 cetur,
423 1690 513 1723 quae
536 1678 650 1709 sontes
671 1675 777 1715 iuris,
819 1681 853 1707 et
879 1674 1141 1707 distinctionem
1165 1674 1251 1707 iuris

263 1729 435 1764 naturalis
453 1735 486 1761 et
503 1727 646 1772 positivi
664 1725 834 1765 ostendit,
867 1732 901 1758 et
924 1737 964 1758 ex
988 1737 1069 1757 vera
1094 1723 1251 1770 philoso-

263 1779 348 1826 phia
367 1778 453 1813 haec
472 1778 658 1823 explicatio
677 1776 904 1822 sumaturffl),
931 1774 998 1809 hoc
1015 1783 1083 1816 est,
1111 1789 1151 1810 ex
1169 1789 1251 1809 con-

263 1831 477 1866 sideratione
499 1828 676 1863 humanae
697 1834 866 1867 naturae,
899 1839 958 1860 sen
983 1827 1112 1872 opificii
1138 1825 1252 1860 homi-

264 1883 331 1917 nis.
373 1882 535 1915 Primum
556 1880 649 1913 enim
669 1879 850 1913 sciendum
869 1884 938 1918 est,
964 1878 1080 1911 Deum
1096 1878 1252 1912 mirabili

264 1933 423 1968 bonitate
447 1932 614 1965 indidisse
637 1929 777 1964 homini
800 1929 933 1963 semina
960 1930 1111 1970 artium,
1150 1942 1252 1975 quas-

264 1987 347 2019 dam
366 1984 498 2028 primas
516 1983 680 2021 notitias,
703 1993 792 2027 quae
809 1987 891 2014 sunt
907 1981 1007 2025 quasi
1022 1981 1184 2014 rectrices
1200 1987 1252 2013 to-

265 2038 334 2070 tius
351 2036 455 2068 vitae.
508 2034 582 2066 Hae
601 2033 736 2078 primae
753 2032 900 2064 notitiae
925 2039 1098 2065 vocantur
1122 2032 1252 2076 princi-

264 2088 344 2132 pia,
372 2093 405 2119 et
430 2085 672 2118 conclusiones
696 2095 737 2116 ex
761 2083 828 2116 illis
852 2094 964 2127 prope
988 2083 1112 2116 ductae
1136 2095 1254 2117 neces-

266 2138 358 2173 saria
377 2135 641 2181 consequentia,
703 2134 863 2180 Suntque
885 2133 1061 2179 principia
1086 2135 1253 2179 duplicia,

266 2188 494 2235 speculabilia
514 2193 547 2220 et
564 2185 730 2230 practica.

300 2325 347 2352 58)
366 2323 448 2351 hunc]
468 2321 507 2345 sic
525 2319 608 2344 Editt.
626 2318 716 2350 1545„
736 2318 829 2349 1546.;
854 2317 1043 2349 Editt.1550.‚
1065 2318 1156 2350 1554„
1178 2319 1253 2344 1557.

336 2360 362 2381 et
384 2357 456 2380 1560.
478 2357 552 2379 hanc.

301 2409 348 2435 59)
369 2408 431 2437 pro]
459 2406 498 2429 sic
516 2405 599 2430 Editt.
621 2404 712 2435 1550.,
740 2403 832 2435 1554.,
859 2403 933 2427 1557.
953 2405 979 2427 et
1004 2405 1094 2434 1560.;
1127 2403 1153 2428 in
1171 2405 1253 2428 Editt.

338 2442 411 2466 1545.
433 2444 459 2464 et
481 2441 553 2464 1546.
575 2440 659 2462 deest.

302 2494 350 2520 60)
371 2493 398 2515 ln
419 2492 502 2515 Editt.
522 2491 613 2521 1532.‚
635 2491 725 2514 1535..
748 2489 837 2519 1539.,
860 2489 949 2515 1540..
977 2491 1050 2514 15⁴2.
1071 2492 1097 2514 et
1118 2491 1191 2514 1544.
1212 2491 1254 2514 in-

338 2527 498 2556 terpretatio
519 2526 598 2548 huius
618 2525 703 2554 partis
725 2525 785 2547 libri
801 2524 834 2548 V.
854 2524 986 2553 Ariston,
1017 2527 1050 2548 ab
1068 2525 1152 2548 Editt.
1172 2526 1255 2550 1545..

338 2561 429 2587 1546„
452 2561 541 2585 1550..
564 2560 637 2582 1554.
650 2576 657 2589 ,
679 2559 750 2582 1557.
766 2560 792 2581 et
811 2558 884 2582 1560.
905 2558 1029 2583 diversa.
1046 2559 1177 2588 inscripta
1197 2562 1253 2583 est:

336 2594 442 2619 Divisio
463 2594 528 2616 iuris
549 2593 574 2615 in
599 2594 640 2616 ius
667 2593 793 2615 naturale
818 2595 845 2616 et
870 2593 911 2616 ius
936 2593 1091 2622 positivum.
1111 2606 1145 2610 -
1180 2594 1256 2617 Hanc

337 2629 404 2652 iuris
425 2627 627 2650 distinctionem
647 2627 813 2650 Aristoteles
833 2627 852 2650 Ι.
868 2627 885 2651 l.
909 2633 931 2651 c.
949 2627 1006 2650 vn.
1027 2627 1144 2657 exponit.

303 2678 352 2711 61)
372 2676 509 2710 sumatur]
532 2678 571 2701 sic
590 2678 673 2701 Editt.
691 2677 782 2708 ¹550„
804 2676 894 2708 1554„
916 2677 988 2704 1557.
1009 2680 1035 2702 et
1058 2678 1148 2709 1560.;
1173 2679 1256 2703 Editt.

341 2713 416 2738 1545.
435 2714 463 2737 et
486 2712 558 2736 1546.
580 2712 705 2735 sumitur.

523 111 723 149 SCRIPTA
749 111 824 147 PH.
852 111 964 146 MEL.
991 110 1055 143 AD
1090 109 1297 145 ETHICEN
1325 110 1391 145 ET
1418 110 1674 148 POLITICEN
1701 112 2008 149 SPECTANTIA.

2208 118 2283 154 384

1403 198 1636 243 Speculabilia
1661 205 1763 240 sunt,
1791 212 1881 245 quae
1904 212 1978 234 non
2003 200 2204 236 immediate
2223 216 2284 248 gu-

1301 248 1451 281 bernant
1470 250 1624 283 actiones
1644 251 1808 291 morales,
1835 253 1895 285 sed
1915 252 2000 285 alias
2018 259 2109 286 artes
2125 253 2285 297 gignunt,

1301 305 1339 332 ut
1371 300 1518 333 notitiae
1547 313 1799 342 numerorum,
1839 304 2053 347 figurarum,
2095 309 2128 336 et
2152 304 2284 339 multae

1301 350 1503 383 dialecticae
1535 358 1567 384 et
1600 350 1774 397 physicae.
1838 354 2032 399 Quodlibet
2054 360 2104 387 est
2127 361 2188 387 aut
2212 367 2287 389 non

1302 407 1362 435 est.
1429 400 1647 446 Impossibile
1671 409 1722 436 est
1746 415 1885 438 causam
1910 418 1981 439 esse
2005 404 2216 438 deteriorem
2240 407 2287 440 es-

1301 454 1404 486 scrin.
1448 453 1493 486 Et
1509 451 1637 486 horum
1656 454 1912 499 priiicipiorum
1930 456 2197 501 speculabilium
2215 470 2288 490 cer-

1303 504 1489 537 titudinem
1513 511 1546 537 et
1569 504 1772 538 firmitatem
1788 507 1974 541 immotam
1991 513 2024 540 et
2041 507 2288 543 inconcussam

1303 567 1445 588 manere
1457 582 1466 595 ,
1492 555 1718 589 manifestum
1736 562 1798 590 est.

1403 606 1582 650 Principia
1600 607 1752 651 practica
1770 613 1853 641 sunt
1868 608 2014 641 notitiae
2032 621 2050 641 a
2068 608 2144 642 Deo
2160 609 2288 643 menti-

1302 657 1366 690 bus
1386 656 1530 697 insitae,
1556 664 1594 691 ut
1617 664 1816 691 monstrent
1844 659 2081 692 obedientiam
2099 659 2176 693 Deo
2191 661 2288 694 debi-

1303 714 1393 748 tam,
1420 715 1454 741 et
1471 709 1659 742 discrimen
1675 707 1906 743 honestorum
1923 717 1956 743 et
1973 710 2150 754 turpium,
2184 717 2219 744 et
2234 723 2290 745 re·-

1303 765 1387 803 gani
1406 772 1532 793 mores.
1586 760 1631 793 Et
1648 760 1791 806 quidem
1808 774 1886 794 cum
1912 761 2011 795 audis
2036 759 2219 796 hominem
2242 763 2289 797 ad

1303 811 1492 854 imaginem
1518 811 1585 843 Dei
1616 818 1676 844 aut
1706 812 1976 845 similitudinem
2002 813 2183 846 conditum
2203 825 2290 854 esse,

1303 862 1491 906 praecipue
1517 862 1646 906 cogites
1669 863 1710 895 de
1738 861 1804 896 hoc
1831 863 1907 907 ipso
1930 863 2082 904 lumine,
2111 870 2144 897 et
2163 864 2290 898 volun-

1303 919 1373 945 tate
1390 914 1498 946 libera
1515 915 1675 946 nonduin
1705 926 1826 947 aversa
1855 927 1872 946 a
1891 914 1980 947 Deo.
2040 914 2086 948 Et
2110 915 2147 947 in
2170 922 2289 949 mente

1302 962 1529 1010 1111111;111;16”-’),
1553 971 1726 1009 qnatenus
1743 965 1866 998 similis
1883 965 2008 998 notitia
2028 972 2166 1005 manet,
2193 966 2290 1000 simi-

1302 1015 1414 1048 litudo
1435 1022 1495 1049 est.
1549 1016 1732 1059 Quantum
1755 1023 1873 1049 autem
1892 1017 2017 1056 decus,
2052 1022 2205 1062 quantus
2226 1015 2290 1050 iio-

1304 1079 1367 1099 nos
1385 1073 1452 1105 cst,
1479 1067 1572 1110 quod
1593 1065 1689 1098 Dens
1705 1078 1788 1098 suae
1806 1066 1999 1109 sapientiae
2022 1067 2141 1101 radios
2164 1067 2200 1100 in
2224 1080 2289 1102 nos

1303 1117 1449 1160 sparsit,
1478 1123 1511 1148 et
1529 1117 1624 1160 qnod
1643 1116 1775 1148 conditi
1793 1129 1933 1156 sumus,
1961 1123 2131 1162 tanquam
2149 1119 2290 1162 specula

1305 1173 1364 1199 aut
1380 1167 1461 1200 libri
1478 1166 1606 1199 mentis
1625 1173 1658 1199 et
1672 1167 1865 1211 sapientiae
1881 1167 2035 1202 divinae.

1304 1217 1470 1251 voluntas
1510 1215 1667 1250 hominis
1701 1225 1782 1251 ante
1819 1218 2041 1251 aversionem
2075 1220 2291 1263 congruebat

1305 1282 1383 1302 cum
1408 1269 1591 1301 voluntate
1609 1268 1695 1308 Dei,
1724 1269 1993 1313 obtemperabat
2017 1269 2112 1303 enim
2136 1270 2204 1304 illis
2226 1283 2290 1304 no-

1305 1320 1401 1360 titiis,
1429 1332 1516 1365 quas
1534 1320 1607 1353 vult
1616 1319 1710 1353 Deus
1721 1319 1768 1366 63)
1786 1333 1825 1353 ac
1843 1321 1983 1364 probat,
2007 1321 2155 1354 ardebat
2169 1334 2290 1355 amore

1304 1371 1390 1411 Dei,
1432 1377 1466 1404 et
1492 1371 1608 1404 studio
1641 1370 1801 1404 omnium
1834 1371 2026 1412 virtutum,
2066 1378 2100 1405 et
2124 1371 2161 1404 in
2185 1373 2291 1406 corde

1304 1423 1401 1456 nulla
1433 1428 1509 1455 erat
1540 1422 1761 1455 contumacia
1795 1429 1917 1455 contra
1947 1423 2061 1467 legem
2085 1422 2165 1457 Dei.
2225 1423 2291 1457 Hic

1305 1480 1422 1506 tantus
1441 1473 1547 1513 ordo,
1575 1479 1608 1506 et
1622 1470 1708 1506 haec
1725 1474 1817 1506 dona
1837 1474 1874 1506 in
1894 1480 2030 1515 mente,
2057 1474 2239 1508 voluntate
2258 1481 2292 1508 et

1305 1526 1428 1564 corde,
1454 1530 1554 1557 erant
1571 1524 1765 1558 similitudo
1784 1524 1862 1558 Dei.
1915 1525 2012 1559 Sicut
2027 1525 2159 1559 Paulus
2175 1525 2292 1572 inquit

1304 1574 1433 1619 Eplies.
1451 1575 1486 1614 4,
1511 1574 1623 1620 (24.):
1666 1574 1804 1609 induite
1831 1589 1965 1609 novum
1990 1574 2194 1616 hominem,
2228 1576 2291 1622 qui

1303 1627 1495 1659 secundum
1514 1626 1629 1658 Deum
1651 1627 1812 1659 conditus
1832 1634 1900 1665 est,
1934 1627 1971 1659 in
1996 1627 2127 1660 iustitia
2153 1634 2187 1660 et
2211 1639 2291 1661 san-

1304 1677 1421 1709 ctitate
1440 1689 1520 1709 vera
1533 1703 1541 1716 ‚
1570 1677 1604 1709 id
1623 1683 1690 1716 est,
1718 1683 1810 1710 recte
1828 1684 2038 1721 agnoscente
2054 1678 2191 1718 Deum,
2217 1690 2291 1712 non

1305 1734 1441 1761 tantum
1461 1734 1603 1760 externa
1621 1727 1819 1772 disciplina.

1404 1786 1465 1820 Est
1483 1787 1588 1831 igitur
1604 1788 1657 1820 lex
1674 1794 1824 1820 naturae
1839 1787 1898 1820 illa
1914 1788 1989 1832 ipsa
2010 1787 2135 1821 notitia
2159 1787 2291 1832 princi-

1304 1839 1446 1883 piorum
1473 1838 1711 1882 practicornm
1742 1845 1775 1871 et
1803 1839 2090 1879 conclusionum,
2134 1850 2225 1883 quae
2249 1851 2290 1872 ex

1305 1890 1371 1922 illis
1396 1889 1590 1922 necessaria
1614 1889 1865 1934 consequentia
1890 1891 2086 1930 ducuntur,
2122 1889 2291 1923 diVinitus

1306 1941 1408 1974 insita
1430 1940 1606 1974 mentibus
1625 1938 1810 1981 humanis,
1833 1953 1907 1973 non
1931 1941 2046 1974 solum
2068 1942 2110 1974 de
2133 1941 2292 1975 moribus

1306 1991 1482 2031 civilibus,
1509 1992 1569 2024 sed
1590 1992 1747 2035 primum
1775 1993 1817 2025 de
1841 1992 2021 2036 agnitione
2038 1991 2123 2031 Dei,
2151 1998 2185 2025 et
2209 1992 2291 2025 obe-

1305 2043 1438 2076 dientia
1454 2044 1531 2075 Deo
1549 2043 1687 2083 debita,
1721 2049 1842 2087 postea
1869 2045 1911 2076 de
1936 2044 2094 2076 moribus
2119 2043 2291 2083 civilibus,

1307 2094 1367 2139 qui
1392 2094 1568 2127 referendi
1589 2100 1670 2127 sunt
1697 2095 1740 2126 ad
1764 2092 1858 2127 hunc
1882 2095 2009 2134 finem,
2037 2101 2076 2128 ut
2091 2093 2187 2128 Deus
2204 2094 2290 2126 cele-

1306 2146 1439 2179 bretur.
1491 2145 1541 2178 Ac
1558 2158 1695 2178 summa
1712 2145 1897 2189 proposita
1915 2152 1967 2179 est
1981 2146 2018 2178 in
2033 2145 2212 2188 decalogo.

1408 2204 1571 2249 Stigelius
1579 2204 1625 2250 ⁸³)
1650 2202 1702 2238 liis
1721 2205 1900 2239 versiculis
1916 2206 2091 2249 eleganter
2107 2203 2291 2248 descripsit

1305 2253 1391 2288 haec
1408 2256 1544 2289 semina
1563 2256 1675 2289 indita
1694 2254 1849 2289 homini:

1340 2373 1388 2401 62)
1409 2374 1444 2396 Et
1464 2374 1489 2396 in
1509 2374 1599 2397 mente
1617 2373 1759 2400 humana,]
1778 2372 1818 2396 sic
1836 2371 1918 2396 Editt.
1939 2371 2028 2401 1550.‚
2049 2371 2140 2399 155-1.,
2168 2370 2242 2395 1557.
2261 2372 2288 2395 et

1377 2408 1467 2439 1560.;
1497 2408 1567 2432 Edit.
1583 2407 1658 2431 15⁴6.
1684 2409 1713 2430 ut
1738 2407 1765 2429 in
1785 2409 1873 2430 mente
1892 2406 2000 2435 divina;
2024 2405 2097 2430 Edit.
2116 2406 2189 2429 1545.
2214 2406 2243 2429 ut
2262 2406 2289 2429 in

1375 2444 1464 2466 mente
1484 2442 1613 2471 (paginae
1631 2444 1741 2469 custos,
1768 2441 1811 2470 qui
1828 2441 1941 2467 dicitur,
1967 2440 2056 2463 addit:
2081 2440 2159 2469 divi,
2184 2445 2218 2463 ex
2237 2443 2289 2470 qun

1375 2477 1566 2507 cognoscitur,
1599 2476 1679 2499 etiam
1696 2475 1722 2498 in
1742 2475 1790 2498 hac
1807 2475 1877 2498 Edit.
1896 2475 2016 2504 principe
2035 2475 2068 2497 ab
2086 2476 2199 2498 auctore
2217 2473 2289 2498 scri-

1375 2513 1448 2540 ptiuu
1467 2517 1544 2534 esse:
1567 2511 1691 2538 divina).

1341 2560 1388 2591 63)
1408 2560 1467 2583 vult
1482 2561 1566 2589 Deus]
1586 2560 1625 2583 sic
1643 2560 1725 2583 Editt.
1742 2559 1832 2590 1550.‚
1854 2559 1944 2588 1554.,
1967 2558 2039 2583 1557.
2053 2560 2080 2583 et
2097 2558 2188 2588 1560.;
2206 2557 2289 2582 Editt.

1378 2595 1450 2618 1545.
1472 2597 1499 2617 et
1520 2595 1592 2617 1546.
1611 2595 1685 2617 Deus
1705 2595 1773 2618 vnit.

1341 2644 1388 2675 64)
1408 2645 1524 2668 loannes
1540 2643 1686 2673 stigeiius,
1707 2643 1822 2672 insignis
1838 2644 1917 2672 poeta
1931 2643 2016 2666 seculi
2032 2642 2124 2670 XV1.,
2143 2643 2224 2665 natus
2239 2641 2290 2665 ruit

1375 2679 1510 2702 an.1515.
1535 2679 1647 2702 Gotnae.
1697 2677 1892 2707 Frequentavit
1917 2677 2078 2700 Academias
2101 2676 2237 2705 Lipsicam
2262 2678 2288 2699 et

1375 2713 1633 2743 witelmi-gennas,
1654 2711 1681 2735 in
1694 2710 1840 2742 posteriori
1855 2711 1944 2735 docuit
1960 2712 2043 2735 bonas
2062 2711 2158 2734 literas
2176 2712 2204 2734 et
2221 2711 2288 2740 poe-

2093 1167 2231 1202 Deinde
2257 1175 2291 1203 et
2336 1201 2347 1205 ,
