2347 3000
102 113 200 148 1069

99 211 197 240 sum,
225 205 264 232 ut
286 198 368 232 felix
390 199 595 242 faustusque
620 196 665 230 sit
692 196 895 229 consulatus
918 194 1085 238 reipubli-

99 261 172 284 cae.
224 249 275 283 Ita
300 250 369 283 iam
393 261 539 294 precor,
573 254 613 281 ut
637 254 774 281 vestrae
798 253 933 280 mentes
959 258 1084 278 conve-

98 301 200 334 niant
223 313 301 334 cum
326 300 459 345 populo
484 299 670 339 Romano,
700 305 732 331 et
759 299 908 332 Murena
935 298 1083 330 retineat

96 353 243 386 salutem
275 359 309 385 et
338 352 571 385 consulatum.
676 352 769 391 Quod
789 352 819 384 εἰ
846 352 893 384 ita
910 349 972 395 ³²)]
1014 348 1082 380 Re-

96 404 221 448 petitio
247 403 401 436 eiusdem
426 402 621 435 sententiae
653 414 730 434 cum
765 402 919 447 quadam
957 399 1081 443 ampli-

94 454 269 487 ficatione.
375 454 592 497 Consecrant]
628 452 661 485 id
695 460 762 493 est,
798 452 989 489 destinata,
1025 450 1080 483 die

94 503 240 549 gehoret
266 506 309 537 ad
329 505 528 538 consularia
547 504 716 548 auspicia.
820 502 987 546 Postulat]
1016 502 1079 534 sci-

92 556 175 589 licet
196 557 225 589 si
252 556 309 588 illa
336 556 491 600 precatio
521 568 595 588 non
621 562 670 588 est
699 554 818 594 irrita,
853 565 957 598 spero
989 550 1079 585 banc

92 607 198 640 etiam
225 619 298 640 non
324 609 399 640 sore
425 607 576 640 irritam.
630 607 777 650 Sumpta
805 612 856 638 est
879 616 920 637 ex
945 604 978 636 vi
1000 616 1079 647 pre-

91 658 251 692 cationis.
306 658 429 704 Neque
455 671 538 691 vero
557 664 607 692 est
623 657 743 697 irrita,
772 657 853 702 quia
879 655 1075 700 respublica

90 715 239 743 testatur
259 716 399 743 nostros
420 710 532 743 cultus
549 721 622 742 non
640 721 711 742 esse
728 720 784 741 res
802 707 931 740 irritas.
985 705 1076 738 Hine

89 761 221 803 arguit:
251 761 332 794 Non
350 761 496 794 dubium
517 767 586 800 est,
615 760 701 805 quin
726 765 846 792 nostra
880 757 1074 801 respublica

86 812 256 845 divinitus
272 812 548 845 administretur.
602 811 690 844 Cum
709 817 825 843 autem
850 814 1077 841 conservetur

87 863 278 902 divinitus,
307 876 389 906 ergo
413 870 557 895 nostrae
581 861 802 905 precationes
821 866 902 893 sunt
921 860 1075 892 efficaces

89 920 121 946 et
147 926 220 946 non
243 914 376 946 irritae.
430 913 473 945 Et
497 913 582 945 illud
608 919 857 955 argumentum
881 917 932 944 est
951 908 1074 955 enthy-

84 976 221 1003 mema,
257 976 329 997 non
357 964 391 996 in
416 962 688 1009 enthymematis
714 964 867 996 sormam
899 962 1073 1006 composi-

83 1021 178 1055 tum,
205 1016 264 1048 sed
295 1015 421 1048 tacitae
454 1015 609 1048 orationi
634 1015 817 1048 insertum.

199 1072 228 1117 ξ.
253 1076 288 1109 2.
325 1076 415 1114 Quae
440 1074 555 1119 [setam]
590 1073 777 1106 Transitus
803 1073 846 1104 ab
871 1072 927 1104 illa
953 1083 1072 1115 preca-

84 1124 180 1157 tione
198 1126 239 1157 :ul
258 1125 498 1168 precationem
520 1126 687 1157 adversus
706 1124 848 1157 iudices.
900 1123 1071 1166 Apostro—

83 1173 152 1219 phe
179 1177 221 1207 ad
248 1176 399 1213 iudices,
438 1176 474 1208 in
502 1188 569 1220 qua
598 1182 720 1207 votum
744 1188 804 1208 seu
828 1174 1068 1219 precationem

82 1227 250 1259 transfert
272 1228 314 1258 ad
342 1226 491 1265 iudices,
518 1227 598 1272 quia
624 1233 778 1270 potestas
805 1226 923 1258 divina
952 1225 1069 1257 videa-

83 1284 140 1310 tnr
179 1290 257 1310 cum
300 1277 366 1310 illis
410 1278 669 1310 communicata
714 1290 797 1310 esse.
905 1277 1069 1320 Tueatur]

80 1328 202 1361 Primo
228 1335 392 1372 precatus
419 1335 469 1362 est
491 1328 605 1369 Deos,
643 1328 770 1361 deinde
803 1327 953 1365 indices,
998 1327 1067 1359 iam

78 1379 176 1412 venit
207 1381 249 1412 ad
285 1380 538 1413 defensionem.
652 1382 694 1413 Et
732 1380 902 1426 quoniam]
943 1378 1064 1410 Prima

76 1431 191 1469 ratio,
227 1444 287 1463 eur
312 1432 405 1463 (licat
431 1432 472 1464 de.
496 1444 559 1465 suo
587 1431 717 1463 officio:
753 1430 877 1463 Dicam
910 1429 1065 1473 primum

76 1483 117 1515 de
141 1494 218 1522 me,
254 1482 335 1528 quia
362 1482 599 1516 laborandum
624 1488 693 1522 est,
727 1488 767 1515 ut
795 1481 916 1513 ridear
941 1481 1066 1513 afferre

75 1534 192 1566 fidem.

181 1591 265 1635 Cap.
288 1590 329 1624 Π.
357 1589 385 1634 ἓ.
410 1592 443 1625 3.
472 1594 503 1625 Α
528 1604 589 1636 quo
613 1591 760 1635 tandem]
790 1590 910 1623 Prima
935 1602 1065 1633 propo-

76 1641 174 1675 sitio:
206 1642 335 1674 Consul
363 1642 497 1675 consuli
522 1642 624 1674 debet
648 1654 719 1674 esse
746 1654 870 1679 curae,
897 1653 980 1683 ergo
1000 1654 1062 1681 ego

74 1693 150 1725 iure
166 1694 316 1725 defendo
335 1693 523 1726 Murenam
542 1693 734 1725 consulem.
839 1694 1063 1736 Sustinenda]

73 1743 202 1776 Ratio:
242 1744 334 1787 Quia
357 1757 461 1777 nemo
488 1744 589 1776 ‹lebet
616 1742 704 1775 milii
728 1756 799 1776 esse
827 1743 1062 1781 coniunctior,

75 1806 181 1840 quam
209 1795 342 1827 consul.
423 1797 514 1836 Quod
529 1796 576 1838 εἰ]
605 1795 763 1827 Sei-unda
786 1795 891 1827 ratio.
971 1795 1062 1834 Quae

73 1848 221 1889 mancipi
236 1846 299 1891 3²‘)]
329 1846 487 1890 Maneipi
513 1852 563 1878 est
581 1846 754 1888 genitivus
770 1858 832 1889 per
849 1845 1060 1877 contractio-

72 1909 167 1930 nem.
220 1897 288 1930 lies
311 1897 465 1940 mancipi
482 1903 598 1929 autem
618 1903 789 1928 xoeantur
809 1908 863 1928 res
880 1896 1059 1939 propriae,

73 1960 224 1993 quarum
258 1948 512 1992 proprietatem
545 1947 722 1981 consecuti
749 1960 890 1986 sumus,
927 1953 965 1979 nt
989 1946 1059 1979 Lu-

72 1999 200 2032 cretius
215 1999 280 2045 3'¹):

154 2058 281 2095 Vimque
306 2058 444 2094 mancipio
468 2057 540 2085 nulli
564 2056 665 2093 datur,
687 2056 818 2084 omnibus
841 2066 892 2083 usu
905 2055 961 2092 35).

70 2108 229 2152 Maneipi
247 2121 301 2142 res
319 2114 451 2141 veteres
469 2107 715 2151 appellabant,
752 2118 841 2152 quae
860 2107 907 2139 ita
927 2106 1056 2139 abalie-

69 2160 261 2199 nabantur,
288 2166 325 2192 ut
351 2172 390 2191 ea
419 2158 633 2191 abalienatio
659 2170 722 2202 per
744 2158 924 2203 quandam
946 2170 1055 2191 nexus

69 2211 169 2244 fieret
192 2210 466 2244 sollennitatem.
517 2209 636 2243 Nexus
653 2221 737 2242 vero
758 2215 808 2242 est
826 2208 911 2242 iuris
927 2209 1055 2242 sollen-

70 2261 180 2302 nitas‚
221 2275 310 2307 qnae
338 2262 442 2294 siebat
467 2273 507 2294 eo
533 2261 660 2300 modo,
696 2272 766 2305 quo
798 2260 835 2292 in
858 2259 1054 2294 Institutio-

67 2312 171 2346 nibus
188 2313 345 2360 Caiusssss)
369 2312 513 2357 exponit
537 2310 703 2345 adhibitis
726 2323 799 2343 non
815 2311 933 2345 minus
951 2311 1053 2357 quin-

103 2442 152 2469 32)
172 2441 230 2469 itu]
249 2441 287 2464 sie
305 2440 353 2463 Ed.
375 2440 466 2469 1568.;
484 2439 535 2465 Ed.
556 2439 641 2464 Orell.
661 2439 725 2463 illa.

101 2492 150 2519 33)
169 2491 309 2520 mancipi]
330 2496 377 2519 pro
396 2490 445 2513 hae
463 2490 568 2517 forma,
593 2489 627 2512 ad
652 2495 731 2519 quam
749 2489 814 2513 baec
840 2491 904 2513 nota
923 2490 1049 2521 pertinet,

136 2526 184 2550 Ed.
206 2526 279 2548 1565.
300 2525 323 2547 li.
343 2525 361 2547 l.
381 2525 474 2548 habet:
494 2525 643 2555 mancipii.

98 2577 146 2605 34)
165 2577 273 2599 haeret.
293 2575 345 2606 111,
365 2576 423 2598 985.

99 2629 146 2655 35]
166 2627 182 2650 i.
201 2633 224 2650 e.
243 2626 317 2649 Nulli
336 2626 373 2648 ita
393 2625 489 2655 datur,
512 2626 542 2648 ut
561 2624 698 2655 propi-iam
718 2629 749 2647 ae
769 2626 925 2653 perpetuam
944 2626 1048 2650 habeat.

98 2679 146 2706 36]
166 2677 227 2701 Gaii
246 2677 444 2700 institutionum
462 2676 648 2699 commentarii
668 2676 712 2698 iv.
734 2676 804 2699 eruit
820 2676 971 2707 (mesenen,
990 2678 1008 2703 1.
1029 2678 1047 2700 1.

132 2711 157 2744 §.
178 2712 235 2736 119.
256 2713 294 2742 (p.
312 2711 356 2736 56.
376 2711 438 2734 edit.
458 2711 483 2734 3.
505 2717 560 2734 cur.
581 2711 769 2737 Lachmann).

433 111 492 148 XI.
547 108 830 147 ENARRATIO
865 107 1125 143 ORATIONIS
1162 105 1408 143 CICERONIS
1443 107 1542 143 PRO
1577 109 1793 147 MURENA.

2029 114 2126 148 1070

1140 206 1208 238 qne
1239 194 1385 228 testibus
1415 194 1588 229 Romanis
1618 196 1828 240 puberibus,
1875 204 1907 230 et
1942 204 2123 241 praeterea

1138 245 1207 277 alio
1233 246 1306 279 eius
1330 247 1563 286 conditionis,
1592 247 1651 292 qui
1676 247 1802 280 libram
1828 260 1973 281 aeneam
1993 255 2122 288 teneat,

1137 296 1198 340 qui
1223 297 1421 341 appellatur
1445 298 1634 341 libripens,
1663 298 1690 331 is
1717 299 1775 344 qui
1796 300 2011 342 mancipium
2033 301 2121 332 acci-

1136 347 1206 390 pit,
1242 348 1289 380 ita
1323 348 1423 381 dicit:
1465 349 1567 382 Hunc
1601 361 1664 393 ego
1697 347 1900 389 hominem,
1939 350 1999 395 qni
2033 349 2120 383 milii

1135 404 1272 441 emptus
1298 405 1366 438 est,
1402 398 1467 433 boc
1502 413 1602 439 aere,
1639 413 1818 447 aeneaque
1857 402 1944 434 libra
1973 414 2012 433 ex
2044 402 2117 434 iure

1133 448 1314 492 Quiritum
1341 463 1458 483 meum
1485 464 1555 484 esse
1580 452 1636 484 aio
1655 451 1712 496 37).
1816 453 1989 496 ΠΙαηι-ἱρί]
2019 452 2118 496 Quae

1133 506 1214 532 sunt
1232 507 1382 543 emptae.
1435 502 1552 535 qus
1570 509 1620 536 est
1635 504 1832 536 ceremonia
1853 511 1886 537 et
1901 503 2119 543 sollennitas,

1132 550 1168 582 in
1194 563 1262 595 qua
1290 551 1417 596 aliquis
1446 554 1552 585 tradit
1581 554 1682 586 alteri
1707 566 1780 587 rem
1802 567 1920 587 coram
1941 561 2118 598 praetore,

1132 601 1189 633 ein
1214 602 1331 641 bund,
1366 604 1428 636 das
1458 604 1506 636 sie
1539 602 1611 637 sicli
1643 605 1743 638 beide
1777 604 1967 650 vorpssicht
1988 603 2116 640 baben.

1131 654 1327 698 Praestare]
1360 654 1491 687 scilicet
1515 657 1611 700 quod
1637 656 1720 688 velit
1742 664 1943 700 praestare,
1979 669 2023 689 ne
2055 668 2116 700 pa-

1130 703 1239 737 tiatur
1261 705 1444 740 damnum.
1498 706 1711 740 Similitudo.
1812 708 1996 752 -Obliyariq
2025 708 2115 741 scili-

1130 761 1183 786 cet
1206 755 1381 789 venditor.
1487 759 1530 790 Ιη
1554 759 1694 802 iudicio]
1727 758 1858 791 scilicet
1873 759 2114 802 proprietatis,

1129 805 1260 839 scilicet
1285 807 1326 839 de
1348 807 1400 839 rei
1420 807 1678 847 vindicatione,
1706 809 1741 840 in
1758 822 1825 854 qua
1844 810 1971 854 repetit
1986 810 2113 854 aliquis

1128 869 1244 890 ineam
1271 858 1430 892 domum.
1533 862 1576 893 Ιη
1600 858 1741 906 iudicio]
1770 861 1805 893 id
1829 867 1898 900 est,
1925 862 1967 893 de
1990 873 2026 893 re
2050 861 2112 893 ali-

1128 920 1195 952 qua
1214 911 1470 953 recuperanda.
1560 909 1786 958 Desiynatus]
1815 912 1946 944 scilicet
1962 913 2111 945 futurus.

1127 958 1295 992 Solebant
1319 960 1412 993 enini
1439 961 1550 993 creari
1577 962 1748 1001 eonsules,
1777 963 1984 1007 priusquam
2008 964 2112 995 adve-

1126 1010 1233 1043 nisset
1258 1017 1407 1055 tempus.
1510 1011 1726 1060 Declaravit]
1761 1014 1891 1047 scilicet
1917 1013 2018 1059 quasi
2043 1020 2111 1046 tra-

1125 1062 1214 1094 didit
1237 1063 1494 1106 possessionem
1522 1064 1736 1097 consulatus.

1228 1112 1257 1156 ξ.
1277 1113 1310 1147 4.
1325 1117 1376 1148 Ac
1391 1112 1441 1160 si]
1458 1113 1619 1147 Tertium
1639 1122 1899 1158 argumentum.
1964 1113 2110 1161 Affecio]

1124 1163 1253 1196 scilicet
1279 1165 1346 1204 illi,
1379 1166 1437 1210 qui
1473 1163 1579 1198 babet
1611 1164 1784 1199 honorem
1817 1165 1949 1199 scilicet
1974 1165 2110 1199 consuli

1123 1215 1317 1256 designato.
1370 1216 1749 1261 Sequiturtranslatio.
1798 1217 1986 1250 Praeterea
2006 1228 2109 1261 expe-

1124 1265 1174 1297 dit
1198 1266 1410 1310 reipublicae
1436 1268 1471 1299 iu
1496 1268 1647 1312 imperio
1675 1281 1747 1302 esse
1772 1269 1860 1301 duos
1887 1274 1999 1301 certos
2024 1280 2107 1301 con-

1121 1317 1223 1350 sules.
1328 1319 1421 1358 Quod
1436 1317 1486 1365 si]
1516 1321 1609 1359 Quod
1625 1320 1780 1363 positum
1799 1326 1849 1353 est
1867 1320 1916 1352 ibi
1932 1332 1998 1364 pro
2016 1321 2106 1365 quia,

1121 1373 1175 1400 ut:
1205 1369 1302 1413 quod
1326 1376 1454 1401 natura
1481 1371 1603 1411 affert,
1632 1371 1667 1403 id
1691 1378 1760 1411 est,
1794 1371 1877 1416 quia
1901 1377 2029 1403 natura
2047 1370 2106 1415 ³⁸),

1121 1424 1184 1452 etc.
1298 1418 1427 1467 Quare]
1472 1420 1679 1455 Conclusio:
1722 1422 1817 1465 Ergo
1853 1434 1927 1454 non
1966 1422 2106 1465 privata

1120 1481 1222 1503 causa
1248 1476 1387 1503 tantuin
1410 1472 1580 1513 adducor,
1606 1474 1668 1506 sed
1687 1472 1901 1518 reipublicae
1926 1485 2041 1512 causa,
2067 1478 2106 1506 ut

1119 1520 1233 1564 ipsum
1258 1522 1456 1556 defendam.

1221 1572 1307 1616 Cap.
1332 1571 1389 1607 ΠΙ.
1419 1572 1448 1617 ξ.
1478 1572 1512 1607 5.
1543 1576 1632 1608 Nam
1659 1577 1745 1620 quod
1770 1576 1872 1618 leqem
1895 1577 1935 1608 de
1957 1572 2103 1621 ambita]

1117 1621 1178 1654 Illa
1206 1623 1350 1656 exordia
1376 1625 1528 1657 maxime
1555 1626 1754 1668 probantur
1778 1626 1815 1658 in
1839 1626 2104 1669 respondendo,

1118 1686 1207 1718 quae
1238 1675 1401 1707 alludunt
1432 1677 1474 1708 ad
1509 1677 1729 1719 superiorem
1762 1677 1975 1710 orationem.
2026 1676 2103 1709 Hoc

1116 1725 1300 1758 exordium
1335 1733 1386 1760 est
1415 1728 1511 1759 velut
1539 1728 1728 1770 peculiaris
1764 1729 1940 1773 quaedam
1975 1728 2102 1761 oratio.

1116 1776 1231 1808 Habet
1254 1777 1348 1809 enim
1375 1779 1462 1811 duas
1489 1779 1759 1812 controversias.
1812 1779 1933 1815 Brima
1951 1778 2038 1818 suit,
2065 1791 2101 1812 se

1113 1833 1206 1860 reete
1236 1828 1371 1868 facere,
1401 1830 1497 1874 quod
1528 1830 1720 1873 susceperit
1751 1842 1891 1863 causam
1915 1830 2100 1864 Murenae.

1114 1877 1386 1912 Observandum
1425 1886 1541 1913 autem
1576 1887 1645 1919 est,
1690 1882 1785 1926 quod
1825 1881 1861 1913 in
1894 1893 1964 1914 una
1995 1893 2099 1915 causa

1113 1930 1244 1962 multos
1269 1937 1441 1973 patronos
1463 1929 1710 1969 adhibuerint,
1739 1939 1772 1964 et
1788 1932 1911 1965 Cicero
1939 1932 2100 1977 queritur

1113 1981 1268 2024 quodam
1295 1981 1331 2013 in
1355 1981 1434 2014 loco
1462 1982 1564 2015 istum
1588 1995 1724 2015 morem
1750 1996 1767 2015 a
1786 1984 1959 2028 Pompeio
1985 1990 2099 2016 muta-

1113 2036 1187 2063 tum
1220 2044 1312 2071 esse,
1348 2039 1382 2065 et
1413 2032 1497 2065 dicit
1530 2033 1625 2066 illam
1657 2034 1866 2067 brevitatem
1896 2035 2098 2068 obfuturam

1111 2094 1183 2115 esse
1217 2083 1334 2116 studio
1369 2084 1614 2129 eloquentiae,
1657 2097 1748 2131 quae
1789 2086 1916 2119 deinde
1952 2086 2098 2125 interni,

1142 2217 1189 2245 37)
1212 2217 1272 2240 Gaii
1293 2218 1378 2240 verba
1397 2217 1414 2242 l.
1434 2217 1451 2241 l.
1473 2217 1498 2245 S.
1520 2217 1575 2241 119.
1596 2218 1661 2241 baec
1681 2220 1759 2241 sunt:
1780 2219 1829 2241 Est
1847 2220 1936 2241 autem
1959 2217 2096 2248 mancipa-

1176 2252 1230 2277 tio.
1256 2253 1284 2274 ut
1305 2257 1388 2280 supra
1408 2258 1512 2281 quoque
1531 2252 1663 2277 diximus,
1690 2253 1850 2282 imaginaria
1876 2253 2006 2282 quaedam
2025 2259 2094 2275 ven-

1176 2286 1258 2308 ditio:
1278 2286 1348 2315 quod
1369 2287 1395 2308 et
1415 2287 1502 2314 ipsum
1519 2286 1559 2308 ius
1575 2287 1713 2315 proprium
1728 2287 1826 2309 civium
1839 2287 2022 2310 Romanorum
2038 2289 2096 2315 est3

1176 2325 1260 2348 eaque
1280 2326 1325 2342 res
1346 2320 1384 2343 ita
1402 2320 1510 2347 agitur,
1535 2320 1661 2343 adhibitis
1686 2327 1738 2343 nou
1766 2322 1852 2343 miuus
1880 2326 1957 2350 quam
1976 2321 2093 2351 quinque

1175 2354 1309 2382 testibus,
1336 2354 1440 2377 civibus
1469 2354 1599 2377 Romanis
1626 2355 1785 2382 puberibus,
1816 2356 1842 2378 et
1868 2357 2012 2383 praeterea
2037 2355 2091 2378 atio

1174 2388 1296 2411 eiusdem
1315 2388 1488 2412 conditionis,
1509 2388 1550 2417 qui
1573 2388 1667 2411 libram
1686 2395 1798 2412 aeneam
1817 2391 1919 2417 teneat,
1939 2390 1983 2419 qui
1997 2391 2092 2419 appet—

1172 2422 1245 2445 latur
1265 2422 1413 2451 libripens,
1440 2421 1479 2449 is,
1505 2422 1548 2451 qui
1568 2423 1699 2452 mant-ipio
1718 2424 1831 2452 accipit.
1857 2429 1913 2446 rein
1934 2425 2031 2446 tenens
2056 2423 2094 2447 ita

1173 2456 1252 2479 dicit:
1280 2457 1377 2481 ..Hunc
1397 2462 1447 2483 ego
1467 2457 1597 2479 bominem
1623 2464 1656 2480 ex
1683 2457 1740 2479 iure
1760 2458 1902 2486 Quiritium
1922 2464 2007 2481 meum
2029 2464 2092 2481 esse

1171 2491 1231 2521 aio,
1263 2491 1338 2520 isque
1363 2491 1424 2513 mihi
1450 2492 1556 2518 emptus
1584 2493 1626 2514 est
1651 2492 1699 2514 boe
1723 2497 1788 2514 aere
1813 2497 1954 2522 aeneaque
1979 2490 2090 2521 lim-a’';

1171 2524 1267 2547 deiude
1285 2531 1350 2547 aere
1369 2525 1486 2553 percutit
1506 2525 1611 2547 libi-ani.
1633 2525 1711 2555 idque
1730 2532 1778 2549 aes
1798 2526 1844 2548 dat
1864 2527 1899 2553 ei.
1918 2532 1997 2556 aquo
2011 2532 2092 2549 man-

1170 2559 1239 2588 cipio
1258 2559 1371 2588 accipit,
1392 2559 1466 2588 quasi
1488 2559 1567 2587 pretii
1587 2559 1656 2584 ioco.
1678 2573 1709 2576 —
1737 2561 1815 2586 conf.
1835 2560 1919 2584 Adam
1941 2561 2043 2584 Handb.
2064 2560 2090 2583 d.

1170 2594 1236 2616 rom.
1257 2594 1393 2620 ΑΚΝ-Νι,
1413 2594 1502 2615 iibers.
1522 2600 1546 2617 v,
1567 2594 1671 2623 Meyer.
1693 2595 1721 2618 T.
1742 2595 1762 2619 Ι.
1781 2602 1805 2624 p.
1823 2595 1865 2618 87.
1890 2597 1916 2618 et
1937 2596 2089 2624 svbweppe

1168 2628 1244 2650 Rom.
1262 2627 1458 2656 Rechtsgesch.
1478 2633 1502 2649 u.
1522 2627 1734 2653 Rechtsauertb.
1760 2628 1786 2653 3.
1805 2630 1874 2652 Auss.
1894 2636 1920 2654 v.
1941 2630 2086 2652 Griiudter.

1171 2661 1196 2688 S.
1215 2661 1273 2684 271.
1292 2669 1318 2691 p.
1337 2662 1388 2684 498
1407 2668 1464 2689 sqq.

1134 2711 1182 2740 35)
1204 2714 1316 2741 natura]
1336 2713 1384 2738 Ed.
1407 2713 1479 2736 15⁶³.
1498 2718 1569 2738 nam.
