2347 3000
214 128 289 165 543

201 216 261 251 sit:
289 213 397 259 Lapis
415 223 489 246 non
507 214 623 255 potest
637 206 709 241 ulla
734 201 987 238 assuefactione
1011 200 1123 240 flecti,
1155 206 1196 233 ut

206 266 345 300 molliat
364 270 529 297 naturam
546 272 657 294 suam.

305 317 522 361 Quanquam
551 316 668 343 autem
702 303 886 338 Aristoteli
918 301 1125 336 conceditur
1158 299 1196 332 in

204 369 386 402 voluntate
409 372 442 398 et
467 363 572 396 corde
596 369 696 403 posse
715 363 893 400 utcunque
915 353 1058 387 habitus
1079 364 1195 385 assue-

203 420 354 452 factione
380 415 473 453 fieri,
515 412 575 456 qui
606 410 677 442 sint
700 419 761 441 seu
782 405 874 439 sueni
894 418 956 439 seu
983 403 1114 437 aculei:
1158 408 1197 435 ut

205 470 266 515 qui
285 481 319 503 50
338 464 518 501 assuefecit
535 462 579 493 ad
596 457 868 503 temperantiam
882 483 890 496 ‚
919 456 1059 489 facilius
1084 460 1118 487 et
1139 454 1197 486 fir-

205 521 297 554 mius
330 522 445 552 servat
469 513 632 546 ordinem
656 509 694 542 in
716 509 794 542 cibo
821 514 855 540 et
878 513 976 551 potu.
1041 505 1196 538 Biliosus

207 571 318 616 quise
337 565 517 600 assuefecit
541 564 585 595 ad
607 562 697 594 iram
720 559 950 597 frenandam,
982 556 1118 589 facilius
1143 567 1197 587 re-

208 620 329 665 primit
346 617 480 652 subitos
498 620 632 650 motus;
661 619 779 645 tamen
803 608 838 642 lii
863 607 1003 642 babitus
1027 606 1196 653 quicquid

208 678 309 710 sunt,
337 669 437 701 valde
457 664 616 708 languidi
636 669 669 695 et
686 661 825 695 obscuri
842 666 935 693 sunt.

308 718 482 753 Memoria
505 715 652 748 notitiae
676 713 761 755 legis
786 711 922 744 firmior
944 715 1014 749 est,
1047 719 1138 754 quae
1165 712 1198 739 et

206 773 309 806 debet
327 777 360 803 et
379 774 494 814 potest
511 772 671 799 externas
691 763 846 796 actiones
864 773 1004 805 regere,
1035 766 1075 793 ut
1091 770 1197 802 supra

208 824 342 857 dictum
369 826 439 860 est,
477 817 611 862 aliquid
637 815 744 859 igitur
769 813 935 845 conducit
958 812 1080 844 crebra
1106 809 1198 852 cogi—

208 874 295 908 tatio
325 871 428 915 legis,
469 868 730 912 exemplorum,
770 863 1032 908 praemiorum,
1066 872 1199 905 poena-

209 938 300 958 rum.
361 923 472 965 Saepe
501 920 632 963 cogitat
654 916 771 959 Scipio
807 916 850 948 de
883 913 1047 947 omnibns
1077 911 1199 944 officiis

211 973 350 1009 honesti
369 972 486 1011 ducis,
522 972 564 1003 de
588 968 791 1002 defensione
818 965 993 1007 coniugii,
1022 965 1064 996 de
1088 962 1199 1006 turpi-

212 1026 333 1060 tudine
351 1031 385 1057 et
400 1022 624 1056 deformitate
643 1030 811 1061 vagarum
828 1016 1029 1054 libidinum,
1057 1015 1100 1046 de
1118 1025 1200 1057 poe-

213 1078 266 1111 nis
285 1083 348 1109 etc.
402 1074 475 1106 Hae
495 1070 725 1115 cogitationes
750 1074 831 1101 sunt
852 1067 1011 1100 assiduae
1038 1064 1200 1097 monitri-

213 1141 287 1167 res,
341 1131 379 1158 ut
416 1130 597 1156 externam
635 1120 810 1153 actionem
847 1117 1049 1160 diligentius
1090 1120 1199 1158 regat.

215 1179 295 1211 ldeo
334 1176 536 1209 conducunt
573 1171 707 1215 aliquid
744 1168 927 1207 doctrina,
981 1165 1200 1204 assuefactio,

213 1228 370 1271 exempla
404 1232 486 1264 etc„
530 1223 619 1257 sicut
647 1220 792 1253 dicitur:
847 1218 970 1252 Studia
1006 1217 1137 1249 abeunt
1164 1215 1201 1247 in

215 1292 329 1313 mores
352 1277 407 1322 ¹⁸).

316 1328 485 1360 Videmus
503 1331 622 1358 autem
640 1323 677 1356 in
699 1321 766 1356 bac
790 1321 979 1355 collatione
1003 1329 1201 1356 causarum,

215 1394 322 1428 quam
338 1377 604 1421 sitlanguidum
627 1375 663 1407 in
690 1372 755 1407 hac
778 1374 905 1406 misera
930 1370 1115 1404 hominum
1140 1381 1202 1401 na-

214 1441 292 1467 tura
309 1429 375 1464 hoc
394 1435 529 1467 totum,
557 1427 654 1471 quod
677 1424 884 1457 nominatur
905 1423 1028 1455 virtus.
1081 1421 1201 1465 Quare

214 1496 279 1517 nos
303 1482 341 1514 in
362 1479 518 1513 Ecclesia
541 1478 691 1511 sciamus
707 1475 837 1507 Filium
854 1473 919 1506 Dei
945 1473 1091 1506 missum
1118 1483 1202 1510 esse,

214 1541 253 1569 ut
270 1531 470 1578 petentibus
488 1541 589 1573 opem
608 1529 717 1566 serat,
744 1532 843 1569 regat
860 1537 899 1557 ac
916 1525 1040 1557 doceat
1056 1529 1202 1561 mentes,

215 1592 250 1619 et
273 1583 431 1617 effundat
461 1581 498 1612 in
522 1579 627 1612 corda
646 1577 817 1621 Spiritum
842 1577 1091 1608 accendentem
1117 1574 1202 1605 tales

215 1641 352 1673 motus,
381 1631 494 1678 qualis
510 1631 582 1674 ipse
602 1635 670 1667 est,
698 1629 891 1672 procedens
909 1627 952 1658 ab
975 1632 1118 1658 aeterno
1136 1624 1203 1656 Pa-

218 1695 270 1720 tre
287 1692 320 1718 et
334 1684 438 1717 Filio.
491 1681 567 1714 Hoc
586 1679 755 1713 auxilium
772 1678 909 1711 assidue
931 1683 1111 1721 petamus,
1139 1674 1203 1707 sic-

216 1745 255 1771 ut
279 1740 505 1780 praeceptum
537 1738 605 1770 est,
645 1736 679 1763 et
703 1741 804 1762 veras
828 1728 974 1760 virtutes
998 1728 1041 1759 ab
1068 1725 1203 1759 umbris

216 1801 278 1823 seu
296 1783 568 1829 cogitationibus
583 1780 748 1815 humanis
766 1780 1017 1812 discernamus.

280 1837 381 1870 Folio
393 1834 486 1879 8.¹⁹).
514 1835 583 1867 Sed
599 1844 691 1865 omne
707 1833 791 1876 quod
805 1832 976 1863 honestum
993 1826 1107 1872 essm),
1122 1824 1203 1872 em]

219 1890 341 1924 Cicero
375 1897 498 1920 omnes
529 1882 671 1916 habitus
697 1881 948 1914 intellectuales
970 1880 1033 1912 sub
1060 1877 1204 1910 nomine

219 1938 427 1985 prudentiae
450 1932 729 1978 comprehendit.
783 1931 932 1964 Habitus
955 1928 1206 1962 intellectuales

219 1990 452 2024 nominantur
475 1986 649 2031 quinque:
686 1983 901 2021 intellectus,
930 1981 1056 2014 notitia
1075 1979 1205 2024 princi-

222 2043 383 2086 piorum,
417 2037 582 2075 scientia,
617 2047 693 2074 ars,
727 2033 917 2078 sapientia,
952 2038 1100 2076 possunt
1124 2030 1207 2064 addi

223 2092 344 2137 opinio
363 2096 397 2124 et
412 2089 508 2122 fides.

225 2171 567 2210 Demonstratio
604 2171 653 2203 de
690 2169 895 2202 veritate
931 2173 971 2200 et
1002 2166 1208 2199 omnibus

375 2223 610 2258 habitibus
645 2218 1056 2253 intellectualibus.

322 2293 428 2328 Nulla
458 2289 618 2324 membra
649 2295 682 2321 et
709 2287 826 2320 nullae
852 2286 942 2319 vires
966 2285 1209 2317 membrorum

224 2345 412 2379 attributae
436 2342 502 2376 toti
525 2339 653 2385 speciei
675 2337 873 2376 humanae,
913 2337 1041 2369 frustra
1068 2336 1210 2368 condita

226 2403 318 2430 sunt.

267 2516 311 2539 18)
332 2513 409 2536 Ovid.
425 2510 532 2534 ueroid.
552 2509 630 2539 epist.
645 2509 708 2538 XV,
723 2508 780 2532 8³.:
808 2507 871 2531 sive
888 2508 986 2529 abeunt
1006 2506 1094 2528 studia
1113 2505 1138 2528 1’11
1152 2511 1211 2528 1110-

299 2552 358 2570 res,
378 2547 504 2573 artesque
523 2544 680 2573 magistrae.

268 2600 313 2628 19)
336 2595 412 2619 Folio
425 2595 463 2621 8.]
480 2594 517 2615 sis:
537 2594 563 2615 iu
575 2593 646 2616 Edit.
667 2592 898 2619 {inrumpi-olma.
917 2591 1051 2614 indivatur
1071 2591 1145 2613 locus
1165 2596 1211 2611 sc-

299 2630 434 2661 quentium
454 2629 611 2655 verborum,
632 2633 699 2656 quae
719 2627 892 2649 inveniuntur
907 2626 982 2649 offic.
997 2625 1042 2648 1.1.
1063 2625 1115 2649 c.5.
1136 2624 1211 2652 §.14.

267 2684 316 2707 20)
336 2681 481 2704 honestum
507 2678 564 2705 est]
591 2678 711 2701 ofellius
744 2676 863 2706 praefert
895 2676 1053 2699 leutiouem:

303 2716 419 2740 nestum.

1093 2676 1134 2700 est
1160 2676 1212 2699 120-

787 117 909 152 PHIL.
946 114 1058 149 MEL.
1094 112 1297 149 SCRIPTA
1330 115 1665 151 PHILOLOGICA.

2160 113 2236 150 544

1353 200 1393 235 In
1423 199 1568 236 homine
1591 209 1673 236 sunt
1695 200 1855 234 membra
1877 205 1911 232 et
1935 198 2027 232 vires
2053 199 2237 234 ordinatae

1251 252 1296 309 1111
1318 253 1555 296 cognitionem
1579 261 1612 287 et
1635 252 1965 291 ratiocinationem,
1995 250 2067 283 imo
2091 256 2125 283 et
2145 252 2237 285 noti-

1252 309 1321 336 tiae
1341 304 1465 337 insitae
1487 311 1580 338 sunt.

1310 405 1318 412 .
1352 354 1448 398 Ergo
1473 354 1670 389 necessaria
1694 357 1751 388 'est
1773 352 1999 387 ratiocinatio
2025 359 2059 386 et
2081 351 2239 386 conside-

1250 412 1342 438 ratio
1361 406 1532 440 veritatis.

1684 470 1716 503 A
1732 471 1742 503 l
1761 471 1771 503 i
1787 483 1818 504 a.

1352 531 1448 565 Deus
1465 537 1516 565 est
1531 536 1657 564 natura
1678 530 1876 575 intelligens
1894 537 1927 564 et
1944 544 2061 566 verax.

1354 582 1471 616 Homo
1491 589 1541 616 051
1557 582 1673 625 imago
1692 581 1770 614 Dei.

1352 633 1446 678 Ergo
1465 632 1573 667 homo
1597 639 1647 666 est
1669 632 1866 678 intelligens
1892 639 2038 673 natura,
2073 638 2106 666 et
2131 642 2238 677 quae-

1250 696 1331 718 rens
1349 691 1546 718 veritatem.

1418 752 1479 785 De
1508 750 1693 785 iustitia
1719 751 2070 785 demonstratio.

1353 812 1475 846 Poena
1499 810 1734 844 conscientiae
1759 810 1931 851 ostendit,
1973 817 2007 843 et
2031 822 2102 844 esse
2125 810 2239 845 Deum

1253 870 1286 897 et
1303 876 1374 898 esse
1391 863 1566 896 vindicem
1578 889 1587 902 ,
1614 868 1648 894 et
1663 862 1830 894 discernit
1845 862 1933 896 iusta
1951 868 1985 895 et
1999 862 2140 896 iniusta.

1355 914 1507 948 Caedem
1536 913 1704 946 iniustam
1730 913 1890 957 sequitur
1924 914 2073 945 immoto
2104 913 2242 954 ordine,

1253 966 1359 999 dolor
1384 965 1638 1003 conscientiae,
1665 964 1726 1008 qui
1749 964 1882 997 indicat
1906 966 2048 998 caedem
2074 965 2240 999 iniustam

1255 1030 1326 1051 esse
1343 1029 1417 1050 rem
1435 1017 1566 1049 malam
1584 1021 1618 1046 et
1633 1014 1827 1048 vitandam.

1355 1067 1450 1111 Ergo
1468 1065 1640 1099 iniustitia
1658 1071 1708 1097 est
1726 1077 1780 1098 res
1797 1065 1902 1098 mala.

1679 1130 1813 1164 Alia.

1343 1191 1457 1226 ludita
1476 1199 1526 1226 est
1540 1197 1689 1224 naturae
1705 1188 1892 1224 hominum
1910 1191 2036 1225 notitia
2055 1198 2089 1225 et
2107 1191 2243 1240 στοργὴ

1254 1244 1385 1277 ducens
1418 1244 1463 1276 ad
1501 1242 1806 1276 conservationem
1839 1243 1977 1286 proprii
2015 1245 2173 1288 corporis
2210 1253 2244 1280 et

1255 1302 1508 1352 cognatorum,
1547 1300 1581 1327 et
1606 1293 1755 1337 speciei,
1797 1299 1831 1326 et
1855 1293 1965 1327 indita
1990 1300 2040 1327 est
2064 1307 2180 1339 poena
2206 1298 2243 1330 in

1255 1353 1483 1380 conscmntia.

1355 1396 1582 1443 Aequalitas,
1609 1407 1699 1441 quae
1724 1401 1775 1428 est
1798 1394 1949 1435 iustitia,
1975 1402 2093 1429 servat
2117 1397 2247 1431 indivi-

1255 1450 1324 1482 dua
1343 1455 1376 1482 et
1392 1448 1563 1493 speciem:
1597 1446 1832 1492 inaequalitas
1855 1447 1996 1481 laedens
2019 1447 2128 1489 alios,
2160 1449 2245 1483 item

1257 1499 1438 1547 ἀστοργία
1455 1500 1641 1532 (105111111111
1653 1497 1816 1541 speciem.

1357 1551 1452 1594 Ergo
1470 1549 1664 1595 aequalitas
1677 1575 1685 1589 ‚
1704 1561 1794 1594 quae
1813 1554 1863 1582 est
1880 1548 2011 1583 iustitia
2023 1576 2033 1590 ,
2061 1556 2111 1584 est
2126 1562 2244 1585 neces—

1255 1614 1360 1636 saria.

1562 1666 1622 1700 De
1651 1665 1939 1701 jortitudine.

1358 1726 1557 1760 intellectus
1576 1726 1728 1759 iustitiae
1752 1732 1802 1759 est
1818 1732 1967 1759 naturae
1988 1726 2124 1763 insitus.

1358 1777 1545 1810 Fortitudo
1586 1784 1704 1809 autem
1737 1783 1788 1810 est
1821 1779 2060 1821 propugnatio
2092 1780 2246 1815 iustitiae

1258 1836 1379 1864 contra
1399 1829 1545 1861 iniustas
1562 1827 1754 1867 laesiones,
1781 1834 1904 1860 contra
1921 1829 2014 1863 sures
2030 1837 2063 1863 et
2080 1831 2246 1867 latrones.

1364 1879 1458 1923 Ergo
1476 1878 1648 1911 fortitudo
1668 1884 1719 1912 est
1735 1879 1944 1914 necessaria.

1677 1945 1744 1979 Vel
1761 1946 1826 1980 sic:

1362 2006 1518 2041 Naturae
1536 2004 1641 2039 insita
1659 2012 1709 2039 est
1725 2003 1862 2053 στοργὴ
1885 2007 1929 2039 ad
1946 2019 2019 2042 sese
2035 2020 2247 2043 conservan-

1262 2060 1345 2092 dum
1358 2085 1366 2097 ‚
1395 2064 1428 2091 et
1446 2058 1490 2090 ad
1505 2057 1656 2101 speciem
1674 2059 1964 2092 conservandam.

1362 2108 1424 2141 Illa
1451 2105 1587 2155 στοργὴ
1610 2114 1660 2141 est
1682 2108 1853 2142 fortitudo
1877 2109 2056 2154 depellens
2085 2111 2245 2144 ordinate

1262 2160 1407 2193 iniustas
1425 2159 1610 2192 laesiones.

1363 2210 1458 2254 Ergo
1478 2208 1564 2243 haec
1581 2209 1754 2243 fortitudo
1781 2216 1833 2243 est
1853 2210 2047 2244 necessaria
2074 2210 2147 2256 (25⁵st
2171 2212 2246 2248 eben

1263 2264 1323 2298 bag
1341 2272 1417 2297 man
1435 2261 1520 2308 fagt)
1538 2261 1610 2294 vim
1626 2262 1662 2294 vi
1678 2261 1849 2306 repellere
1870 2262 1968 2301 licet,
1997 2263 2157 2296 concedit
2179 2261 2246 2297 1100

1263 2320 1402 2348 natura.

1549 2379 1607 2413 De
1643 2379 1961 2423 temperantia.

1365 2440 1497 2474 Omnia
1524 2439 1703 2473 nascentia
1727 2444 1913 2472 servantur
1933 2438 2101 2473 alimento
2120 2452 2246 2475 conve-

1263 2491 1394 2531 nienti,
1437 2498 1470 2525 et
1502 2491 1564 2524 tali
1599 2489 1861 2529 mediocritate,
1911 2496 1949 2522 ut
1980 2490 2024 2523 sit
2053 2493 2245 2537 aequalitas

1264 2543 1398 2586 agentis
1424 2549 1457 2574 et
1482 2542 1667 2585 patientis,
1694 2541 1729 2573 id
1746 2546 1814 2580 est,
1842 2546 1989 2574 naturae
2009 2544 2245 2577 convertentis

1264 2599 1536 2627 nutrimentum.

1367 2642 1618 2688 Temperantia
1636 2647 1685 2675 est
1702 2641 1761 2674 illa
1778 2641 2014 2677 mediocritas.

1367 2694 1462 2738 Ergo
1479 2692 1712 2738 temperantia
1731 2698 1780 2725 est
1796 2693 2005 2727 necessaria.
