2347 3000
65 147 139 184 589
551 146 575 182 Ι.

63 246 137 268 rem
162 234 289 268 facere.
349 232 411 267 Est
435 238 550 266 autem
576 232 725 266 usitatus
751 237 971 271 contractus,
1012 238 1051 264 ut

64 286 273 330 plerumque
292 290 410 318 tenent
428 282 494 316 1100
512 284 620 316 1110110
638 284 814 327 agricolae
838 284 985 322 fundos,
1015 283 1051 315 111

65 337 193 382 quibus
219 342 355 370 tantum
380 333 511 368 habent
533 335 618 368 utile
644 336 842 368 dominium
868 347 932 378 pro
957 341 1050 366 certa

66 399 247 432 pensione.

164 438 263 471 Alius
300 443 350 470 est
381 442 581 471 contractus
613 435 695 470 111110
727 436 863 470 vicinus
892 435 1051 469 feudalis.

64 489 202 524 Nomen
234 494 350 521 autem
376 487 537 522 Feudum
571 495 621 522 est
654 488 893 532 germanicum
925 487 1051 531 fiieben,

66 542 160 585 quod
178 545 228 572 est
247 552 389 583 pascere
399 540 445 585 39)
458 567 466 580 ,
495 541 588 573 1111110
607 546 657 573 051
678 552 810 573 1111111011
828 539 967 584 Qoitw)
980 565 988 578 ,
1016 538 1051 571 id

65 597 134 630 est,
161 590 318 624 villicus.
378 590 457 624 Itali
480 592 601 624 dicunt
625 604 756 624 nomen
782 603 800 623 a
827 591 894 623 fide
920 590 1050 622 factum

64 653 155 681 esse,
189 641 272 687 quia
294 648 417 675 mutua
444 644 617 688 quaedam
638 643 708 676 sint
731 641 843 675 officia
871 641 964 673 inter
989 641 1052 673 do-

62 692 201 726 minum
240 693 336 726 feudi
379 700 412 727 et
451 694 544 727 inter
573 700 750 727 tenentem
789 693 843 725 vel
876 694 1050 725 fruentem

62 743 180 778 feudo.

165 794 228 828 Est
251 802 369 829 autem
390 796 538 829 feudalis
564 802 765 829 contractus
793 793 980 838 obligatio,
1015 793 1052 825 in

64 858 133 892 qua
166 847 379 880 transferens
403 847 439 879 in
464 847 572 880 alium
596 847 697 880 fundi
728 846 926 879 dominium
955 845 1052 884 utile,

62 898 192 931 retinet
207 898 405 931 dominium
420 898 613 938 directum,
642 904 675 930 et
701 897 833 941 obligat
856 897 954 930 illum
978 908 1052 929 non

64 950 110 981 ad
127 949 333 993 pensionem
351 949 528 994 aliquam,
565 950 625 983 sed
650 950 695 982 ad
717 949 907 982 militarem
933 960 1052 992 perso-

63 1012 130 1033 nae
152 1001 323 1034 laborem.
391 1000 446 1033 Sic
470 1000 724 1034 Constantinus
748 1000 827 1033 tulit
848 1000 980 1044 legem,
1014 1004 1053 1032 ut

63 1050 137 1084 dati
152 1051 253 1084 fundi
268 1051 440 1086 militibus
454 1051 490 1085 in
507 1052 671 1096 imperio,
699 1051 892 1085 transirent
907 1052 951 1083 ad
970 1049 1053 1083 liae—

63 1103 164 1136 redes
191 1100 258 1136 hoc
281 1103 408 1143 modo,
442 1109 481 1136 ut
496 1103 682 1137 Romanus
705 1103 901 1147 imperator
923 1102 1053 1135 retine-

63 1159 117 1187 ret
136 1154 307 1187 directum
325 1154 545 1194 dominium,
579 1155 708 1188 milites
732 1155 817 1188 utile
840 1153 1053 1192 dominium,

64 1211 98 1238 et
116 1205 385 1239 continuaretur
402 1206 438 1238 111
456 1206 580 1240 iisdem
596 1206 739 1240 familiis
762 1204 877 1240 honos
894 1204 1053 1238 militiae.

340 1299 458 1345 Quid
486 1306 551 1333 est
577 1298 776 1333 locatio?

164 1375 312 1408 Locatio
345 1382 395 1410 est
416 1388 590 1420 personae
612 1376 667 1409 vel
692 1375 744 1409 rei
769 1376 813 1408 ad
836 1388 938 1408 usum
964 1375 1054 1407 sacta

64 1427 242 1461 concessio
268 1439 333 1471 pro
360 1428 507 1471 pecunia
535 1428 777 1466 numeranda,
811 1427 854 1459 de
879 1439 948 1472 qua
974 1438 1055 1459 con-

64 1478 179 1512 venit:
210 1478 298 1512 Cum
323 1478 452 1512 dicitur
474 1480 518 1511 ad
542 1492 667 1519 usum,
707 1478 903 1511 excluditur
928 1478 1055 1510 abusus

65 1537 99 1563 et
115 1530 297 1574 corruptio
314 1530 365 1563 rei
382 1531 528 1564 locatae.
577 1530 696 1575 Quare
714 1530 909 1563 conductor
925 1529 954 1562 si
970 1529 1056 1574 quid

66 1593 127 1615 sua
148 1581 248 1626 culpa
266 1581 482 1626 corrumpit,
511 1594 742 1626 compensare
758 1582 881 1622 debet,
917 1580 1055 1614 etiamsi

99 1714 146 1741 39]
165 1714 257 1739 Feudz'
276 1713 437 1737 vocabulum
457 1719 488 1737 eo
508 1714 607 1737 saltem
626 1713 765 1737 intellectu
787 1713 851 1736 ante
870 1711 990 1736 seculum
1006 1711 1056 1736 XI.

133 1749 283 1772 inauditum
314 1748 398 1777 [conf.
425 1749 557 1772 Muratori
584 1748 674 1778 Antiq.
701 1748 760 1771 Ital.
792 1748 860 1772 med,
891 1746 955 1770 aevi
984 1747 1013 1770 T.
1032 1746 1056 1770 1.

133 1784 185 1808 col.
198 1783 290 1811 5943,
319 1789 369 1812 quo
389 1783 584 1811 proprietatem
604 1783 643 1806 rei
662 1783 778 1806 alicuius
799 1783 943 1812 designat,
974 1781 1056 1804 etiam

135 1818 170 1842 ad
188 1817 320 1840 haeredes
340 1817 537 1847 transituram,
558 1818 673 1841 retentis
692 1817 860 1841 solummodo
880 1816 1010 1840 clientela
1030 1817 1056 1839 et

134 1851 269 1882 superiori
288 1851 422 1881 dominio,
445 1857 502 1873 cum
523 1852 680 1881 quibusdam
699 1851 840 1881 servitiis,
867 1850 982 1874 maxime
1002 1850 1054 1873 mi-

134 1886 276 1917 litaribus,
313 1892 346 1909 ex
370 1887 448 1915 pacto
476 1887 605 1913 statutis,
637 1887 660 1910 11,
683 1887 701 1909 l.
727 1886 868 1909 derivatur
892 1891 909 1908 a
934 1890 1055 1915 german.

134 1921 256 1952 sidedera,
286 1926 399 1950 pascere
423 1920 530 1948 [Graffz
562 1921 826 1944 Altlioclideutscher
852 1920 1055 1949 §pracltschatz

136 1956 165 1979 Τ.
179 1955 223 1978 111.
243 1962 268 1983 p.
283 1955 342 1979 378.
367 1954 448 1978 affert
472 1955 521 1977 lias
546 1955 665 1978 formas:
698 1954 810 1986 fdtjan,
843 1955 918 1986 goth.
942 1953 1055 1985 forljan,

135 1989 316 2019 anglosaxon.
341 1990 368 2011 et
394 1989 479 2018 antiq.
504 1994 599 2014 saxon.
629 1990 751 2021 foedari,
788 1990 879 2017 alere,
916 1990 1054 2018 pascere]

134 2023 236 2049 Eadem
260 2023 368 2046 ratione
394 2023 611 2046 Stiernliielniius
638 2030 654 2047 a
680 2024 831 2048 wachtero
864 2023 891 2046 in
917 2024 1056 2053 glossario

134 2063 256 2089 german.
276 2063 298 2080 5.
316 2057 383 2080 11,ν.
402 2058 529 2080 laudatus
550 2058 658 2081 seudum
678 2059 710 2082 ab
730 2058 828 2082 alendo
849 2058 972 2082 deducit,
993 2058 1055 2086 quia

135 2093 223 2125 foden
241 2092 277 2115 sit
295 2091 417 2121 nuti-ire,
437 2093 463 2115 et
481 2092 552 2123 forta
570 2093 726 2116 alimentum
746 2092 773 2115 in
793 2093 917 2116 omnihus
932 2092 1055 2116 veterum

135 2127 268 2151 dialectis.
304 2126 359 2149 Alii
376 2126 444 2149 hane
463 2132 557 2150 vocem
575 2129 719 2151 arcessunt
732 2128 765 2151 ab
779 2128 958 2158 anglosaxon.
978 2125 1055 2156 ΓεοΙι,

137 2161 208 2192 quod
227 2161 389 2190 stipendium
408 2161 642 2191 interme—tantum
664 2162 712 2185 alii
731 2168 789 2185 eam
804 2162 980 2191 compositam
997 2167 1056 2185 esse

136 2198 250 2220 censent
269 2202 300 2218 ex
319 2195 381 2225 feo,
408 2202 488 2224 pecu,
517 2196 543 2217 et
561 2197 611 2223 od,
639 2198 751 2223 1101111111,
777 2197 815 2219 ita
834 2198 862 2219 ut
880 2196 998 2226 feudum
1019 2196 1054 2219 sit

135 2232 232 2254 bonum
253 2229 382 2253 rusticum
403 2231 445 2253 vel
466 2230 637 2259 pecuarium,
669 2233 715 2254 aut
735 2238 767 2254 ex
786 2231 849 2261 feo,
880 2230 1055 2259 stipendium,

135 2265 282 2295 salarium,
303 2270 424 2291 meret-S,
444 2265 470 2287 et
490 2265 543 2288 011,
567 2266 736 2293 substantia,
763 2266 877 2291 1111111115,
902 2265 1054 2293 possessio.

135 2301 164 2323 ut
188 2299 306 2329 feudum
330 2298 366 2320 sit
390 2298 570 2328 stipendiaria
596 2301 737 2328 possessio
764 2301 845 2328 [liaeo
869 2300 910 2323 est
930 2299 1053 2326 nug-onis

137 2333 226 2357 Grotii
244 2332 437 2362 compositiojz
466 2333 512 2356 atii
533 2333 565 2356 ad
585 2334 686 2357 latinas
705 2335 825 2364 origines
845 2333 967 2363 prolapsi
988 2334 1054 2364 feu-

140 2369 206 2392 dum
225 2373 241 2391 a
260 2366 314 2398 fide
334 2367 377 2390 vel
398 2367 496 2397 gallica
516 2368 603 2391 forma
622 2369 684 2391 inde
700 2370 760 2392 orta
773 2368 817 2399 foi
831 2369 973 2391 derivant.
993 2368 1055 2397 quia.

138 2401 244 2425 seudum
265 2403 300 2425 sit
321 2408 411 2432 genus
429 2402 588 2430 clientelae,
620 2403 695 2425 euius
715 2403 801 2432 prima
819 2403 862 2426 lex
882 2402 919 2425 sit
938 2402 1055 2425 fidelitas

138 2441 205 2465 erga
223 2438 365 2465 patronum
384 2438 410 2459 et
430 2436 504 2459 vitae
518 2438 744 2467 fortunarumque
759 2438 816 2461 eius
831 2436 963 2461 defensio.
993 2437 1053 2459 Viti.

138 2470 273 2494 VVaeltter
293 2471 309 2495 l.
325 2471 340 2494 l.
363 2477 387 2500 p.
405 2470 455 2494 440
469 2477 509 2501 sq.
554 2472 595 2494 1111
616 2471 708 2498 Canae
734 2472 759 2495 in
786 2471 923 2501 glossario
950 2471 1054 2494 mediae

137 2506 164 2527 et
183 2504 289 2528 infimae
308 2505 454 2528 latinitatis
471 2506 591 2536 feudum
612 2507 808 2535 interpretatur
830 2505 949 2529 beneficii
969 2510 1054 2528 voca-

136 2539 207 2562 bulo.
243 2538 318 2562 conf.
340 2539 420 2562 etiam
439 2542 504 2563 nota
529 2546 545 2563 a
564 2541 765 2564 Psotenliauero
791 2540 905 2563 editioni
926 2540 949 2563 2.
976 2539 1053 2563 libri:

137 2571 299 2630 Tgttmaipi's
317 2573 462 2598 flandlmch
486 2575 529 2598 fiir
554 2575 712 2607 angehende
737 2574 879 2606 Juristen,
910 2579 972 2604 pag.
994 2573 1053 2597 403.

135 2612 152 2630 a
173 2613 244 2636 scrip
259 2612 284 2630 a.

101 2659 148 2686 40)
172 2658 235 2682 Voz't
256 2659 344 2681 ortum
368 2660 410 2682 est
436 2665 468 2683 ex
492 2660 591 2692 foyut,
625 2661 641 2685 i.
664 2668 688 2691 q.
714 2659 838 2684 hodiem.
864 2660 953 2689 I'oqt,
985 2659 1055 2689 quod

136 2694 309 2723 quaestorem
333 2693 453 2723 regium,
482 2695 629 2723 vicarium.
657 2697 816 2725 patroniuu,
850 2694 979 2722 iudicem,
1005 2693 1055 2716 ad-

134 2727 482 2791 ἷζοῗέῐὲιιηέὲιᾱεΐθιιεοῐειη
507 2729 658 2761 significat,
695 2730 749 2756 vid.
775 2728 854 2754 Graff
876 2729 895 2753 l.
914 2728 932 2752 1.
959 2727 987 2753 T.
1009 2727 1053 2752 111.

635 144 1005 181 PROLEGOMENA
1038 144 1086 181 IN
1122 141 1308 179 OFFICIA
1343 141 1601 177 CICERONIS.

2017 143 2090 179 590

1104 244 1177 265 non
1195 237 1246 264 est
1262 241 1422 274 expresse
1442 228 1575 262 mentio
1601 228 1690 261 sat-ta
1714 227 1807 261 illius
1832 230 2090 273 compensatio-

1103 283 1169 318 nis.
1222 282 1440 316 Nimim-atur
1459 293 1541 324 ergo
1558 280 1686 313 locatio
1704 280 1794 313 inter
1810 287 2010 314 contractus
2029 282 2090 313 lm-

1105 347 1170 367 nae
1189 333 1281 366 fidei.

1205 385 1356 417 Prodest
1373 389 1489 415 autem
1507 382 1667 423 moribus
1680 394 1783 416 nosse
1809 390 1842 416 et
1868 383 2091 416 considerare

1104 435 1293 469 discrimen
1311 439 1554 467 contractuum
1574 436 1688 467 bonae
1704 434 1796 474 fidei,
1823 441 1855 468 et
1872 441 2092 467 contractum

1103 487 1214 522 stricti
1231 486 1328 519 iuris.
1383 484 1592 519 Contractus
1609 487 1722 519 bonae
1739 486 1820 519 sidei
1837 493 1936 527 sunt,
1964 486 2000 518 in
2018 485 2093 531 qui-

1102 540 1168 572 bus
1185 537 1303 583 aliqua
1323 548 1397 569 11011
1414 544 1617 580 nuncupata
1637 537 1755 580 lingua
1768 564 1776 578 ,
1804 544 1923 571 tamen
1946 543 2093 582 propter

1105 589 1356 635 aequalitatem
1377 587 1560 621 debentur.
1613 589 1703 621 ‚Sunt
1727 596 1845 623 autem
1871 588 1926 623 hi:
1961 588 2093 621 Vendi-

1105 642 1176 680 tio,
1204 640 1357 684 emptio,
1385 638 1534 678 locatio,
1561 640 1770 679 001111110110,
1798 641 2011 685 depositum,
2039 652 2094 673 so-

1105 694 1232 731 cietas,
1273 690 1557 727 commodattnn;
1611 696 1650 723 ut
1682 703 1761 723 cum
1794 693 1958 725 venditor
1983 691 2095 725 sciens

1105 743 1227 778 fefellit
1250 749 1467 786 emptorem,
1496 747 1585 774 esset
1608 741 1860 786 inaequalitas,
1889 744 1916 776 si
1942 743 2095 787 pretium

1106 798 1250 829 daretur
1276 806 1341 838 pro
1368 805 1406 825 re
1432 792 1561 825 inutili.
1627 791 1712 825 Inde
1746 801 1845 827 vetus
1870 795 2002 828 dictum
2027 799 2094 828 est:

1105 847 1200 881 Inter
1215 846 1330 879 bonos
1346 845 1436 877 bene
1453 843 1548 887 agier
1558 842 1624 889 4¹),
1651 843 1687 875 id
1712 850 1780 885 est,
1812 852 1963 888 praestet
1985 843 2094 878 homo

1105 898 1274 932 honestus
1290 909 1326 929 ea
1339 923 1347 937 ,
1377 907 1467 941 quae
1486 895 1684 928 communis
1701 896 1792 928 ratio
1812 897 1943 929 1111110111
1968 908 2097 941 aequa-

1106 952 1151 984 lia
1173 961 1265 989 esse,
1294 947 1524 982 etiamsinon
1550 952 1632 980 sunt
1657 947 1776 980 omnia
1802 954 2007 992 nuncupata
2030 948 2097 980 lin-

1106 1014 1186 1048 gua.
1239 999 1289 1033 Ita
1309 999 1337 1033 si
1361 999 1446 1044 quid
1470 1004 1677 1042 corruptum
1705 1005 1755 1031 est
1780 1000 1881 1044 culpa
1908 999 2000 1039 eius,
2037 998 2097 1044 qui

1105 1067 1188 1089 usus
1206 1058 1256 1086 est
1275 1064 1312 1084 re
1336 1051 1470 1090 locata,
1500 1050 1560 1082 fiat
1583 1051 1846 1093 compensatio,
1873 1050 2011 1084 etiamsi
2034 1062 2098 1083 no-

1105 1104 1269 1140 minatim
1288 1102 1323 1136 id
1340 1114 1414 1135 non
1438 1113 1639 1146 expressum
1664 1107 1733 1141 est,
1770 1103 1852 1147 quia
1876 1115 1931 1136 res
1956 1114 2030 1135 11011
2055 1102 2099 1134 ad

1107 1165 1248 1202 turpem
1265 1167 1367 1188 usum
1379 1180 1388 1193 ,
1415 1165 1479 1186 nec
1497 1154 1540 1185 ad
1563 1153 1830 1196 corruptionem
1844 1155 1958 1187 locata
1978 1159 2039 1187 est.

1209 1207 1278 1241 Sed
1296 1210 1496 1238 contractus
1513 1203 1625 1238 stricti
1648 1203 1734 1239 iuris
1756 1206 1941 1246 (licuntur,
1969 1205 2005 1237 111
2022 1203 2099 1249 qui-

1107 1263 1172 1295 bus
1189 1264 1326 1292 tantum
1344 1268 1383 1289 ea
1403 1256 1575 1289 debentur
1595 1267 1685 1300 quae
1701 1264 1783 1290 sunt
1804 1262 2008 1301 nuncupata
2033 1255 2099 1288 lin—

1109 1324 1195 1357 gua,
1222 1316 1262 1344 ut
1277 1308 1315 1341 in
1331 1314 1455 1341 mutuo
1467 1333 1476 1347 ,
1505 1307 1587 1352 quia
1606 1307 1693 1339 dans
1709 1315 1833 1342 mutuo
1845 1335 1854 1349 ,
1881 1321 1958 1342 cum
1976 1313 2100 1352 potue-

1108 1364 1155 1396 rit
1171 1361 1239 1395 hoc
1259 1359 1412 1393 officium
1434 1358 1618 1398 omittere,
1653 1370 1881 1405 nequaquam
1899 1360 1978 1404 plus
1998 1358 2099 1391 intel-

1108 1415 1230 1459 ligitur
1247 1411 1335 1444 101Ιο
1353 1417 1414 1443 aut
1430 1410 1557 1442 debere
1581 1409 1757 1452 recipere,
1793 1424 1900 1457 quam
1926 1416 2100 1456 quantum

1109 1466 1223 1504 dedit,
1250 1462 1317 1495 nisi
1336 1461 1442 1494 suerit
1459 1461 1590 1493 damno
1609 1461 1764 1495 affectus.

1213 1515 1302 1549 Cum
1321 1512 1428 1557 igitur
1445 1512 1574 1544 locatio
1591 1511 1635 1544 sit
1653 1518 1853 1545 contractus
1870 1513 1985 1545 bonae
2007 1512 2101 1553 fidei,

1110 1568 1310 1602 conducens
1333 1576 1407 1597 non
1432 1569 1640 1608 corrumpat
1663 1575 1717 1597 res
1737 1565 1888 1603 locatas,
1928 1576 1992 1597 nec
2016 1576 2099 1597 con-

1108 1621 1200 1654 ferat
1227 1619 1270 1651 ad
1295 1623 1436 1660 turpem
1460 1627 1584 1655 usum,
1618 1626 1682 1648 nec
1704 1616 1887 1648 defraudet
1914 1615 2101 1656 locatores,

1108 1672 1188 1705 ideo
1208 1682 1263 1703 res
1282 1666 1509 1701 conducentis
1528 1666 1687 1699 invectae
1707 1666 1743 1699 in
1767 1668 1914 1699 domum
1934 1667 2102 1707 locatam,

1110 1723 1284 1766 obligatae
1302 1725 1384 1753 sunt
1405 1718 1556 1751 locatori
1575 1724 1746 1763 tanquam
1773 1718 1920 1762 pignus,
1946 1730 2020 1751 non
2046 1730 2101 1752 so-

1108 1775 1182 1808 lum
1206 1777 1353 1817 propter
1375 1769 1563 1803 locationis
1584 1770 1806 1810 mercedem,
1842 1770 1901 1803 sed
1924 1769 2029 1802 etiam
2057 1771 2101 1803 ad

1110 1823 1437 1869 compensationem
1456 1833 1576 1853 rerum
1594 1827 1856 1865 corruptarum.

1210 1875 1329 1908 Verba
1346 1879 1460 1907 textus
1476 1872 1511 1904 in
1532 1872 1686 1916 Digestis
1705 1870 1789 1905 111100
1807 1879 1889 1906 sunt
1906 1871 1966 1905 lib.
1984 1873 2044 1907 20.
2064 1871 2099 1905 in

1110 1928 1212 1962 titulo
1248 1926 1301 1960 Ex
1335 1925 1462 1971 quibus
1492 1923 1604 1957 causis
1641 1923 1769 1968 pignus
1807 1924 1861 1956 vel
1900 1921 2100 1968 hypotheca

1109 1980 1214 2013 tacite
1247 1974 1489 2015 contrahitur,
1530 1976 1605 2019 lege
1630 1975 1904 2021 Pomponia42):
1945 1975 2102 2019 Pompo-

1109 2031 1189 2064 nius
1225 2029 1347 2064 scribit
1380 2039 1455 2061 non
1489 2027 1603 2060 solum
1641 2039 1706 2070 pro
1741 2026 1990 2071 pensionibus,
2042 2027 2101 2060 sed

1110 2083 1216 2116 etiam
1230 2081 1275 2127 43)
1293 2081 1322 2114 51
1340 2079 1554 2113 deteriorem
1571 2076 1828 2112 habitationem
1852 2077 1974 2111 fecerit
1998 2077 2099 2122 culpa

1109 2146 1170 2168 sua
1188 2133 1384 2178 Inquilinus
1394 2130 1460 2176 44),
1489 2130 1626 2163 invecta
1652 2136 1685 2162 et
1709 2130 1806 2163 illata
1831 2129 1971 2174 pignori
1996 2136 2100 2162 erunt

1109 2186 1277 2229 obligata.
1343 2183 1389 2217 Et
1423 2183 1460 2215 in
1485 2181 1614 2215 Codice
1645 2182 1688 2214 de
1712 2182 1828 2215 locato
1853 2188 1886 2214 et
1911 2181 2099 2219 conducto,

1109 2237 1205 2271 Certi
1222 2235 1309 2270 iuris
1325 2241 1375 2269 est
1391 2246 1447 2268 res
1463 2234 1578 2267 illatas
1595 2233 1754 2277 pignoris
1773 2232 1848 2266 iure
1865 2231 1977 2265 teneri
1990 2230 2047 2276 45).

1142 2358 1190 2385 41)
1212 2356 1268 2380 Cic.
1289 2355 1321 2378 (10
1341 2354 1411 2378 offic.
1430 2353 1474 2376 ΙΙΙ.
1493 2359 1513 2376 c.
1530 2352 1571 2377 17.
1591 2351 1617 2384 §.
1632 2352 1673 2376 70.
1700 2351 1747 2375 illa
1767 2355 1866 2374 aurea:
1898 2351 1931 2374 ut
1951 2350 2028 2374 inter
2047 2349 2097 2373 bo-

1177 2398 1226 2415 nos
1247 2391 1312 2414 bene
1332 2389 1414 2418 [1μίον
1433 2389 1545 2418 oportet
1568 2389 1596 2411 et
1613 2388 1674 2410 ,sine
1692 2386 1897 2416 l'raudutionez
1923 2386 1950 2407 et
1965 2384 2045 2413 epist.
2065 2385 2098 2407 ad

1176 2426 1238 2449 fani.
1254 2425 1314 2448 vu.
1332 2423 1385 2446 12:
1408 2423 1457 2446 Ubi
1477 2428 1558 2451 porro
1580 2422 1626 2444 illa
1646 2421 1697 2444 erit
1717 2421 1834 2443 turmula
1853 2418 1981 2450 fiduciae,
2001 2420 2033 2443 ut
2052 2420 2099 2444 in—

1177 2462 1222 2484 ter
1243 2460 1328 2483 bonos
1348 2458 1414 2482 bene
1433 2458 1516 2487 (11ιὶοΓ
1535 2457 1658 2487 oportet.

1141 2513 1189 2540 42)
1208 2511 1270 2539 Die.
1285 2510 1347 2533 XX.
1368 2509 1409 2532 tit.
1424 2509 1448 2532 ⁴2.
1469 2507 1607 2535 inseripti:
1635 2506 1663 2529 lu
1693 2505 1787 2534 quihus
1812 2504 1904 2528 causis
1929 2505 2027 2536 pignus
2054 2505 2097 2529 vel

1174 2540 1328 2577 hypotheca
1347 2543 1429 2567 tacite
1449 2541 1635 2567 contrahitur,
1656 2540 1716 2570 lege
1731 2539 1756 2563 2.

1142 2599 1188 2626 43)
1210 2597 1305 2624 etium]
1327 2595 1366 2618 sio
1384 2594 1531 2624 Pi‘olegg.;
1557 2592 1617 2623 Dig.
1638 2592 1751 2616 liabent:
1783 2593 1818 2616 et.

1142 2649 1188 2680 44)
1210 2649 1275 2672 Post
1303 2642 1503 2675 „inquilinus”
1531 2644 1555 2666 h.
1571 2643 1587 2667 1.
1614 2643 1713 2666 omissa
1740 2644 1803 2666 sunt
1823 2642 1894 2673 legis
1912 2643 2012 2666 verba:
2047 2650 2097 2673 quo

1176 2683 1284 2706 nomine
1303 2688 1336 2704 ex
1358 2681 1445 2703 iot-ato
1465 2685 1523 2702 cum
1543 2684 1574 2702 eo
1597 2678 1649 2700 erit
1668 2677 1748 2701 actio.

1142 2728 1190 2752 45]
1212 2725 1276 2749 Cod.
1290 2724 1336 2746 lv.
1356 2723 1396 2745 tit.
1410 2722 1452 2745 65.
1478 2720 1616 2749 inseripti:
1649 2720 1681 2742 110
1709 2719 1798 2743 locato
1824 2721 1850 2743 et
1877 2720 2025 2744 conducto.
2057 2720 2097 2744 le-

1175 2760 1219 2792 gis
1234 2760 1259 2783 5.
1280 2759 1364 2782 verba
1378 2758 1445 2782 haec
1460 2758 1538 2780 sunt:
1559 2754 1634 2779 Certi
1648 2754 1716 2778 iuris
1730 2758 1786 2779 cst,
1807 2760 1854 2779 ea,
1875 2760 1942 2784 quae
1956 2755 2097 2778 voluntate
