2347 3000
201 120 274 154 919
774 117 895 152 PllIL.

645 207 736 246 Quae
759 200 878 249 quum]
913 201 1042 235 Petitio
1068 201 1105 234 in
1127 213 1188 235 sua

208 268 322 290 causa.
349 277 401 282 —
436 256 614 301 Repetitio
635 254 815 298 proximae
832 253 1037 287 sententiae.
1118 254 1192 286 Do-

205 306 371 355 mesticis]
395 309 525 342 scilieet
548 308 583 339 in
609 304 852 338 coniuratione
869 304 1061 337 Catilinae:
1098 302 1190 349 Quia

207 365 258 393 est
273 361 316 392 de
332 359 431 393 vobis
451 360 538 391 bene
561 356 726 394 meritus,
754 368 838 400 ergo
856 362 992 389 servate
1010 367 1103 389 eum.

311 408 340 452 ἓ.
358 411 417 445 32.
446 412 537 450 Quae
553 410 592 441 de
607 405 728 453 eausa]
758 406 935 441 Clausula-

308 459 347 493 ln
376 462 444 493 line
468 458 639 492 orationis
665 455 768 491 huius
792 458 924 503 placuit
948 456 1100 490 adiicere
1122 462 1192 489 tres

205 510 301 544 locos
326 523 366 543 ex
388 511 538 544 Platone
566 516 599 542 et
617 508 788 549 Isocrate,
823 521 975 554 quorum
997 508 1119 540 Cicero
1143 506 1193 539 vi-

207 563 310 594 detur
342 562 456 594 facere
490 560 731 600 mentionem,
781 566 816 593 et
851 561 895 593 ad
930 572 989 593 eos
1024 559 1192 591 alludere.

206 612 347 645 Primus
371 619 422 646 est
444 611 604 645 Platonis
630 611 666 643 in
691 611 844 657 quadam
869 611 1016 655 epistola
1042 610 1085 642 ad
1108 609 1193 641 Dio-

207 663 359 708 nysium.
425 663 612 696 Bonorum
646 662 805 695 virorum
837 662 1095 695 eonsentientes
1116 672 1194 694 sen-

206 713 336 746 tentiae
352 721 434 748 sunt
451 726 573 752 verae;
610 713 766 746 animam
785 711 938 746 hominis
957 724 1028 746 esse
1048 712 1194 744 immor-

206 765 311 797 talem
330 765 416 798 boni
434 766 501 799 viri
518 777 646 809 magno
664 776 836 798 consensu
850 765 988 797 ‹lit-unt:
1018 775 1101 806 ergo
1119 762 1194 795 ani-

206 828 281 849 mas
300 816 519 850 immortales
536 829 608 850 esse
625 828 746 849 verum
771 822 832 848 est.
893 814 933 848 In
950 812 1109 848 Axioeho
1133 826 1194 846 au-

208 874 277 899 tem
304 868 351 900 di:
354 868 410 901 llo
403 881 446 911 ro
472 868 563 900 inter
586 874 723 900 ειῐο-ἐίιιι
750 867 857 899 wxba
880 864 913 899 h:
917 878 966 899 tec
992 871 1192 910 ponuntur:

202 916 326 962 Ἡιιεῖς
340 916 409 963 ιιὲν
425 916 498 966 γὰρ
524 915 634 963 dou-{1¹
654 915 756 964 ψυχὴ
783 916 879 959 ζῶον
902 913 1117 957 ἀθάνατον,
1155 915 1194 950 ἐν

206 968 338 1015 θνητιῦ
355 967 629 1016 καθειργιιενον
646 967 817 1014 φρουρίω
827 968 870 1014 6).

305 1020 486 1054 Secundus
503 1026 553 1053 est
563 1018 656 1053 Isoct
659 1020 724 1052 atis
741 1016 1011 1063 exliuagora⁷):
1038 1016 1194 1050 Proinde

206 1068 353 1116 pulchra
379 1083 451 1104 esse
476 1076 708 1103 monumenta
729 1081 829 1109 reor,
865 1081 885 1101 o
905 1068 1084 1107 Nicocles‚
1118 1080 1196 1100 cor-

205 1134 335 1167 porum
379 1119 591 1155 simulachra
608 1147 617 1161 ‚
670 1121 774 1163 longe
809 1131 893 1152 vero
930 1118 1109 1162 digniores
1144 1118 1196 1150 in-

207 1173 358 1216 signium
379 1173 554 1206 sactorum
579 1183 619 1204 ac
642 1171 771 1204 mentis·
796 1169 986 1214 imagines,
1029 1181 1116 1214 quas
1142 1169 1197 1201 lit-

207 1224 291 1257 teris
309 1230 342 1257 et
365 1224 587 1257 orationibus
613 1222 800 1255 artificiose
826 1222 1076 1254 tantummodo
1102 1233 1196 1253 com-

206 1274 349 1319 positis,
377 1275 505 1320 aliquis
523 1286 606 1307 sane
623 1274 730 1306 suerit
745 1272 1016 1316 contemplatus.

309 1326 451 1359 Tertius
468 1332 518 1359 est
533 1325 638 1358 etiam
655 1323 818 1358 Isocratis
836 1336 876 1357 ex
893 1323 1055 1356 oratione
1072 1327 1195 1355 contra

208 1374 447 1423 Sopltistas⁵):
476 1377 642 1422 Plerique
663 1376 699 1408 in
721 1372 969 1420 philosophiae
992 1373 1117 1407 studiis
1138 1374 1197 1406 de-

207 1428 358 1468 morati,
408 1428 570 1471 vulgares
607 1438 847 1471 permansere.
922 1424 1078 1470 Quidam
1110 1436 1195 1456 vero

208 1491 393 1524 nunquam
425 1479 510 1512 artis
540 1478 829 1522 praeceptoribus
858 1481 1128 1515 conservantes,
1164 1481 1197 1508 et

206 203 383 239 elirliclter
406 219 490 240 man
507 206 550 252 ⁵).

244 1596 275 1624 5)
295 1596 367 1619 Haec
385 1596 450 1618 nota
469 1594 496 1617 et
515 1592 605 1616 omnia
623 1597 691 1622 quae
711 1597 768 1615 cam
784 1591 810 1615 in
831 1590 909 1614 huius
928 1589 1062 1614 orationis
1079 1595 1197 1614 enarra-

278 1630 353 1653 tione
371 1629 414 1652 liic
435 1628 603 1658 sequuntur,
622 1632 639 1650 a
656 1626 717 1650 sota
734 1626 783 1649 Ed.
801 1625 874 1649 1568.
894 1625 1064 1648 exhihentur.

243 1672 276 1701 6)
294 1671 358 1696 Vid.
378 1671 447 1695 Plat.
473 1676 515 1699 op.
542 1669 584 1695 ed.
610 1670 642 1692 H.
663 1669 754 1699 steph.
781 1669 854 1692 Tom.
871 1667 914 1691 111.
940 1673 965 1697 p.
979 1667 1038 1690 365.
1053 1673 1076 1690 e.
1095 1678 1127 1683 -
1156 1666 1196 1690 ed.

280 1706 387 1735 Bipont.
408 1705 471 1729 Vol.
484 1704 532 1728 XI.
551 1711 577 1734 p.
593 1704 641 1727 184
656 1710 696 1733 sq.

246 1749 277 1779 7)
296 1749 429 1773 Isocratis
447 1749 533 1775 Euae.
552 1754 575 1772 c.
589 1747 631 1770 30.
656 1747 749 1770 Verba
769 1745 855 1775 ipsius
875 1743 1007 1768 Isocratis
1033 1748 1133 1775 graeca
1157 1742 1198 1768 hic

281 1783 366 1807 latine
383 1783 489 1806 reddita
508 1782 561 1805 iam
579 1786 663 1811 supra
681 1788 706 1811 p.
723 1781 782 1804 904.
802 1780 888 1803 allata
905 1779 978 1806 sunt.

246 1826 277 1856 8)
295 1826 427 1853 Isocratis
446 1826 516 1851 orat.
535 1826 632 1850 contra
649 1823 793 1856 sophistas
810 1828 832 1848 c.
847 1822 873 1847 8.

930 115 1043 151 MEL.
1079 114 1281 150 SCRIPTA
1312 113 1649 151 PHILOLOGICA.

2153 117 2227 154 920

1244 201 1415 243 (licendo,
1457 208 1492 235 et
1521 200 1776 246 rempublicam
1807 201 2039 245 gubernando
2069 208 2229 246 potentes

1243 253 1407 292 extitere,
1449 253 1475 286 si
1500 253 1641 298 quidem
1669 253 1760 286 vires
1781 258 1815 285 et
1839 252 2063 297 eloquentiae
2089 259 2121 285 et
2147 253 2233 285 alia-

1244 316 1322 336 rum
1339 303 1518 336 actionum
1542 303 1721 342 onmium,
1750 303 1931 337 industriis
1948 309 1982 335 et
1999 304 2093 336 bona
2113 303 2232 337 indole

1245 354 1346 388 elaris
1372 354 1547 398 ingenitae
1572 360 1851 397 cognoscuntur,
1893 361 1927 387 et
1950 354 2036 394 illis,
2072 354 2130 400 qui
2156 353 2233 398 ipso

1246 406 1295 438 rei
1320 406 1562 450 experimento
1588 405 1767 437 exercitati
1791 412 1883 440 sunt.
1935 405 1990 438 Ad
2007 403 2093 438 haec
2117 405 2234 438 erudi-

1246 457 1294 489 tio
1311 469 1382 495 eos,
1410 457 1471 502 qui
1489 455 1742 499 ingeniosiores
1758 462 1858 496 sunt,
1885 456 1978 489 victu
1996 457 2102 489 etiam
2121 457 2232 489 abun-

1245 507 1427 541 dantiores
1444 507 1535 540 feeit.
1588 505 1626 539 ln
1647 518 1738 551 quae
1764 506 1858 539 enim
1883 519 1977 540 nunc
2000 514 2158 542 errantes
2181 507 2234 540 in·

1246 560 1384 598 cidunt,
1413 571 1452 591 ea
1478 557 1672 602 expeditius·
1689 558 1778 590 serre
1797 557 1927 591 (locuit.
1979 557 2025 591 At
2042 570 2144 598 vero,
2173 557 2235 604 qui

1247 610 1414 642 inferiore
1433 609 1575 652 ingenio
1595 608 1706 641 dotati
1726 608 1959 648 xidcbuntur,
1993 621 2056 641 nec
2074 610 2233 653 egregios

1247 667 1450 700 certatores,
1476 672 1539 693 nec
1555 660 1744 703 scriptores
1762 659 1904 705 quidem
1922 660 2120 703 perfecerit,
2146 661 2234 695 alios

1247 713 1301 745 vel
1326 725 1387 746 sua
1412 712 1572 756 ipsorum
1598 710 1770 744 industria
1794 710 2015 755 provexerit,
2055 710 2101 743 ita
2127 717 2165 744 ut
2189 712 2234 744 ad

1248 764 1417 809 pleraque
1453 760 1645 796 habiliores
1676 762 1773 795 fiant.
1834 761 1950 794 Verba
1981 761 2115 795 Graeca
2148 759 2234 795 haec

1246 821 1345 848 sunt:
1385 813 1467 850 ΓὈτι
1501 811 1627 848 πολλοὶ
1662 810 1733 857 μὲν
1769 814 1846 847 τῶν
1885 809 2234 859 φιλοσοφησάντων,

1247 864 1391 900 ἰδιῶται
1408 863 1614 900 διετέλεσαν
1632 862 1751 902 ὄντες,
1787 862 1888 898 ἄλλοι
1904 861 1948 898 δέ
1960 876 2054 903 τινες
2070 861 2194 898 οὐδενὶ
2202 864 2234 908 ⁰)

1247 929 1393 951 πωποτε
1410 912 1674 962 συ77ενόιιενοι
1699 916 1776 948 τῶν
1799 916 2007 960 σοφιστῶν,
2033 912 2095 948 καὶ
2107 913 2234 973 λέγειν

1247 966 1307 1002 καὶ
1322 965 1580 1001 Ἳολιτεύισθαι
1596 962 1710 999 δεινοι
1726 962 1937 1012 γεγόνασιν.
2000 964 2049 998 Αἱ
2071 962 2137 1000 ιιὲν
2158 964 2233 1012 γὰρ

1248 1015 1425 1061 δυνάιιεις
1448 1014 1511 1050 καὶ
1528 1017 1608 1049 τῶν
1633 1012 1755 1061 λόγων
1776 1013 1839 1049 καὶ
1865 1017 1943 1050 τῶν
1965 1014 2086 1050 ἄλλων
2110 1015 2231 1062 ἔργων

1249 1065 1448 1110 ἁπάντων,
1477 1065 1516 1100 ἐν
1531 1067 1607 1104 τοῖς
1623 1062 1800 1111 εὐφύεσιν
1817 1063 2059 1125 ἐγγίγνονται
2075 1079 2136 1100 και
2158 1068 2234 1106 τοῖς

1249 1130 1331 1164 περι
1361 1116 1427 1156 τὰς
1460 1114 1646 1162 ἐιιπειρίας
1665 1127 2000 1163 γεγυιινασιιενοις·
2041 1114 2062 1161 ἡ
2088 1113 2128 1150 δὲ
2148 1129 2234 1150 παι-

1249 1167 1372 1207 δευσις
1395 1165 1483 1206 τοὺς
1514 1164 1584 1211 ιιὲν
1610 1165 1802 1205 τοιούτους
1830 1179 2131 1211 fovmwnpovg,
2172 1166 2236 1202 καὶ

1249 1218 1340 1265 πρὸς
1354 1217 1396 1254 τὸ
1414 1217 1480 1264 ζῆν
1499 1216 1773 1276 εὐπορωτέρους
1788 1216 1974 1262 ἐποίησιν·
2002 1215 2056 1256 οἷς
2075 1220 2149 1265 γὰρ
2171 1216 2236 1252 καὶ

1248 1273 1320 1306 νῦν
1337 1265 1606 1327 ἕντυγχανουσι
1622 1264 1876 1312 πλανωιιενοι,
1904 1270 2023 1303 ταῦτα
2040 1267 2077 1308 ἐξ
2092 1267 2236 1313 ἑτοιιιο-

1248 1334 1356 1368 τερου
1381 1316 1588 1365 λαυβάνειν
1609 1317 1772 1359 ἐδίδαξε·
1813 1316 1901 1358 τοὺς
1929 1315 1970 1354 δὲ
2000 1317 2237 1354 καταδεεστέ-

1250 1369 1462 1417 ραν10)τὴν
1480 1367 1596 1417 ([ύσιν
1620 1369 1790 1414 ἔχοντας,
1818 1367 2028 1416 ἀγωνιστὰς
2048 1367 2118 1414 μὲν
2141 1369 2236 1418 ἁγα-

1251 1421 1375 1462 θοὺς’
1360 1437 1381 1468 η
1399 1419 1464 1470 λό7
1467 1434 1520 1455 ων
1538 1419 1699 1466 ποιητὰς,
1728 1420 1796 1456 οὐκ
1815 1418 1864 1455 ἂν
1880 1419 2138 1462 ἅποτελέσειεν,
2167 1420 2235 1456 αὐ-

1249 1487 1336 1513 τους
1351 1471 1426 1508 δὲ
1409 1471 1455 1507 (ἰν
1474 1469 1600 1507 αὑτῶν
1616 1471 1888 1532 προαγάγοιτο,
1919 1469 1982 1506 καὶ
2006 1469 2097 1517 πρὸς
2119 1470 2235 1507 πολλὰ

1251 1536 1533 1571 φρονιιιωῖερον
1556 1520 1768 1557 διακεῖσθαι
1790 1519 1982 1568 ποιήσειεν.
2044 1522 2108 1555 Hic
2137 1523 2235 1557 locus

1250 1583 1398 1610 testatur
1415 1575 1605 1619 perfectam
1623 1573 1832 1618 sapientiam
1852 1585 1892 1606 ac
1911 1573 2078 1607 virtutem
2102 1573 2150 1606 ita
2177 1575 2237 1606 ‹le-

1251 1640 1347 1659 mum
1384 1626 1550 1664 existere,
1592 1637 1670 1657 cnm
1699 1626 1742 1657 ad
1775 1626 1906 1658 bonam
1935 1630 2100 1658 naturam
2143 1624 2234 1658 ratio

1250 1677 1483 1722 doctrinaque
1500 1675 1693 1708 accesserit.

1284 1749 1847 1805 9)013‹l“ev1]Ed.1568,male:0215001.

1287 1817 1332 1850 10)
1351 1817 1581 1850 κιιταδεεσιέραι]
1600 1818 1737 1845 Ed.1568.
1757 1819 1900 1849 corrupte:
1927 1816 1996 1842 xant
2016 1815 2166 1850 δεεστέραν.
