<?xml version="1.0" encoding="UTF-8"?>
<!DOCTYPE html PUBLIC "-//W3C//DTD XHTML 1.0 Transitional//EN"
    "http://www.w3.org/TR/xhtml1/DTD/xhtml1-transitional.dtd">
<html xmlns="http://www.w3.org/1999/xhtml" xml:lang="en" lang="en">
 <head>
  <title>
</title>
<meta http-equiv="Content-Type" content="text/html;charset=utf-8" />
  <meta name='ocr-system' content='tesseract 3.04.00' />
  <meta name='ocr-capabilities' content='ocr_page ocr_carea ocr_par ocr_line ocrx_word'/>
</head>
<body>
  <div class='ocr_page' id='page_1' title='image "./operaquaesupersu16melauoft/operaquaesupersu16melauoft_0242.png"; bbox 0 0 2347 3000; ppageno 0'>
   <div class='ocr_carea' id='block_1_1' title="bbox 236 123 310 160">
    <p class='ocr_par' dir='ltr' id='par_1_1' title="bbox 236 123 310 160">
     <span class='ocr_line' id='line_1_1' title="bbox 236 123 310 160; baseline 0 0"><span class='ocrx_word' id='word_1_1' title='bbox 236 123 310 160; x_wconf 82' lang='lat'>455</span> 
     </span>
    </p>
   </div>
   <div class='ocr_carea' id='block_1_2' title="bbox 237 213 1226 2541">
    <p class='ocr_par' dir='ltr' id='par_1_2' title="bbox 237 213 1216 307">
     <span class='ocr_line' id='line_1_2' title="bbox 237 213 1216 258; baseline 0.002 -15"><span class='ocrx_word' id='word_1_2' title='bbox 237 223 375 252; x_wconf 88' lang='lat' dir='ltr'>sumus,</span> <span class='ocrx_word' id='word_1_3' title='bbox 418 214 622 248; x_wconf 83' lang='lat' dir='ltr'>exordimur</span> <span class='ocrx_word' id='word_1_4' title='bbox 653 227 671 248; x_wconf 90' lang='lat' dir='ltr'>a</span> <span class='ocrx_word' id='word_1_5' title='bbox 705 214 939 258; x_wconf 77' lang='lat' dir='ltr'><strong>descriptione</strong></span> <span class='ocrx_word' id='word_1_6' title='bbox 965 213 1142 253; x_wconf 72' lang='lat' dir='ltr'>veritatis,</span> <span class='ocrx_word' id='word_1_7' title='bbox 1175 224 1216 245; x_wconf 90' lang='lat' dir='ltr'>eo</span> 
     </span>
     <span class='ocr_line' id='line_1_3' title="bbox 239 264 1075 307; baseline 0.002 -12"><span class='ocrx_word' id='word_1_8' title='bbox 239 264 334 307; x_wconf 90' lang='lat' dir='ltr'>quod</span> <span class='ocrx_word' id='word_1_9' title='bbox 355 264 551 298; x_wconf 86' lang='lat' dir='ltr'>iuramenta</span> <span class='ocrx_word' id='word_1_10' title='bbox 569 272 649 299; x_wconf 89' lang='lat' dir='ltr'>sunt</span> <span class='ocrx_word' id='word_1_11' title='bbox 669 265 825 298; x_wconf 75' lang='lat' dir='ltr'>veritatis</span> <span class='ocrx_word' id='word_1_12' title='bbox 841 264 1075 297; x_wconf 74' lang='lat' dir='ltr'>confirmatio.</span> 
     </span>
    </p>

    <p class='ocr_par' dir='ltr' id='par_1_3' title="bbox 237 315 1221 661">
     <span class='ocr_line' id='line_1_4' title="bbox 339 315 1218 349; baseline -0.001 -3"><span class='ocrx_word' id='word_1_13' title='bbox 339 315 565 348; x_wconf 84' lang='lat' dir='ltr'>Admonendi</span> <span class='ocrx_word' id='word_1_14' title='bbox 598 321 678 349; x_wconf 91' lang='lat' dir='ltr'>sunt</span> <span class='ocrx_word' id='word_1_15' title='bbox 713 321 829 347; x_wconf 85' lang='lat' dir='ltr'>antem</span> <span class='ocrx_word' id='word_1_16' title='bbox 855 315 1010 348; x_wconf 84' lang='lat' dir='ltr'>iuniores</span> <span class='ocrx_word' id='word_1_17' title='bbox 1043 315 1084 346; x_wconf 88' lang='lat' dir='ltr'>de</span> <span class='ocrx_word' id='word_1_18' title='bbox 1117 326 1218 346; x_wconf 69' lang='lat' dir='ltr'>voca-</span> 
     </span>
     <span class='ocr_line' id='line_1_5' title="bbox 240 363 1219 410; baseline 0.002 -16"><span class='ocrx_word' id='word_1_19' title='bbox 240 363 336 398; x_wconf 89' lang='lat' dir='ltr'>bulo.</span> <span class='ocrx_word' id='word_1_20' title='bbox 401 365 603 410; x_wconf 77' lang='lat' dir='ltr'>Aliquando</span> <span class='ocrx_word' id='word_1_21' title='bbox 629 365 755 397; x_wconf 72' lang='lat' dir='ltr'>veritas</span> <span class='ocrx_word' id='word_1_22' title='bbox 778 365 950 408; x_wconf 84' lang='lat' dir='ltr'>significat</span> <span class='ocrx_word' id='word_1_23' title='bbox 974 365 1136 397; x_wconf 89' lang='lat' dir='ltr'>notitiam</span> <span class='ocrx_word' id='word_1_24' title='bbox 1163 378 1219 396; x_wconf 74' lang='lat' dir='ltr'>ve-</span> 
     </span>
     <span class='ocr_line' id='line_1_6' title="bbox 239 416 1220 454; baseline 0.002 -9"><span class='ocrx_word' id='word_1_25' title='bbox 239 425 336 454; x_wconf 80' lang='lat' dir='ltr'>ram,</span> <span class='ocrx_word' id='word_1_26' title='bbox 370 428 431 448; x_wconf 83' lang='lat' dir='ltr'>seu</span> <span class='ocrx_word' id='word_1_27' title='bbox 455 427 653 449; x_wconf 79' lang='lat' dir='ltr'>sermonem</span> <span class='ocrx_word' id='word_1_28' title='bbox 680 427 821 454; x_wconf 69' lang='lat' dir='ltr'>verunt,</span> <span class='ocrx_word' id='word_1_29' title='bbox 855 428 916 448; x_wconf 81' lang='lat' dir='ltr'>seu</span> <span class='ocrx_word' id='word_1_30' title='bbox 942 416 1139 448; x_wconf 86' lang='lat' dir='ltr'>doctrinam</span> <span class='ocrx_word' id='word_1_31' title='bbox 1165 428 1220 447; x_wconf 66' lang='lat' dir='ltr'>xe-</span> 
     </span>
     <span class='ocr_line' id='line_1_7' title="bbox 238 466 1219 509; baseline 0.001 -13"><span class='ocrx_word' id='word_1_32' title='bbox 238 475 328 504; x_wconf 86' lang='lat' dir='ltr'>ram,</span> <span class='ocrx_word' id='word_1_33' title='bbox 357 466 517 498; x_wconf 65' lang='lat' dir='ltr'>videlicet</span> <span class='ocrx_word' id='word_1_34' title='bbox 536 478 613 498; x_wconf 91' lang='lat' dir='ltr'>cum</span> <span class='ocrx_word' id='word_1_35' title='bbox 632 477 669 497; x_wconf 87' lang='lat' dir='ltr'>re</span> <span class='ocrx_word' id='word_1_36' title='bbox 687 473 950 509; x_wconf 82' lang='lat' dir='ltr'>congruentem,</span> <span class='ocrx_word' id='word_1_37' title='bbox 972 472 1011 499; x_wconf 90' lang='lat' dir='ltr'>ut</span> <span class='ocrx_word' id='word_1_38' title='bbox 1028 479 1106 498; x_wconf 83' lang='lat' dir='ltr'>cum</span> <span class='ocrx_word' id='word_1_39' title='bbox 1125 466 1219 498; x_wconf 78' lang='lat' dir='ltr'>diro:</span> 
     </span>
     <span class='ocr_line' id='line_1_8' title="bbox 237 514 1221 562; baseline 0.002 -16"><span class='ocrx_word' id='word_1_40' title='bbox 237 514 468 548; x_wconf 85' lang='lat' dir='ltr'>Arithmetica</span> <span class='ocrx_word' id='word_1_41' title='bbox 505 523 555 548; x_wconf 88' lang='lat' dir='ltr'>est</span> <span class='ocrx_word' id='word_1_42' title='bbox 589 516 728 550; x_wconf 66' lang='lat' dir='ltr'>veritas.</span> <span class='ocrx_word' id='word_1_43' title='bbox 807 517 863 550; x_wconf 90' lang='lat' dir='ltr'>Sic</span> <span class='ocrx_word' id='word_1_44' title='bbox 898 517 1056 562; x_wconf 87' lang='lat' dir='ltr'>loquitur</span> <span class='ocrx_word' id='word_1_45' title='bbox 1091 517 1221 549; x_wconf 86' lang='lat' dir='ltr'>Paulus</span> 
     </span>
     <span class='ocr_line' id='line_1_9' title="bbox 241 565 1220 611; baseline 0.002 -15"><span class='ocrx_word' id='word_1_46' title='bbox 241 565 363 609; x_wconf 81' lang='lat' dir='ltr'>(Rom.</span> <span class='ocrx_word' id='word_1_47' title='bbox 382 566 413 605; x_wconf 89' lang='lat'>1,</span> <span class='ocrx_word' id='word_1_48' title='bbox 435 566 528 611; x_wconf 82' lang='lat'>18.):</span> <span class='ocrx_word' id='word_1_49' title='bbox 568 565 761 599; x_wconf 67' lang='lat' dir='ltr'>Veritatem</span> <span class='ocrx_word' id='word_1_50' title='bbox 789 567 854 600; x_wconf 88' lang='lat' dir='ltr'>Dei</span> <span class='ocrx_word' id='word_1_51' title='bbox 877 567 912 600; x_wconf 87' lang='lat' dir='ltr'>in</span> <span class='ocrx_word' id='word_1_52' title='bbox 940 567 1109 601; x_wconf 87' lang='lat' dir='ltr'>iniustitia</span> <span class='ocrx_word' id='word_1_53' title='bbox 1135 568 1220 601; x_wconf 54' lang='lat' dir='ltr'>deth</span> 
     </span>
     <span class='ocr_line' id='line_1_10' title="bbox 238 617 1061 661; baseline 0.006 -14"><span class='ocrx_word' id='word_1_54' title='bbox 238 622 342 655; x_wconf 89' lang='lat' dir='ltr'>nent,</span> <span class='ocrx_word' id='word_1_55' title='bbox 369 617 402 648; x_wconf 92' lang='lat' dir='ltr'>id</span> <span class='ocrx_word' id='word_1_56' title='bbox 423 623 493 655; x_wconf 86' lang='lat' dir='ltr'>est,</span> <span class='ocrx_word' id='word_1_57' title='bbox 521 628 640 649; x_wconf 82' lang='lat' dir='ltr'>veram</span> <span class='ocrx_word' id='word_1_58' title='bbox 660 618 824 651; x_wconf 85' lang='lat' dir='ltr'>notitiam</span> <span class='ocrx_word' id='word_1_59' title='bbox 844 618 940 661; x_wconf 80' lang='lat' dir='ltr'>legis.</span> <span class='ocrx_word' id='word_1_60' title='bbox 1058 654 1061 658; x_wconf 73' lang='grc'><em>,</em></span> 
     </span>
    </p>

    <p class='ocr_par' dir='ltr' id='par_1_4' title="bbox 238 666 1222 803">
     <span class='ocr_line' id='line_1_11' title="bbox 340 666 1222 712; baseline 0.001 -14"><span class='ocrx_word' id='word_1_61' title='bbox 340 666 543 712; x_wconf 73' lang='lat' dir='ltr'>Aliquando</span> <span class='ocrx_word' id='word_1_62' title='bbox 561 667 733 711; x_wconf 76' lang='lat' dir='ltr'>significat</span> <span class='ocrx_word' id='word_1_63' title='bbox 757 669 941 708; x_wconf 62' lang='lat' dir='ltr'>virtutem,</span> <span class='ocrx_word' id='word_1_64' title='bbox 974 676 1013 701; x_wconf 91' lang='lat' dir='ltr'>ut</span> <span class='ocrx_word' id='word_1_65' title='bbox 1036 681 1113 701; x_wconf 87' lang='lat' dir='ltr'>cum</span> <span class='ocrx_word' id='word_1_66' title='bbox 1130 668 1222 700; x_wconf 90' lang='lat' dir='ltr'>Pau-</span> 
     </span>
     <span class='ocr_line' id='line_1_12' title="bbox 238 716 1220 764; baseline 0.002 -16"><span class='ocrx_word' id='word_1_67' title='bbox 238 716 292 749; x_wconf 91' lang='lat' dir='ltr'>lus</span> <span class='ocrx_word' id='word_1_68' title='bbox 309 716 440 762; x_wconf 85' lang='lat' dir='ltr'>inquit:</span> <span class='ocrx_word' id='word_1_69' title='bbox 470 717 662 751; x_wconf 73' lang='lat' dir='ltr'>Veritatem</span> <span class='ocrx_word' id='word_1_70' title='bbox 680 717 833 764; x_wconf 63' lang='lat' dir='ltr'>facite*).</span> <span class='ocrx_word' id='word_1_71' title='bbox 873 718 957 752; x_wconf 82' lang='lat' dir='ltr'>Item</span> <span class='ocrx_word' id='word_1_72' title='bbox 977 732 1054 752; x_wconf 91' lang='lat' dir='ltr'>cum</span> <span class='ocrx_word' id='word_1_73' title='bbox 1075 719 1220 752; x_wconf 83' lang='lat' dir='ltr'>dicitur:</span> 
     </span>
     <span class='ocr_line' id='line_1_13' title="bbox 238 765 1094 803; baseline 0.004 -4"><span class='ocrx_word' id='word_1_74' title='bbox 238 765 378 801; x_wconf 79' lang='lat' dir='ltr'>Veritas</span> <span class='ocrx_word' id='word_1_75' title='bbox 394 773 444 801; x_wconf 87' lang='lat' dir='ltr'>est</span> <span class='ocrx_word' id='word_1_76' title='bbox 458 768 728 803; x_wconf 87' lang='lat' dir='ltr'>fundamentum</span> <span class='ocrx_word' id='word_1_77' title='bbox 745 771 895 802; x_wconf 86' lang='lat' dir='ltr'>aliarum</span> <span class='ocrx_word' id='word_1_78' title='bbox 911 770 1094 803; x_wconf 67' lang='lat' dir='ltr'>virtutum.</span> 
     </span>
    </p>

    <p class='ocr_par' dir='ltr' id='par_1_5' title="bbox 239 817 1225 1217">
     <span class='ocr_line' id='line_1_14' title="bbox 338 817 1221 854; baseline -0.001 -3"><span class='ocrx_word' id='word_1_79' title='bbox 338 817 402 852; x_wconf 84' lang='lat' dir='ltr'>Est</span> <span class='ocrx_word' id='word_1_80' title='bbox 419 825 535 851; x_wconf 90' lang='lat' dir='ltr'>autem</span> <span class='ocrx_word' id='word_1_81' title='bbox 557 820 667 853; x_wconf 76' lang='lat' dir='ltr'>virtus</span> <span class='ocrx_word' id='word_1_82' title='bbox 692 821 819 854; x_wconf 79' lang='lat' dir='ltr'>veritas</span> <span class='ocrx_word' id='word_1_83' title='bbox 845 833 906 854; x_wconf 83' lang='lat' dir='ltr'>seu</span> <span class='ocrx_word' id='word_1_84' title='bbox 928 820 1098 854; x_wconf 69' lang='lat' dir='ltr'>veracitas</span> <span class='ocrx_word' id='word_1_85' title='bbox 1122 820 1221 852; x_wconf 80' lang='lat' dir='ltr'>firma</span> 
     </span>
     <span class='ocr_line' id='line_1_15' title="bbox 239 866 1222 914; baseline 0 -13"><span class='ocrx_word' id='word_1_86' title='bbox 239 866 449 914; x_wconf 77' lang='grc' dir='ltr'><em>προαίρεσις</em></span> <span class='ocrx_word' id='word_1_87' title='bbox 464 869 500 902; x_wconf 87' lang='lat' dir='ltr'>in</span> <span class='ocrx_word' id='word_1_88' title='bbox 517 870 715 910; x_wconf 78' lang='lat' dir='ltr'>voluntate,</span> <span class='ocrx_word' id='word_1_89' title='bbox 745 872 780 904; x_wconf 90' lang='lat' dir='ltr'>id</span> <span class='ocrx_word' id='word_1_90' title='bbox 806 877 876 911; x_wconf 85' lang='lat' dir='ltr'>est,</span> <span class='ocrx_word' id='word_1_91' title='bbox 909 878 1111 904; x_wconf 75' lang='lat' dir='ltr'>constanter</span> <span class='ocrx_word' id='word_1_92' title='bbox 1136 870 1222 902; x_wconf 70' lang='lat' dir='ltr'>velle</span> 
     </span>
     <span class='ocr_line' id='line_1_16' title="bbox 240 919 1223 962; baseline 0 -11"><span class='ocrx_word' id='word_1_93' title='bbox 240 919 404 962; x_wconf 78' lang='lat' dir='ltr'>amplecti</span> <span class='ocrx_word' id='word_1_94' title='bbox 429 932 528 954; x_wconf 84' lang='lat' dir='ltr'>veras</span> <span class='ocrx_word' id='word_1_95' title='bbox 557 922 766 961; x_wconf 81' lang='lat' dir='ltr'>sententias,</span> <span class='ocrx_word' id='word_1_96' title='bbox 807 922 922 954; x_wconf 91' lang='lat' dir='ltr'>dicere</span> <span class='ocrx_word' id='word_1_97' title='bbox 948 934 1049 961; x_wconf 73' lang='lat' dir='ltr'>vera,</span> <span class='ocrx_word' id='word_1_98' title='bbox 1082 932 1223 955; x_wconf 80' lang='lat' dir='ltr'>servare</span> 
     </span>
     <span class='ocr_line' id='line_1_17' title="bbox 240 970 1223 1016; baseline 0.003 -15"><span class='ocrx_word' id='word_1_99' title='bbox 240 976 341 1012; x_wconf 84' lang='lat' dir='ltr'>pacta</span> <span class='ocrx_word' id='word_1_100' title='bbox 354 996 363 1010; x_wconf 88' lang='lat'>‚</span> <span class='ocrx_word' id='word_1_101' title='bbox 391 970 427 1003; x_wconf 92' lang='lat' dir='ltr'>in</span> <span class='ocrx_word' id='word_1_102' title='bbox 443 983 605 1004; x_wconf 81' lang='lat' dir='ltr'>sermone</span> <span class='ocrx_word' id='word_1_103' title='bbox 623 979 656 1004; x_wconf 85' lang='lat' dir='ltr'>et</span> <span class='ocrx_word' id='word_1_104' title='bbox 671 979 767 1015; x_wconf 79' lang='lat' dir='ltr'>gestu</span> <span class='ocrx_word' id='word_1_105' title='bbox 786 985 864 1006; x_wconf 93' lang='lat' dir='ltr'>cum</span> <span class='ocrx_word' id='word_1_106' title='bbox 887 973 992 1006; x_wconf 90' lang='lat' dir='ltr'>rebus</span> <span class='ocrx_word' id='word_1_107' title='bbox 1018 984 1223 1016; x_wconf 82' lang='lat' dir='ltr'>congruere.</span> 
     </span>
     <span class='ocr_line' id='line_1_18' title="bbox 239 1018 1222 1068; baseline 0.003 -17"><span class='ocrx_word' id='word_1_108' title='bbox 239 1018 353 1053; x_wconf 87' lang='lat' dir='ltr'>Huius</span> <span class='ocrx_word' id='word_1_109' title='bbox 368 1021 506 1054; x_wconf 78' lang='lat' dir='ltr'>virtutis</span> <span class='ocrx_word' id='word_1_110' title='bbox 524 1034 604 1066; x_wconf 89' lang='lat' dir='ltr'>pars</span> <span class='ocrx_word' id='word_1_111' title='bbox 623 1029 655 1055; x_wconf 86' lang='lat' dir='ltr'>et</span> <span class='ocrx_word' id='word_1_112' title='bbox 671 1024 819 1057; x_wconf 85' lang='lat' dir='ltr'>fidelitas</span> <span class='ocrx_word' id='word_1_113' title='bbox 838 1024 1062 1063; x_wconf 85' lang='lat' dir='ltr'>nominatur,</span> <span class='ocrx_word' id='word_1_114' title='bbox 1090 1025 1132 1056; x_wconf 85' lang='lat' dir='ltr'>de</span> <span class='ocrx_word' id='word_1_115' title='bbox 1155 1035 1222 1068; x_wconf 89' lang='lat' dir='ltr'>qua</span> 
     </span>
     <span class='ocr_line' id='line_1_19' title="bbox 240 1069 1225 1107; baseline 0.003 -6"><span class='ocrx_word' id='word_1_116' title='bbox 240 1069 369 1103; x_wconf 89' lang='lat' dir='ltr'>dicitur</span> <span class='ocrx_word' id='word_1_117' title='bbox 387 1072 422 1104; x_wconf 91' lang='lat' dir='ltr'>in</span> <span class='ocrx_word' id='word_1_118' title='bbox 438 1070 491 1105; x_wconf 82' lang='lat' dir='ltr'>liis</span> <span class='ocrx_word' id='word_1_119' title='bbox 507 1073 623 1106; x_wconf 89' lang='lat' dir='ltr'>dictis:</span> <span class='ocrx_word' id='word_1_120' title='bbox 651 1073 721 1106; x_wconf 84' lang='lat' dir='ltr'>Fac</span> <span class='ocrx_word' id='word_1_121' title='bbox 737 1086 874 1107; x_wconf 86' lang='lat' dir='ltr'>mecum</span> <span class='ocrx_word' id='word_1_122' title='bbox 893 1074 1173 1107; x_wconf 86' lang='lat' dir='ltr'>misericordiam</span> <span class='ocrx_word' id='word_1_123' title='bbox 1192 1079 1225 1105; x_wconf 88' lang='lat' dir='ltr'>et</span> 
     </span>
     <span class='ocr_line' id='line_1_20' title="bbox 243 1121 1222 1168; baseline 0.004 -16"><span class='ocrx_word' id='word_1_124' title='bbox 243 1121 425 1155; x_wconf 89' lang='lat' dir='ltr'>veritatem</span> <span class='ocrx_word' id='word_1_125' title='bbox 439 1122 490 1168; x_wconf 71' lang='lat'>²),</span> <span class='ocrx_word' id='word_1_126' title='bbox 519 1123 554 1156; x_wconf 86' lang='lat' dir='ltr'>id</span> <span class='ocrx_word' id='word_1_127' title='bbox 579 1129 646 1163; x_wconf 88' lang='lat' dir='ltr'>est,</span> <span class='ocrx_word' id='word_1_128' title='bbox 673 1125 941 1158; x_wconf 86' lang='lat' dir='ltr'>beneficentiam</span> <span class='ocrx_word' id='word_1_129' title='bbox 965 1131 998 1157; x_wconf 93' lang='lat' dir='ltr'>et</span> <span class='ocrx_word' id='word_1_130' title='bbox 1021 1125 1222 1157; x_wconf 85' lang='lat' dir='ltr'>fidelitatem</span> 
     </span>
     <span class='ocr_line' id='line_1_21' title="bbox 241 1174 646 1217; baseline 0.01 -14"><span class='ocrx_word' id='word_1_131' title='bbox 241 1179 439 1207; x_wconf 83' lang='lat' dir='ltr'>servantem</span> <span class='ocrx_word' id='word_1_132' title='bbox 460 1174 646 1217; x_wconf 86' lang='lat' dir='ltr'>promissa.</span> 
     </span>
    </p>

    <p class='ocr_par' dir='ltr' id='par_1_6' title="bbox 239 1223 1226 1563">
     <span class='ocr_line' id='line_1_22' title="bbox 342 1223 1224 1270; baseline 0.002 -14"><span class='ocrx_word' id='word_1_133' title='bbox 342 1223 431 1256; x_wconf 84' lang='lat' dir='ltr'>Sunt</span> <span class='ocrx_word' id='word_1_134' title='bbox 447 1231 480 1257; x_wconf 90' lang='lat' dir='ltr'>et</span> <span class='ocrx_word' id='word_1_135' title='bbox 493 1225 582 1257; x_wconf 88' lang='lat' dir='ltr'>aliae</span> <span class='ocrx_word' id='word_1_136' title='bbox 601 1223 736 1257; x_wconf 71' lang='lat' dir='ltr'>vicinae</span> <span class='ocrx_word' id='word_1_137' title='bbox 753 1225 1019 1269; x_wconf 76' lang='lat' dir='ltr'>appellationes,</span> <span class='ocrx_word' id='word_1_138' title='bbox 1035 1231 1074 1258; x_wconf 92' lang='lat' dir='ltr'>ut</span> <span class='ocrx_word' id='word_1_139' title='bbox 1085 1224 1224 1270; x_wconf 88' lang='lat' dir='ltr'>(Ioann.</span> 
     </span>
     <span class='ocr_line' id='line_1_23' title="bbox 242 1271 1226 1318; baseline 0.002 -13"><span class='ocrx_word' id='word_1_140' title='bbox 242 1271 301 1312; x_wconf 83' lang='grc'>14,</span> <span class='ocrx_word' id='word_1_141' title='bbox 323 1273 390 1318; x_wconf 89' lang='grc'>6.);</span> <span class='ocrx_word' id='word_1_142' title='bbox 434 1274 509 1318; x_wconf 79' lang='lat' dir='ltr'>Ego</span> <span class='ocrx_word' id='word_1_143' title='bbox 531 1288 607 1308; x_wconf 88' lang='lat' dir='ltr'>sum</span> <span class='ocrx_word' id='word_1_144' title='bbox 633 1274 707 1315; x_wconf 77' lang='lat' dir='ltr'>via,</span> <span class='ocrx_word' id='word_1_145' title='bbox 750 1276 822 1307; x_wconf 69' lang='lat' dir='ltr'>vita</span> <span class='ocrx_word' id='word_1_146' title='bbox 850 1282 884 1308; x_wconf 89' lang='lat' dir='ltr'>et</span> <span class='ocrx_word' id='word_1_147' title='bbox 906 1276 1047 1310; x_wconf 86' lang='lat' dir='ltr'>veritas.</span> <span class='ocrx_word' id='word_1_148' title='bbox 1115 1275 1226 1308; x_wconf 81' lang='lat' dir='ltr'>Meta—</span> 
     </span>
     <span class='ocr_line' id='line_1_24' title="bbox 239 1323 1225 1367; baseline 0.004 -13"><span class='ocrx_word' id='word_1_149' title='bbox 239 1323 345 1367; x_wconf 90' lang='lat' dir='ltr'>lepsis</span> <span class='ocrx_word' id='word_1_150' title='bbox 361 1330 429 1364; x_wconf 91' lang='lat' dir='ltr'>est,</span> <span class='ocrx_word' id='word_1_151' title='bbox 457 1325 492 1357; x_wconf 90' lang='lat' dir='ltr'>id</span> <span class='ocrx_word' id='word_1_152' title='bbox 511 1332 578 1365; x_wconf 84' lang='lat' dir='ltr'>est,</span> <span class='ocrx_word' id='word_1_153' title='bbox 614 1325 766 1359; x_wconf 81' lang='lat' dir='ltr'>efficiens</span> <span class='ocrx_word' id='word_1_154' title='bbox 791 1326 921 1366; x_wconf 74' lang='lat' dir='ltr'>vitam,</span> <span class='ocrx_word' id='word_1_155' title='bbox 956 1327 1143 1360; x_wconf 91' lang='lat' dir='ltr'>ostendens</span> <span class='ocrx_word' id='word_1_156' title='bbox 1167 1338 1225 1358; x_wconf 64' lang='lat' dir='ltr'>ve-</span> 
     </span>
     <span class='ocr_line' id='line_1_25' title="bbox 240 1375 1224 1415; baseline 0.004 -11"><span class='ocrx_word' id='word_1_157' title='bbox 240 1384 316 1406; x_wconf 89' lang='lat' dir='ltr'>ram</span> <span class='ocrx_word' id='word_1_158' title='bbox 333 1375 530 1409; x_wconf 71' lang='lat' dir='ltr'>doctrinam</span> <span class='ocrx_word' id='word_1_159' title='bbox 543 1403 552 1415; x_wconf 86' lang='lat'>,</span> <span class='ocrx_word' id='word_1_160' title='bbox 577 1376 718 1410; x_wconf 87' lang='lat' dir='ltr'>flectens</span> <span class='ocrx_word' id='word_1_161' title='bbox 738 1378 843 1409; x_wconf 86' lang='lat' dir='ltr'>corda</span> <span class='ocrx_word' id='word_1_162' title='bbox 861 1378 906 1410; x_wconf 88' lang='lat' dir='ltr'>ad</span> <span class='ocrx_word' id='word_1_163' title='bbox 922 1389 1026 1410; x_wconf 78' lang='lat' dir='ltr'>verae</span> <span class='ocrx_word' id='word_1_164' title='bbox 1043 1377 1224 1410; x_wconf 88' lang='lat' dir='ltr'>doctrinae</span> 
     </span>
     <span class='ocr_line' id='line_1_26' title="bbox 242 1426 1224 1467; baseline 0.003 -11"><span class='ocrx_word' id='word_1_165' title='bbox 242 1426 478 1459; x_wconf 80' lang='lat' dir='ltr'>assensionem</span> <span class='ocrx_word' id='word_1_166' title='bbox 492 1454 501 1467; x_wconf 94' lang='lat'>,</span> <span class='ocrx_word' id='word_1_167' title='bbox 529 1434 562 1459; x_wconf 85' lang='lat' dir='ltr'>et</span> <span class='ocrx_word' id='word_1_168' title='bbox 580 1427 732 1461; x_wconf 86' lang='lat' dir='ltr'>efficiens</span> <span class='ocrx_word' id='word_1_169' title='bbox 748 1439 829 1460; x_wconf 76' lang='lat' dir='ltr'>vera</span> <span class='ocrx_word' id='word_1_170' title='bbox 848 1434 881 1460; x_wconf 89' lang='lat' dir='ltr'>et</span> <span class='ocrx_word' id='word_1_171' title='bbox 905 1434 1047 1461; x_wconf 88' lang='lat' dir='ltr'>aeterna</span> <span class='ocrx_word' id='word_1_172' title='bbox 1071 1429 1164 1461; x_wconf 87' lang='lat' dir='ltr'>bona</span> <span class='ocrx_word' id='word_1_173' title='bbox 1189 1428 1224 1459; x_wconf 94' lang='lat' dir='ltr'>in</span> 
     </span>
     <span class='ocr_line' id='line_1_27' title="bbox 242 1475 1225 1518; baseline 0.005 -12"><span class='ocrx_word' id='word_1_174' title='bbox 242 1475 406 1510; x_wconf 82' lang='lat' dir='ltr'>cordibus</span> <span class='ocrx_word' id='word_1_175' title='bbox 426 1475 632 1518; x_wconf 86' lang='lat' dir='ltr'>hominum,</span> <span class='ocrx_word' id='word_1_176' title='bbox 664 1490 738 1511; x_wconf 91' lang='lat' dir='ltr'>non</span> <span class='ocrx_word' id='word_1_177' title='bbox 762 1479 918 1513; x_wconf 85' lang='lat' dir='ltr'>umbras.</span> <span class='ocrx_word' id='word_1_178' title='bbox 978 1479 1073 1512; x_wconf 88' lang='lat' dir='ltr'>Haec</span> <span class='ocrx_word' id='word_1_179' title='bbox 1098 1480 1140 1512; x_wconf 90' lang='lat' dir='ltr'>de</span> <span class='ocrx_word' id='word_1_180' title='bbox 1164 1491 1225 1511; x_wconf 65' lang='lat' dir='ltr'>vo-</span> 
     </span>
     <span class='ocr_line' id='line_1_28' title="bbox 242 1526 734 1563; baseline 0.012 -6"><span class='ocrx_word' id='word_1_181' title='bbox 242 1526 367 1559; x_wconf 89' lang='lat' dir='ltr'>cabulo</span> <span class='ocrx_word' id='word_1_182' title='bbox 384 1528 467 1561; x_wconf 89' lang='lat' dir='ltr'>satis</span> <span class='ocrx_word' id='word_1_183' title='bbox 483 1529 527 1562; x_wconf 89' lang='lat' dir='ltr'>sit</span> <span class='ocrx_word' id='word_1_184' title='bbox 543 1529 734 1563; x_wconf 85' lang='lat' dir='ltr'>monuisse.</span> 
     </span>
    </p>

    <p class='ocr_par' dir='ltr' id='par_1_7' title="bbox 239 1577 1225 1981">
     <span class='ocr_line' id='line_1_29' title="bbox 343 1577 1225 1613; baseline 0.001 -3"><span class='ocrx_word' id='word_1_185' title='bbox 343 1577 490 1612; x_wconf 71' lang='lat' dir='ltr'>Necesse</span> <span class='ocrx_word' id='word_1_186' title='bbox 525 1586 576 1612; x_wconf 92' lang='lat' dir='ltr'>est</span> <span class='ocrx_word' id='word_1_187' title='bbox 596 1586 712 1613; x_wconf 89' lang='lat' dir='ltr'>autem</span> <span class='ocrx_word' id='word_1_188' title='bbox 736 1579 826 1612; x_wconf 83' lang='lat' dir='ltr'>tueri</span> <span class='ocrx_word' id='word_1_189' title='bbox 849 1580 1033 1613; x_wconf 73' lang='lat' dir='ltr'>veritatem</span> <span class='ocrx_word' id='word_1_190' title='bbox 1062 1580 1099 1612; x_wconf 88' lang='lat' dir='ltr'>in</span> <span class='ocrx_word' id='word_1_191' title='bbox 1125 1579 1225 1612; x_wconf 86' lang='lat' dir='ltr'>dictis</span> 
     </span>
     <span class='ocr_line' id='line_1_30' title="bbox 242 1627 1225 1675; baseline 0.002 -16"><span class='ocrx_word' id='word_1_192' title='bbox 242 1627 348 1660; x_wconf 88' lang='lat' dir='ltr'>etiam</span> <span class='ocrx_word' id='word_1_193' title='bbox 372 1628 446 1662; x_wconf 88' lang='lat' dir='ltr'>sine</span> <span class='ocrx_word' id='word_1_194' title='bbox 470 1630 683 1664; x_wconf 86' lang='lat' dir='ltr'>iuramento.</span> <span class='ocrx_word' id='word_1_195' title='bbox 744 1631 811 1663; x_wconf 90' lang='lat' dir='ltr'>Sed</span> <span class='ocrx_word' id='word_1_196' title='bbox 835 1636 952 1663; x_wconf 82' lang='lat' dir='ltr'>tamen</span> <span class='ocrx_word' id='word_1_197' title='bbox 975 1629 1081 1675; x_wconf 67' lang='lat' dir='ltr'>hocss)</span> <span class='ocrx_word' id='word_1_198' title='bbox 1104 1630 1225 1662; x_wconf 84' lang='lat' dir='ltr'>vincu-</span> 
     </span>
     <span class='ocr_line' id='line_1_31' title="bbox 239 1677 1224 1726; baseline 0.003 -17"><span class='ocrx_word' id='word_1_199' title='bbox 239 1677 314 1710; x_wconf 83' lang='lat' dir='ltr'>lum</span> <span class='ocrx_word' id='word_1_200' title='bbox 332 1680 481 1720; x_wconf 88' lang='lat' dir='ltr'>accedit,</span> <span class='ocrx_word' id='word_1_201' title='bbox 510 1680 668 1714; x_wconf 81' lang='lat' dir='ltr'>videlicet</span> <span class='ocrx_word' id='word_1_202' title='bbox 683 1682 921 1714; x_wconf 86' lang='lat' dir='ltr'>iuramentum</span> <span class='ocrx_word' id='word_1_203' title='bbox 933 1708 942 1720; x_wconf 87' lang='lat'>,</span> <span class='ocrx_word' id='word_1_204' title='bbox 967 1682 1062 1726; x_wconf 86' lang='lat' dir='ltr'>quod</span> <span class='ocrx_word' id='word_1_205' title='bbox 1080 1693 1153 1713; x_wconf 86' lang='lat' dir='ltr'>non</span> <span class='ocrx_word' id='word_1_206' title='bbox 1171 1693 1224 1713; x_wconf 78' lang='lat' dir='ltr'>so-</span> 
     </span>
     <span class='ocr_line' id='line_1_32' title="bbox 239 1728 1224 1775; baseline 0.002 -15"><span class='ocrx_word' id='word_1_207' title='bbox 239 1728 312 1761; x_wconf 88' lang='lat' dir='ltr'>lum</span> <span class='ocrx_word' id='word_1_208' title='bbox 333 1741 492 1773; x_wconf 83' lang='lat' dir='ltr'>expresse</span> <span class='ocrx_word' id='word_1_209' title='bbox 516 1733 689 1775; x_wconf 78' lang='lat' dir='ltr'>approbat</span> <span class='ocrx_word' id='word_1_210' title='bbox 706 1732 801 1765; x_wconf 91' lang='lat' dir='ltr'>Deus</span> <span class='ocrx_word' id='word_1_211' title='bbox 824 1732 861 1763; x_wconf 87' lang='lat' dir='ltr'>in</span> <span class='ocrx_word' id='word_1_212' title='bbox 885 1732 959 1775; x_wconf 82' lang='lat' dir='ltr'>lege</span> <span class='ocrx_word' id='word_1_213' title='bbox 985 1745 1068 1771; x_wconf 91' lang='lat' dir='ltr'>sua,</span> <span class='ocrx_word' id='word_1_214' title='bbox 1096 1731 1224 1763; x_wconf 87' lang='lat' dir='ltr'>Deute-</span> 
     </span>
     <span class='ocr_line' id='line_1_33' title="bbox 241 1780 1224 1826; baseline 0.004 -16"><span class='ocrx_word' id='word_1_215' title='bbox 241 1791 320 1812; x_wconf 90' lang='lat' dir='ltr'>ron.</span> <span class='ocrx_word' id='word_1_216' title='bbox 340 1780 373 1819; x_wconf 89' lang='grc'>6,</span> <span class='ocrx_word' id='word_1_217' title='bbox 393 1781 505 1826; x_wconf 84' lang='grc'>(13.);</span> <span class='ocrx_word' id='word_1_218' title='bbox 541 1782 611 1815; x_wconf 88' lang='lat' dir='ltr'>Per</span> <span class='ocrx_word' id='word_1_219' title='bbox 630 1795 761 1816; x_wconf 90' lang='lat' dir='ltr'>nomen</span> <span class='ocrx_word' id='word_1_220' title='bbox 786 1781 860 1815; x_wconf 87' lang='lat' dir='ltr'>eius</span> <span class='ocrx_word' id='word_1_221' title='bbox 881 1783 1031 1820; x_wconf 88' lang='lat' dir='ltr'>iurabis;</span> <span class='ocrx_word' id='word_1_222' title='bbox 1066 1784 1125 1816; x_wconf 86' lang='lat' dir='ltr'>sed</span> <span class='ocrx_word' id='word_1_223' title='bbox 1152 1782 1224 1825; x_wconf 90' lang='lat' dir='ltr'>ipse</span> 
     </span>
     <span class='ocr_line' id='line_1_34' title="bbox 242 1830 1223 1878; baseline 0.003 -16"><span class='ocrx_word' id='word_1_224' title='bbox 242 1830 313 1863; x_wconf 88' lang='lat' dir='ltr'>suis</span> <span class='ocrx_word' id='word_1_225' title='bbox 330 1832 552 1866; x_wconf 80' lang='lat' dir='ltr'>sermonibus</span> <span class='ocrx_word' id='word_1_226' title='bbox 567 1846 670 1877; x_wconf 84' lang='lat' dir='ltr'>saepe</span> <span class='ocrx_word' id='word_1_227' title='bbox 689 1835 804 1873; x_wconf 82' lang='lat' dir='ltr'>addit,</span> <span class='ocrx_word' id='word_1_228' title='bbox 832 1839 870 1866; x_wconf 91' lang='lat' dir='ltr'>ut</span> <span class='ocrx_word' id='word_1_229' title='bbox 887 1833 1033 1878; x_wconf 88' lang='lat' dir='ltr'>(Psalm.</span> <span class='ocrx_word' id='word_1_230' title='bbox 1054 1834 1137 1872; x_wconf 89' lang='lat'>110,</span> <span class='ocrx_word' id='word_1_231' title='bbox 1154 1831 1223 1877; x_wconf 76' lang='grc'>4.);</span> 
     </span>
     <span class='ocr_line' id='line_1_35' title="bbox 240 1878 1223 1930; baseline 0.003 -18"><span class='ocrx_word' id='word_1_232' title='bbox 240 1878 374 1913; x_wconf 78' lang='lat' dir='ltr'>Iuravit</span> <span class='ocrx_word' id='word_1_233' title='bbox 390 1882 585 1924; x_wconf 87' lang='lat' dir='ltr'>Dominus,</span> <span class='ocrx_word' id='word_1_234' title='bbox 618 1891 651 1917; x_wconf 90' lang='lat' dir='ltr'>et</span> <span class='ocrx_word' id='word_1_235' title='bbox 668 1897 740 1917; x_wconf 88' lang='lat' dir='ltr'>non</span> <span class='ocrx_word' id='word_1_236' title='bbox 758 1884 954 1930; x_wconf 86' lang='lat' dir='ltr'>poenitebit</span> <span class='ocrx_word' id='word_1_237' title='bbox 975 1896 1066 1918; x_wconf 89' lang='lat' dir='ltr'>eum.</span> <span class='ocrx_word' id='word_1_238' title='bbox 1119 1883 1223 1916; x_wconf 88' lang='lat' dir='ltr'>Item:</span> 
     </span>
     <span class='ocr_line' id='line_1_36' title="bbox 240 1930 1084 1981; baseline 0.004 -16"><span class='ocrx_word' id='word_1_239' title='bbox 240 1930 332 1963; x_wconf 82' lang='lat' dir='ltr'>Vivo</span> <span class='ocrx_word' id='word_1_240' title='bbox 351 1944 413 1976; x_wconf 83' lang='lat' dir='ltr'>ego</span> <span class='ocrx_word' id='word_1_241' title='bbox 426 1960 434 1973; x_wconf 90' lang='lat'>,</span> <span class='ocrx_word' id='word_1_242' title='bbox 463 1935 546 1967; x_wconf 89' lang='lat' dir='ltr'>nolo</span> <span class='ocrx_word' id='word_1_243' title='bbox 565 1942 715 1969; x_wconf 91' lang='lat' dir='ltr'>mortem</span> <span class='ocrx_word' id='word_1_244' title='bbox 734 1935 928 1980; x_wconf 78' lang='lat' dir='ltr'>peccatoris</span> <span class='ocrx_word' id='word_1_245' title='bbox 945 1933 1084 1981; x_wconf 69' lang='lat' dir='ltr'>etc.**).</span> 
     </span>
    </p>

    <p class='ocr_par' dir='ltr' id='par_1_8' title="bbox 239 1982 1224 2387">
     <span class='ocr_line' id='line_1_37' title="bbox 340 1982 1224 2028; baseline 0.002 -13"><span class='ocrx_word' id='word_1_246' title='bbox 340 1982 403 2016; x_wconf 80' lang='lat' dir='ltr'>Est</span> <span class='ocrx_word' id='word_1_247' title='bbox 421 1992 536 2018; x_wconf 88' lang='lat' dir='ltr'>autem</span> <span class='ocrx_word' id='word_1_248' title='bbox 553 1986 791 2020; x_wconf 86' lang='lat' dir='ltr'>iuramentum</span> <span class='ocrx_word' id='word_1_249' title='bbox 809 1987 1018 2019; x_wconf 74' lang='lat' dir='ltr'>asseveratio</span> <span class='ocrx_word' id='word_1_250' title='bbox 1035 1987 1076 2018; x_wconf 87' lang='lat' dir='ltr'>de</span> <span class='ocrx_word' id='word_1_251' title='bbox 1092 1997 1129 2017; x_wconf 88' lang='lat' dir='ltr'>re</span> <span class='ocrx_word' id='word_1_252' title='bbox 1145 1997 1224 2028; x_wconf 86' lang='lat' dir='ltr'>pos-</span> 
     </span>
     <span class='ocr_line' id='line_1_38' title="bbox 241 2032 1223 2076; baseline 0.002 -11"><span class='ocrx_word' id='word_1_253' title='bbox 241 2032 334 2066; x_wconf 88' lang='lat' dir='ltr'>sibili</span> <span class='ocrx_word' id='word_1_254' title='bbox 359 2040 391 2066; x_wconf 89' lang='lat' dir='ltr'>et</span> <span class='ocrx_word' id='word_1_255' title='bbox 414 2034 527 2076; x_wconf 87' lang='lat' dir='ltr'>licita,</span> <span class='ocrx_word' id='word_1_256' title='bbox 568 2038 658 2069; x_wconf 86' lang='lat' dir='ltr'>sacta</span> <span class='ocrx_word' id='word_1_257' title='bbox 692 2050 770 2070; x_wconf 91' lang='lat' dir='ltr'>cum</span> <span class='ocrx_word' id='word_1_258' title='bbox 796 2037 1022 2069; x_wconf 79' lang='lat' dir='ltr'>invocatione</span> <span class='ocrx_word' id='word_1_259' title='bbox 1047 2036 1120 2069; x_wconf 76' lang='lat' dir='ltr'>veri</span> <span class='ocrx_word' id='word_1_260' title='bbox 1145 2035 1223 2075; x_wconf 82' lang='lat' dir='ltr'>Dei,</span> 
     </span>
     <span class='ocr_line' id='line_1_39' title="bbox 241 2085 1224 2131; baseline 0.002 -15"><span class='ocrx_word' id='word_1_261' title='bbox 241 2095 310 2128; x_wconf 85' lang='lat' dir='ltr'>qua</span> <span class='ocrx_word' id='word_1_262' title='bbox 327 2085 478 2128; x_wconf 89' lang='lat' dir='ltr'>petimus</span> <span class='ocrx_word' id='word_1_263' title='bbox 499 2094 537 2120; x_wconf 89' lang='lat' dir='ltr'>ut</span> <span class='ocrx_word' id='word_1_264' title='bbox 554 2088 597 2120; x_wconf 87' lang='lat' dir='ltr'>sit</span> <span class='ocrx_word' id='word_1_265' title='bbox 617 2089 710 2121; x_wconf 85' lang='lat' dir='ltr'>testis</span> <span class='ocrx_word' id='word_1_266' title='bbox 734 2089 929 2128; x_wconf 87' lang='lat' dir='ltr'>dictorum,</span> <span class='ocrx_word' id='word_1_267' title='bbox 957 2094 990 2120; x_wconf 87' lang='lat' dir='ltr'>et</span> <span class='ocrx_word' id='word_1_268' title='bbox 1014 2086 1139 2131; x_wconf 88' lang='lat' dir='ltr'>puniat</span> <span class='ocrx_word' id='word_1_269' title='bbox 1161 2087 1224 2118; x_wconf 84' lang='lat' dir='ltr'>fal-</span> 
     </span>
     <span class='ocr_line' id='line_1_40' title="bbox 240 2135 1223 2183; baseline 0.004 -17"><span class='ocrx_word' id='word_1_270' title='bbox 240 2135 368 2175; x_wconf 87' lang='lat' dir='ltr'>lentes,</span> <span class='ocrx_word' id='word_1_271' title='bbox 409 2143 441 2169; x_wconf 92' lang='lat' dir='ltr'>et</span> <span class='ocrx_word' id='word_1_272' title='bbox 464 2150 529 2171; x_wconf 93' lang='lat' dir='ltr'>nos</span> <span class='ocrx_word' id='word_1_273' title='bbox 557 2139 632 2182; x_wconf 88' lang='lat' dir='ltr'>ipso</span> <span class='ocrx_word' id='word_1_274' title='bbox 659 2145 743 2172; x_wconf 85' lang='lat' dir='ltr'>teste</span> <span class='ocrx_word' id='word_1_275' title='bbox 770 2141 813 2172; x_wconf 89' lang='lat' dir='ltr'>ad</span> <span class='ocrx_word' id='word_1_276' title='bbox 838 2150 989 2183; x_wconf 78' lang='lat' dir='ltr'>poenam</span> <span class='ocrx_word' id='word_1_277' title='bbox 1016 2139 1223 2181; x_wconf 80' lang='lat' dir='ltr'>obligamus,</span> 
     </span>
     <span class='ocr_line' id='line_1_41' title="bbox 241 2186 1223 2234; baseline 0.003 -17"><span class='ocrx_word' id='word_1_278' title='bbox 241 2186 431 2219; x_wconf 82' lang='lat' dir='ltr'>secundum</span> <span class='ocrx_word' id='word_1_279' title='bbox 451 2188 558 2232; x_wconf 90' lang='lat' dir='ltr'>ipsius</span> <span class='ocrx_word' id='word_1_280' title='bbox 581 2190 915 2230; x_wconf 84' lang='lat' dir='ltr'>comminationem,</span> <span class='ocrx_word' id='word_1_281' title='bbox 952 2190 1050 2234; x_wconf 82' lang='lat' dir='ltr'>quasi</span> <span class='ocrx_word' id='word_1_282' title='bbox 1076 2200 1223 2231; x_wconf 80' lang='lat' dir='ltr'>arguen-</span> 
     </span>
     <span class='ocr_line' id='line_1_42' title="bbox 240 2239 1223 2285; baseline 0.002 -16"><span class='ocrx_word' id='word_1_283' title='bbox 240 2243 291 2270; x_wconf 87' lang='lat' dir='ltr'>tes</span> <span class='ocrx_word' id='word_1_284' title='bbox 306 2248 384 2270; x_wconf 90' lang='lat' dir='ltr'>eum</span> <span class='ocrx_word' id='word_1_285' title='bbox 406 2240 601 2279; x_wconf 88' lang='lat' dir='ltr'>mendacii,</span> <span class='ocrx_word' id='word_1_286' title='bbox 634 2241 662 2273; x_wconf 87' lang='lat' dir='ltr'>si</span> <span class='ocrx_word' id='word_1_287' title='bbox 686 2253 758 2273; x_wconf 89' lang='lat' dir='ltr'>non</span> <span class='ocrx_word' id='word_1_288' title='bbox 782 2241 906 2285; x_wconf 85' lang='lat' dir='ltr'>puniat</span> <span class='ocrx_word' id='word_1_289' title='bbox 930 2241 1107 2278; x_wconf 87' lang='lat' dir='ltr'>fallentes,</span> <span class='ocrx_word' id='word_1_290' title='bbox 1135 2239 1223 2272; x_wconf 86' lang='lat' dir='ltr'>sicut</span> 
     </span>
     <span class='ocr_line' id='line_1_43' title="bbox 239 2287 1223 2336; baseline 0.005 -17"><span class='ocrx_word' id='word_1_291' title='bbox 239 2287 325 2319; x_wconf 86' lang='lat' dir='ltr'>dixit</span> <span class='ocrx_word' id='word_1_292' title='bbox 342 2287 468 2332; x_wconf 77' lang='lat' dir='ltr'>(Exod.</span> <span class='ocrx_word' id='word_1_293' title='bbox 485 2292 546 2331; x_wconf 77' lang='lat'>20,</span> <span class='ocrx_word' id='word_1_294' title='bbox 564 2291 631 2336; x_wconf 90' lang='lat'>7.):</span> <span class='ocrx_word' id='word_1_295' title='bbox 667 2291 746 2324; x_wconf 56' lang='lat' dir='ltr'>Non</span> <span class='ocrx_word' id='word_1_296' title='bbox 764 2290 906 2324; x_wconf 83' lang='lat' dir='ltr'>habebit</span> <span class='ocrx_word' id='word_1_297' title='bbox 925 2292 1099 2324; x_wconf 87' lang='lat' dir='ltr'>insontem</span> <span class='ocrx_word' id='word_1_298' title='bbox 1116 2290 1223 2330; x_wconf 86' lang='lat' dir='ltr'>Deus,</span> 
     </span>
     <span class='ocr_line' id='line_1_44' title="bbox 241 2338 949 2387; baseline 0.01 -18"><span class='ocrx_word' id='word_1_299' title='bbox 241 2338 398 2383; x_wconf 85' lang='lat' dir='ltr'>quisquis</span> <span class='ocrx_word' id='word_1_300' title='bbox 414 2353 501 2373; x_wconf 86' lang='lat' dir='ltr'>vane</span> <span class='ocrx_word' id='word_1_301' title='bbox 518 2342 698 2387; x_wconf 86' lang='lat' dir='ltr'>usurparit</span> <span class='ocrx_word' id='word_1_302' title='bbox 716 2355 846 2375; x_wconf 82' lang='lat' dir='ltr'>nomen</span> <span class='ocrx_word' id='word_1_303' title='bbox 865 2343 949 2376; x_wconf 88' lang='lat' dir='ltr'>eius.</span> 
     </span>
    </p>

    <p class='ocr_par' dir='ltr' id='par_1_9' title="bbox 239 2389 1220 2541">
     <span class='ocr_line' id='line_1_45' title="bbox 341 2389 1220 2438; baseline 0.003 -17"><span class='ocrx_word' id='word_1_304' title='bbox 341 2389 434 2423; x_wconf 85' lang='lat' dir='ltr'>Haec</span> <span class='ocrx_word' id='word_1_305' title='bbox 457 2393 613 2425; x_wconf 81' lang='lat' dir='ltr'>definitio</span> <span class='ocrx_word' id='word_1_306' title='bbox 638 2393 758 2438; x_wconf 83' lang='lat' dir='ltr'>aliquo</span> <span class='ocrx_word' id='word_1_307' title='bbox 782 2395 889 2426; x_wconf 87' lang='lat' dir='ltr'>modo</span> <span class='ocrx_word' id='word_1_308' title='bbox 917 2392 1086 2432; x_wconf 75' lang='lat' dir='ltr'>ostendit,</span> <span class='ocrx_word' id='word_1_309' title='bbox 1115 2404 1220 2437; x_wconf 86' lang='lat' dir='ltr'>quam</span> 
     </span>
     <span class='ocr_line' id='line_1_46' title="bbox 239 2438 1219 2489; baseline 0.005 -19"><span class='ocrx_word' id='word_1_310' title='bbox 239 2438 395 2472; x_wconf 88' lang='lat' dir='ltr'>terribile</span> <span class='ocrx_word' id='word_1_311' title='bbox 422 2442 598 2476; x_wconf 81' lang='lat' dir='ltr'>vinculum</span> <span class='ocrx_word' id='word_1_312' title='bbox 624 2444 667 2477; x_wconf 88' lang='lat' dir='ltr'>sit</span> <span class='ocrx_word' id='word_1_313' title='bbox 689 2444 947 2485; x_wconf 81' lang='lat' dir='ltr'>iuramentum,</span> <span class='ocrx_word' id='word_1_314' title='bbox 991 2450 1023 2476; x_wconf 88' lang='lat' dir='ltr'>et</span> <span class='ocrx_word' id='word_1_315' title='bbox 1049 2449 1219 2489; x_wconf 88' lang='lat' dir='ltr'>qnantum</span> 
     </span>
     <span class='ocr_line' id='line_1_47' title="bbox 240 2489 1220 2541; baseline 0.006 -21"><span class='ocrx_word' id='word_1_316' title='bbox 240 2489 325 2521; x_wconf 86' lang='lat' dir='ltr'>mali</span> <span class='ocrx_word' id='word_1_317' title='bbox 349 2491 392 2522; x_wconf 88' lang='lat' dir='ltr'>sit</span> <span class='ocrx_word' id='word_1_318' title='bbox 416 2492 559 2526; x_wconf 70' lang='lat' dir='ltr'>violatio</span> <span class='ocrx_word' id='word_1_319' title='bbox 583 2495 789 2536; x_wconf 81' lang='lat' dir='ltr'>iuramenti,</span> <span class='ocrx_word' id='word_1_320' title='bbox 825 2496 905 2541; x_wconf 88' lang='lat' dir='ltr'>quia</span> <span class='ocrx_word' id='word_1_321' title='bbox 931 2494 1076 2527; x_wconf 68' lang='lat' dir='ltr'>violatio</span> <span class='ocrx_word' id='word_1_322' title='bbox 1102 2494 1220 2526; x_wconf 89' lang='lat' dir='ltr'>multi-</span> 
     </span>
    </p>
   </div>
   <div class='ocr_carea' id='block_1_3' title="bbox 239 2551 384 2556">
    <p class='ocr_par' dir='ltr' id='par_1_10' title="bbox 239 2551 384 2556">
     <span class='ocr_line' id='line_1_48' title="bbox 239 2551 384 2556; baseline 0 0"><span class='ocrx_word' id='word_1_323' title='bbox 239 2551 384 2556; x_wconf 95' lang='lat' dir='ltr'> </span> 
     </span>
    </p>
   </div>
   <div class='ocr_carea' id='block_1_4' title="bbox 273 2583 648 2655">
    <p class='ocr_par' dir='ltr' id='par_1_11' title="bbox 273 2583 648 2655">
     <span class='ocr_line' id='line_1_49' title="bbox 275 2583 617 2617; baseline 0.015 -10"><span class='ocrx_word' id='word_1_324' title='bbox 275 2583 305 2616; x_wconf 66' lang='lat'>*)</span> <span class='ocrx_word' id='word_1_325' title='bbox 327 2585 404 2609; x_wconf 83' lang='lat' dir='ltr'>conr.</span> <span class='ocrx_word' id='word_1_326' title='bbox 422 2587 558 2617; x_wconf 53' lang='lat' dir='ltr'>Epium-1,</span> <span class='ocrx_word' id='word_1_327' title='bbox 580 2589 617 2612; x_wconf 82' lang='lat'>15.</span> 
     </span>
     <span class='ocr_line' id='line_1_50' title="bbox 273 2627 648 2655; baseline 0.011 -5"><span class='ocrx_word' id='word_1_328' title='bbox 273 2627 303 2655; x_wconf 82' lang='lat'>2]</span> <span class='ocrx_word' id='word_1_329' title='bbox 323 2627 400 2651; x_wconf 84' lang='lat' dir='ltr'>conf.</span> <span class='ocrx_word' id='word_1_330' title='bbox 420 2629 443 2652; x_wconf 84' lang='lat'>2.</span> <span class='ocrx_word' id='word_1_331' title='bbox 460 2631 531 2653; x_wconf 76' lang='lat' dir='ltr'>sain.</span> <span class='ocrx_word' id='word_1_332' title='bbox 548 2631 587 2655; x_wconf 77' lang='lat'>¹5,</span> <span class='ocrx_word' id='word_1_333' title='bbox 607 2631 648 2655; x_wconf 81' lang='lat'>20.</span> 
     </span>
    </p>
   </div>
   <div class='ocr_carea' id='block_1_5' title="bbox 272 2668 1201 2743">
    <p class='ocr_par' dir='ltr' id='par_1_12' title="bbox 272 2668 1201 2743">
     <span class='ocr_line' id='line_1_51' title="bbox 273 2668 1201 2705; baseline 0.005 -12"><span class='ocrx_word' id='word_1_334' title='bbox 273 2668 303 2701; x_wconf 86' lang='grc'>3)</span> <span class='ocrx_word' id='word_1_335' title='bbox 322 2671 386 2698; x_wconf 85' lang='lat' dir='ltr'>hoc]</span> <span class='ocrx_word' id='word_1_336' title='bbox 404 2671 445 2693; x_wconf 76' lang='lat' dir='ltr'>sic</span> <span class='ocrx_word' id='word_1_337' title='bbox 458 2672 539 2696; x_wconf 78' lang='lat' dir='ltr'>Editt.</span> <span class='ocrx_word' id='word_1_338' title='bbox 556 2673 629 2696; x_wconf 79' lang='lat'>1552.</span> <span class='ocrx_word' id='word_1_339' title='bbox 645 2675 669 2696; x_wconf 75' lang='lat' dir='ltr'>et</span> <span class='ocrx_word' id='word_1_340' title='bbox 686 2674 774 2705; x_wconf 47' lang='lat'>¹55⁸&amp;</span> <span class='ocrx_word' id='word_1_341' title='bbox 793 2675 875 2698; x_wconf 80' lang='lat' dir='ltr'>Editt.</span> <span class='ocrx_word' id='word_1_342' title='bbox 894 2674 965 2698; x_wconf 78' lang='lat'>1557.</span> <span class='ocrx_word' id='word_1_343' title='bbox 981 2676 1007 2697; x_wconf 84' lang='lat' dir='ltr'>et</span> <span class='ocrx_word' id='word_1_344' title='bbox 1025 2673 1096 2698; x_wconf 77' lang='lat'>1560.</span> <span class='ocrx_word' id='word_1_345' title='bbox 1114 2674 1201 2698; x_wconf 80' lang='lat' dir='ltr'>deest.</span> 
     </span>
     <span class='ocr_line' id='line_1_52' title="bbox 272 2712 651 2743; baseline 0.005 -6"><span class='ocrx_word' id='word_1_346' title='bbox 272 2712 324 2743; x_wconf 68' lang='lat' dir='ltr'>*ssJ</span> <span class='ocrx_word' id='word_1_347' title='bbox 343 2713 419 2739; x_wconf 81' lang='lat' dir='ltr'>conf.</span> <span class='ocrx_word' id='word_1_348' title='bbox 438 2714 592 2740; x_wconf 74' lang='lat' dir='ltr'>Ezech.18,</span> <span class='ocrx_word' id='word_1_349' title='bbox 611 2715 651 2739; x_wconf 79' lang='lat'>32.</span> 
     </span>
    </p>
   </div>
   <div class='ocr_carea' id='block_1_6' title="bbox 502 124 1975 165">
    <p class='ocr_par' dir='ltr' id='par_1_13' title="bbox 502 124 1975 165">
     <span class='ocr_line' id='line_1_53' title="bbox 502 124 1975 165; baseline -0.001 -2"><span class='ocrx_word' id='word_1_350' title='bbox 502 128 703 163; x_wconf 82' lang='lat' dir='ltr'><strong>SCRIPTA</strong></span> <span class='ocrx_word' id='word_1_351' title='bbox 729 130 802 165; x_wconf 91' lang='lat' dir='ltr'>PH.</span> <span class='ocrx_word' id='word_1_352' title='bbox 831 129 941 163; x_wconf 86' lang='lat' dir='ltr'>MEL.</span> <span class='ocrx_word' id='word_1_353' title='bbox 967 129 1032 162; x_wconf 89' lang='lat' dir='ltr'>-AD</span> <span class='ocrx_word' id='word_1_354' title='bbox 1059 126 1266 162; x_wconf 84' lang='lat' dir='ltr'>ETHICEN</span> <span class='ocrx_word' id='word_1_355' title='bbox 1293 125 1357 160; x_wconf 83' lang='lat' dir='ltr'>ET</span> <span class='ocrx_word' id='word_1_356' title='bbox 1384 124 1638 161; x_wconf 88' lang='lat' dir='ltr'><strong>POLITICEN</strong></span> <span class='ocrx_word' id='word_1_357' title='bbox 1666 124 1975 162; x_wconf 83' lang='lat' dir='ltr'>SPECTANTIA.</span> 
     </span>
    </p>
   </div>
   <div class='ocr_carea' id='block_1_7' title="bbox 2171 129 2250 165">
    <p class='ocr_par' dir='ltr' id='par_1_14' title="bbox 2171 129 2250 165">
     <span class='ocr_line' id='line_1_54' title="bbox 2171 129 2250 165; baseline 0.013 -1"><span class='ocrx_word' id='word_1_358' title='bbox 2171 129 2250 165; x_wconf 89' lang='lat'>456</span> 
     </span>
    </p>
   </div>
   <div class='ocr_carea' id='block_1_8' title="bbox 1270 211 2263 2016">
    <p class='ocr_par' dir='ltr' id='par_1_15' title="bbox 1270 211 2259 699">
     <span class='ocr_line' id='line_1_55' title="bbox 1270 211 2252 258; baseline 0.004 -15"><span class='ocrx_word' id='word_1_359' title='bbox 1270 211 1406 255; x_wconf 86' lang='lat' dir='ltr'>pliciter</span> <span class='ocrx_word' id='word_1_360' title='bbox 1429 212 1535 245; x_wconf 84' lang='lat' dir='ltr'>afficit</span> <span class='ocrx_word' id='word_1_361' title='bbox 1562 211 1677 245; x_wconf 85' lang='lat' dir='ltr'>Deum</span> <span class='ocrx_word' id='word_1_362' title='bbox 1705 211 1946 251; x_wconf 87' lang='lat' dir='ltr'>contumeliis,</span> <span class='ocrx_word' id='word_1_363' title='bbox 1979 224 2057 245; x_wconf 88' lang='lat' dir='ltr'>cum</span> <span class='ocrx_word' id='word_1_364' title='bbox 2082 213 2127 246; x_wconf 88' lang='lat' dir='ltr'>sit</span> <span class='ocrx_word' id='word_1_365' title='bbox 2150 225 2252 258; x_wconf 83' lang='lat' dir='ltr'>roga-</span> 
     </span>
     <span class='ocr_line' id='line_1_56' title="bbox 1270 262 2254 307; baseline 0.004 -13"><span class='ocrx_word' id='word_1_366' title='bbox 1270 268 1342 301; x_wconf 81' lang='lat' dir='ltr'>tus,</span> <span class='ocrx_word' id='word_1_367' title='bbox 1370 268 1407 294; x_wconf 89' lang='lat' dir='ltr'>ut</span> <span class='ocrx_word' id='word_1_368' title='bbox 1421 262 1466 295; x_wconf 89' lang='lat' dir='ltr'>sit</span> <span class='ocrx_word' id='word_1_369' title='bbox 1480 269 1514 295; x_wconf 93' lang='lat' dir='ltr'>et</span> <span class='ocrx_word' id='word_1_370' title='bbox 1529 263 1623 296; x_wconf 88' lang='lat' dir='ltr'>testis</span> <span class='ocrx_word' id='word_1_371' title='bbox 1641 269 1674 295; x_wconf 90' lang='lat' dir='ltr'>et</span> <span class='ocrx_word' id='word_1_372' title='bbox 1689 264 1828 296; x_wconf 75' lang='lat' dir='ltr'>vindex.</span> <span class='ocrx_word' id='word_1_373' title='bbox 1881 263 2036 295; x_wconf 63' lang='lat' dir='ltr'>violatio</span> <span class='ocrx_word' id='word_1_374' title='bbox 2054 270 2159 307; x_wconf 87' lang='lat' dir='ltr'>negat</span> <span class='ocrx_word' id='word_1_375' title='bbox 2175 276 2254 298; x_wconf 88' lang='lat' dir='ltr'>eum</span> 
     </span>
     <span class='ocr_line' id='line_1_57' title="bbox 1271 314 2256 356; baseline 0.003 -12"><span class='ocrx_word' id='word_1_376' title='bbox 1271 324 1342 345; x_wconf 85' lang='lat' dir='ltr'>esse</span> <span class='ocrx_word' id='word_1_377' title='bbox 1369 319 1491 345; x_wconf 86' lang='lat' dir='ltr'>testem</span> <span class='ocrx_word' id='word_1_378' title='bbox 1517 325 1697 353; x_wconf 78' lang='lat' dir='ltr'>veracem,</span> <span class='ocrx_word' id='word_1_379' title='bbox 1735 314 1930 347; x_wconf 87' lang='lat' dir='ltr'>contemnit</span> <span class='ocrx_word' id='word_1_380' title='bbox 1954 314 2027 347; x_wconf 88' lang='lat' dir='ltr'>eius</span> <span class='ocrx_word' id='word_1_381' title='bbox 2050 314 2256 356; x_wconf 66' lang='lat' dir='ltr'>vindictam,</span> 
     </span>
     <span class='ocr_line' id='line_1_58' title="bbox 1273 363 2255 411; baseline 0.004 -17"><span class='ocrx_word' id='word_1_382' title='bbox 1273 369 1306 395; x_wconf 89' lang='lat' dir='ltr'>et</span> <span class='ocrx_word' id='word_1_383' title='bbox 1322 363 1437 405; x_wconf 80' lang='lat' dir='ltr'>arguit</span> <span class='ocrx_word' id='word_1_384' title='bbox 1453 375 1532 395; x_wconf 90' lang='lat' dir='ltr'>eum</span> <span class='ocrx_word' id='word_1_385' title='bbox 1551 363 1744 403; x_wconf 88' lang='lat' dir='ltr'>mendacii,</span> <span class='ocrx_word' id='word_1_386' title='bbox 1771 364 1859 397; x_wconf 88' lang='lat' dir='ltr'>sicut</span> <span class='ocrx_word' id='word_1_387' title='bbox 1885 365 2000 410; x_wconf 86' lang='lat' dir='ltr'>inquit</span> <span class='ocrx_word' id='word_1_388' title='bbox 2016 364 2198 409; x_wconf 77' lang='lat' dir='ltr'>Lysander</span> <span class='ocrx_word' id='word_1_389' title='bbox 2207 365 2255 411; x_wconf 79' lang='lat'>¹²):</span> 
     </span>
     <span class='ocr_line' id='line_1_59' title="bbox 1272 414 2256 458; baseline 0.004 -13"><span class='ocrx_word' id='word_1_390' title='bbox 1272 414 1406 446; x_wconf 83' lang='lat' dir='ltr'>Pueros</span> <span class='ocrx_word' id='word_1_391' title='bbox 1425 414 1606 457; x_wconf 78' lang='lat' dir='ltr'>astragalis</span> <span class='ocrx_word' id='word_1_392' title='bbox 1626 415 1764 454; x_wconf 86' lang='lat' dir='ltr'>ludere,</span> <span class='ocrx_word' id='word_1_393' title='bbox 1793 427 1889 458; x_wconf 76' lang='lat' dir='ltr'>reges</span> <span class='ocrx_word' id='word_1_394' title='bbox 1908 416 2126 450; x_wconf 79' lang='lat' dir='ltr'>iuramentis.</span> <span class='ocrx_word' id='word_1_395' title='bbox 2170 414 2256 449; x_wconf 84' lang='lat' dir='ltr'>Item</span> 
     </span>
     <span class='ocr_line' id='line_1_60' title="bbox 1274 462 2258 513; baseline 0.002 -16"><span class='ocrx_word' id='word_1_396' title='bbox 1274 462 1380 509; x_wconf 71' lang='grc' dir='ltr'>ὅρκος</span> <span class='ocrx_word' id='word_1_397' title='bbox 1411 463 1557 510; x_wconf 73' lang='grc' dir='ltr'><em>ἑταῒρας</em></span> <span class='ocrx_word' id='word_1_398' title='bbox 1587 463 1702 498; x_wconf 79' lang='grc' dir='ltr'>ταύτὸ</span> <span class='ocrx_word' id='word_1_399' title='bbox 1732 463 1794 499; x_wconf 80' lang='grc' dir='ltr'>καὶ</span> <span class='ocrx_word' id='word_1_400' title='bbox 1824 463 2051 513; x_wconf 77' lang='grc' dir='ltr'>δημηγόρου.</span> <span class='ocrx_word' id='word_1_401' title='bbox 2123 466 2258 500; x_wconf 78' lang='lat' dir='ltr'>Tantas</span> 
     </span>
     <span class='ocr_line' id='line_1_61' title="bbox 1274 514 2259 562; baseline 0.003 -15"><span class='ocrx_word' id='word_1_402' title='bbox 1274 515 1504 547; x_wconf 83' lang='lat' dir='ltr'>contumelias</span> <span class='ocrx_word' id='word_1_403' title='bbox 1522 514 1616 548; x_wconf 84' lang='lat' dir='ltr'>Deus</span> <span class='ocrx_word' id='word_1_404' title='bbox 1632 526 1738 547; x_wconf 72' lang='lat' dir='ltr'>verax</span> <span class='ocrx_word' id='word_1_405' title='bbox 1755 521 1789 548; x_wconf 92' lang='lat' dir='ltr'>et</span> <span class='ocrx_word' id='word_1_406' title='bbox 1806 516 1914 549; x_wconf 88' lang='lat' dir='ltr'>iustus</span> <span class='ocrx_word' id='word_1_407' title='bbox 1930 530 2047 550; x_wconf 70' lang='lat' dir='ltr'>sex-ere</span> <span class='ocrx_word' id='word_1_408' title='bbox 2066 517 2188 562; x_wconf 90' lang='lat' dir='ltr'>punit,</span> <span class='ocrx_word' id='word_1_409' title='bbox 2225 524 2259 550; x_wconf 91' lang='lat' dir='ltr'>et</span> 
     </span>
     <span class='ocr_line' id='line_1_62' title="bbox 1275 565 2259 612; baseline 0.005 -16"><span class='ocrx_word' id='word_1_410' title='bbox 1275 565 1444 608; x_wconf 77' lang='lat' dir='ltr'>expressis</span> <span class='ocrx_word' id='word_1_411' title='bbox 1475 565 1592 598; x_wconf 74' lang='lat' dir='ltr'>verbis</span> <span class='ocrx_word' id='word_1_412' title='bbox 1619 577 1717 598; x_wconf 88' lang='lat' dir='ltr'>suam</span> <span class='ocrx_word' id='word_1_413' title='bbox 1743 567 1952 599; x_wconf 85' lang='lat' dir='ltr'>sententiam</span> <span class='ocrx_word' id='word_1_414' title='bbox 1980 569 2021 600; x_wconf 84' lang='lat' dir='ltr'>de</span> <span class='ocrx_word' id='word_1_415' title='bbox 2048 580 2164 612; x_wconf 86' lang='lat' dir='ltr'>poena</span> <span class='ocrx_word' id='word_1_416' title='bbox 2189 574 2259 601; x_wconf 89' lang='lat' dir='ltr'>tra-</span> 
     </span>
     <span class='ocr_line' id='line_1_63' title="bbox 1274 616 2258 664; baseline 0.004 -17"><span class='ocrx_word' id='word_1_417' title='bbox 1274 616 1382 655; x_wconf 83' lang='lat' dir='ltr'>didit,</span> <span class='ocrx_word' id='word_1_418' title='bbox 1426 628 1574 661; x_wconf 82' lang='lat' dir='ltr'>eamque</span> <span class='ocrx_word' id='word_1_419' title='bbox 1598 616 1776 650; x_wconf 86' lang='lat' dir='ltr'>atrocibus</span> <span class='ocrx_word' id='word_1_420' title='bbox 1802 618 1968 661; x_wconf 73' lang='lat' dir='ltr'>exemplis</span> <span class='ocrx_word' id='word_1_421' title='bbox 1994 619 2152 664; x_wconf 87' lang='lat' dir='ltr'>quotidie</span> <span class='ocrx_word' id='word_1_422' title='bbox 2176 631 2258 651; x_wconf 92' lang='lat' dir='ltr'>con-</span> 
     </span>
     <span class='ocr_line' id='line_1_64' title="bbox 1276 667 1403 699; baseline 0 -1"><span class='ocrx_word' id='word_1_423' title='bbox 1276 667 1403 699; x_wconf 87' lang='lat' dir='ltr'>firmat.</span> 
     </span>
    </p>

    <p class='ocr_par' dir='ltr' id='par_1_16' title="bbox 1275 716 2262 966">
     <span class='ocr_line' id='line_1_65' title="bbox 1376 716 2260 764; baseline 0.006 -16"><span class='ocrx_word' id='word_1_424' title='bbox 1376 716 1491 759; x_wconf 82' lang='lat' dir='ltr'>Auget</span> <span class='ocrx_word' id='word_1_425' title='bbox 1521 723 1638 749; x_wconf 88' lang='lat' dir='ltr'>autem</span> <span class='ocrx_word' id='word_1_426' title='bbox 1669 717 1889 750; x_wconf 83' lang='lat' dir='ltr'>atrocitatem</span> <span class='ocrx_word' id='word_1_427' title='bbox 1921 717 2037 751; x_wconf 81' lang='lat' dir='ltr'>delicti</span> <span class='ocrx_word' id='word_1_428' title='bbox 2070 720 2165 764; x_wconf 88' lang='lat' dir='ltr'>quod</span> <span class='ocrx_word' id='word_1_429' title='bbox 2195 731 2260 753; x_wconf 88' lang='lat' dir='ltr'>nos</span> 
     </span>
     <span class='ocr_line' id='line_1_66' title="bbox 1277 767 2260 815; baseline 0.004 -16"><span class='ocrx_word' id='word_1_430' title='bbox 1277 767 1369 811; x_wconf 88' lang='lat' dir='ltr'>ipsos</span> <span class='ocrx_word' id='word_1_431' title='bbox 1388 768 1430 799; x_wconf 92' lang='lat' dir='ltr'>ad</span> <span class='ocrx_word' id='word_1_432' title='bbox 1451 779 1600 811; x_wconf 87' lang='lat' dir='ltr'>poenam</span> <span class='ocrx_word' id='word_1_433' title='bbox 1618 768 1770 800; x_wconf 90' lang='lat' dir='ltr'>iurando</span> <span class='ocrx_word' id='word_1_434' title='bbox 1789 768 1996 811; x_wconf 73' lang='lat' dir='ltr'>obligamus.</span> <span class='ocrx_word' id='word_1_435' title='bbox 2050 768 2143 803; x_wconf 89' lang='lat' dir='ltr'>Haec</span> <span class='ocrx_word' id='word_1_436' title='bbox 2158 781 2260 815; x_wconf 86' lang='lat' dir='ltr'>saepe</span> 
     </span>
     <span class='ocr_line' id='line_1_67' title="bbox 1276 818 2262 861; baseline 0.003 -11"><span class='ocrx_word' id='word_1_437' title='bbox 1276 818 1461 861; x_wconf 73' lang='lat' dir='ltr'>cogitanda</span> <span class='ocrx_word' id='word_1_438' title='bbox 1478 824 1570 857; x_wconf 88' lang='lat' dir='ltr'>sunt,</span> <span class='ocrx_word' id='word_1_439' title='bbox 1587 830 1660 851; x_wconf 90' lang='lat' dir='ltr'>non</span> <span class='ocrx_word' id='word_1_440' title='bbox 1677 819 1789 851; x_wconf 87' lang='lat' dir='ltr'>solum</span> <span class='ocrx_word' id='word_1_441' title='bbox 1807 831 1850 851; x_wconf 91' lang='lat' dir='ltr'>ne</span> <span class='ocrx_word' id='word_1_442' title='bbox 1864 819 2034 854; x_wconf 69' lang='lat' dir='ltr'>violemus</span> <span class='ocrx_word' id='word_1_443' title='bbox 2052 820 2262 861; x_wconf 88' lang='lat' dir='ltr'>iuramenta,</span> 
     </span>
     <span class='ocr_line' id='line_1_68' title="bbox 1275 869 2260 911; baseline 0.002 -10"><span class='ocrx_word' id='word_1_444' title='bbox 1275 871 1334 902; x_wconf 86' lang='lat' dir='ltr'>sed</span> <span class='ocrx_word' id='word_1_445' title='bbox 1354 869 1458 901; x_wconf 85' lang='lat' dir='ltr'>etiam</span> <span class='ocrx_word' id='word_1_446' title='bbox 1474 881 1517 901; x_wconf 88' lang='lat' dir='ltr'>ne</span> <span class='ocrx_word' id='word_1_447' title='bbox 1538 869 1646 902; x_wconf 86' lang='lat' dir='ltr'>simus</span> <span class='ocrx_word' id='word_1_448' title='bbox 1663 869 1780 903; x_wconf 81' lang='lat' dir='ltr'>faciles</span> <span class='ocrx_word' id='word_1_449' title='bbox 1799 869 1835 901; x_wconf 90' lang='lat' dir='ltr'>in</span> <span class='ocrx_word' id='word_1_450' title='bbox 1853 870 2002 904; x_wconf 89' lang='lat' dir='ltr'>iurando</span> <span class='ocrx_word' id='word_1_451' title='bbox 2014 898 2022 911; x_wconf 91' lang='lat'>,</span> <span class='ocrx_word' id='word_1_452' title='bbox 2049 871 2138 905; x_wconf 84' lang='lat' dir='ltr'>sicut</span> <span class='ocrx_word' id='word_1_453' title='bbox 2152 871 2260 905; x_wconf 82' lang='lat' dir='ltr'>sutili-</span> 
     </span>
     <span class='ocr_line' id='line_1_69' title="bbox 1277 918 1962 966; baseline 0.004 -15"><span class='ocrx_word' id='word_1_454' title='bbox 1277 926 1329 952; x_wconf 88' lang='lat' dir='ltr'>tas</span> <span class='ocrx_word' id='word_1_455' title='bbox 1348 920 1404 952; x_wconf 89' lang='lat' dir='ltr'>illa</span> <span class='ocrx_word' id='word_1_456' title='bbox 1424 926 1562 952; x_wconf 72' lang='lat' dir='ltr'>taxatur</span> <span class='ocrx_word' id='word_1_457' title='bbox 1580 918 1707 953; x_wconf 65' lang='lat' dir='ltr'>Manli.</span> <span class='ocrx_word' id='word_1_458' title='bbox 1725 919 1759 959; x_wconf 87' lang='lat'>5,</span> <span class='ocrx_word' id='word_1_459' title='bbox 1776 921 1841 965; x_wconf 82' lang='lat'>(34</span> <span class='ocrx_word' id='word_1_460' title='bbox 1857 921 1962 966; x_wconf 83' lang='lat' dir='ltr'>sqq.).</span> 
     </span>
    </p>

    <p class='ocr_par' dir='ltr' id='par_1_17' title="bbox 1278 970 2262 1363">
     <span class='ocr_line' id='line_1_70' title="bbox 1378 970 2261 1016; baseline 0.006 -14"><span class='ocrx_word' id='word_1_461' title='bbox 1378 970 1545 1002; x_wconf 79' lang='lat' dir='ltr'>Definitio</span> <span class='ocrx_word' id='word_1_462' title='bbox 1576 971 1905 1004; x_wconf 87' lang='lat' dir='ltr'>iurisconsultorum</span> <span class='ocrx_word' id='word_1_463' title='bbox 1930 971 2113 1016; x_wconf 85' lang='lat' dir='ltr'>aliquanto</span> <span class='ocrx_word' id='word_1_464' title='bbox 2139 973 2261 1007; x_wconf 86' lang='lat' dir='ltr'>ohscu-</span> 
     </span>
     <span class='ocr_line' id='line_1_71' title="bbox 1278 1020 2261 1068; baseline 0.005 -16"><span class='ocrx_word' id='word_1_465' title='bbox 1278 1020 1351 1053; x_wconf 87' lang='lat' dir='ltr'>rior</span> <span class='ocrx_word' id='word_1_466' title='bbox 1369 1027 1434 1053; x_wconf 86' lang='lat' dir='ltr'>est:</span> <span class='ocrx_word' id='word_1_467' title='bbox 1462 1020 1703 1054; x_wconf 88' lang='lat' dir='ltr'>Iuramentum</span> <span class='ocrx_word' id='word_1_468' title='bbox 1723 1029 1774 1054; x_wconf 85' lang='lat' dir='ltr'>est</span> <span class='ocrx_word' id='word_1_469' title='bbox 1788 1022 1999 1054; x_wconf 59' lang='lat' dir='ltr'>asseveratio</span> <span class='ocrx_word' id='word_1_470' title='bbox 2023 1024 2065 1054; x_wconf 87' lang='lat' dir='ltr'>de</span> <span class='ocrx_word' id='word_1_471' title='bbox 2089 1035 2127 1056; x_wconf 89' lang='lat' dir='ltr'>re</span> <span class='ocrx_word' id='word_1_472' title='bbox 2151 1024 2261 1068; x_wconf 90' lang='lat' dir='ltr'>possi-</span> 
     </span>
     <span class='ocr_line' id='line_1_72' title="bbox 1278 1071 2261 1108; baseline 0.004 -5"><span class='ocrx_word' id='word_1_473' title='bbox 1278 1071 1338 1103; x_wconf 88' lang='lat' dir='ltr'>bili</span> <span class='ocrx_word' id='word_1_474' title='bbox 1356 1078 1389 1103; x_wconf 81' lang='lat' dir='ltr'>et</span> <span class='ocrx_word' id='word_1_475' title='bbox 1404 1071 1499 1103; x_wconf 88' lang='lat' dir='ltr'>licita</span> <span class='ocrx_word' id='word_1_476' title='bbox 1517 1083 1638 1104; x_wconf 79' lang='lat' dir='ltr'>sacrae</span> <span class='ocrx_word' id='word_1_477' title='bbox 1653 1071 1704 1103; x_wconf 83' lang='lat' dir='ltr'>rei</span> <span class='ocrx_word' id='word_1_478' title='bbox 1724 1071 1947 1104; x_wconf 82' lang='lat' dir='ltr'>attestatione</span> <span class='ocrx_word' id='word_1_479' title='bbox 1965 1074 2183 1108; x_wconf 82' lang='lat' dir='ltr'>confirmata.</span> <span class='ocrx_word' id='word_1_480' title='bbox 2219 1073 2261 1107; x_wconf 86' lang='lat' dir='ltr'>ll-</span> 
     </span>
     <span class='ocr_line' id='line_1_73' title="bbox 1279 1121 2262 1158; baseline 0.005 -5"><span class='ocrx_word' id='word_1_481' title='bbox 1279 1121 1419 1154; x_wconf 85' lang='lat' dir='ltr'>lustrius</span> <span class='ocrx_word' id='word_1_482' title='bbox 1438 1127 1488 1153; x_wconf 84' lang='lat' dir='ltr'>est</span> <span class='ocrx_word' id='word_1_483' title='bbox 1504 1133 1583 1153; x_wconf 80' lang='lat' dir='ltr'>cuin</span> <span class='ocrx_word' id='word_1_484' title='bbox 1599 1121 1746 1154; x_wconf 88' lang='lat' dir='ltr'>dicimus</span> <span class='ocrx_word' id='word_1_485' title='bbox 1764 1134 1835 1154; x_wconf 88' lang='lat' dir='ltr'>esse</span> <span class='ocrx_word' id='word_1_486' title='bbox 1862 1123 2157 1156; x_wconf 72' lang='lat' dir='ltr'>asseverationem</span> <span class='ocrx_word' id='word_1_487' title='bbox 2183 1136 2262 1158; x_wconf 85' lang='lat' dir='ltr'>cum</span> 
     </span>
     <span class='ocr_line' id='line_1_74' title="bbox 1279 1171 2262 1216; baseline 0.005 -13"><span class='ocrx_word' id='word_1_488' title='bbox 1279 1171 1502 1203; x_wconf 71' lang='lat' dir='ltr'>invocatione</span> <span class='ocrx_word' id='word_1_489' title='bbox 1534 1171 1642 1215; x_wconf 89' lang='lat' dir='ltr'>ipsius</span> <span class='ocrx_word' id='word_1_490' title='bbox 1671 1172 1758 1211; x_wconf 89' lang='lat' dir='ltr'>Dei,</span> <span class='ocrx_word' id='word_1_491' title='bbox 1798 1179 1835 1205; x_wconf 91' lang='lat' dir='ltr'>ut</span> <span class='ocrx_word' id='word_1_492' title='bbox 1866 1172 1910 1205; x_wconf 86' lang='lat' dir='ltr'>sit</span> <span class='ocrx_word' id='word_1_493' title='bbox 1943 1173 2039 1207; x_wconf 86' lang='lat' dir='ltr'>testis</span> <span class='ocrx_word' id='word_1_494' title='bbox 2064 1180 2098 1207; x_wconf 89' lang='lat' dir='ltr'>et</span> <span class='ocrx_word' id='word_1_495' title='bbox 2122 1175 2262 1216; x_wconf 77' lang='lat' dir='ltr'>vindex,</span> 
     </span>
     <span class='ocr_line' id='line_1_75' title="bbox 1279 1222 2262 1267; baseline 0.004 -12"><span class='ocrx_word' id='word_1_496' title='bbox 1279 1222 1361 1267; x_wconf 84' lang='lat' dir='ltr'>quia</span> <span class='ocrx_word' id='word_1_497' title='bbox 1377 1222 1425 1255; x_wconf 92' lang='lat' dir='ltr'>sic</span> <span class='ocrx_word' id='word_1_498' title='bbox 1441 1223 1479 1254; x_wconf 84' lang='lat' dir='ltr'>fit</span> <span class='ocrx_word' id='word_1_499' title='bbox 1493 1223 1716 1255; x_wconf 81' lang='lat' dir='ltr'>confirmatio</span> <span class='ocrx_word' id='word_1_500' title='bbox 1733 1223 1815 1255; x_wconf 88' lang='lat' dir='ltr'>dicti</span> <span class='ocrx_word' id='word_1_501' title='bbox 1826 1249 1835 1263; x_wconf 92' lang='lat'>,</span> <span class='ocrx_word' id='word_1_502' title='bbox 1860 1223 2021 1256; x_wconf 74' lang='lat' dir='ltr'>videlicet</span> <span class='ocrx_word' id='word_1_503' title='bbox 2038 1224 2262 1259; x_wconf 79' lang='lat' dir='ltr'>invocatione</span> 
     </span>
     <span class='ocr_line' id='line_1_76' title="bbox 1279 1273 2261 1312; baseline 0.006 -8"><span class='ocrx_word' id='word_1_504' title='bbox 1279 1273 1363 1312; x_wconf 84' lang='lat' dir='ltr'>Dei,</span> <span class='ocrx_word' id='word_1_505' title='bbox 1390 1279 1429 1306; x_wconf 91' lang='lat' dir='ltr'>ut</span> <span class='ocrx_word' id='word_1_506' title='bbox 1444 1273 1488 1306; x_wconf 91' lang='lat' dir='ltr'>sit</span> <span class='ocrx_word' id='word_1_507' title='bbox 1505 1273 1601 1306; x_wconf 87' lang='lat' dir='ltr'>testis</span> <span class='ocrx_word' id='word_1_508' title='bbox 1620 1280 1653 1306; x_wconf 91' lang='lat' dir='ltr'>et</span> <span class='ocrx_word' id='word_1_509' title='bbox 1669 1274 1808 1307; x_wconf 68' lang='lat' dir='ltr'>vindex.</span> <span class='ocrx_word' id='word_1_510' title='bbox 1860 1273 2054 1308; x_wconf 84' lang='lat' dir='ltr'>Obscurius</span> <span class='ocrx_word' id='word_1_511' title='bbox 2080 1276 2186 1310; x_wconf 88' lang='lat' dir='ltr'>etiam</span> <span class='ocrx_word' id='word_1_512' title='bbox 2209 1277 2261 1310; x_wconf 89' lang='lat' dir='ltr'>di-</span> 
     </span>
     <span class='ocr_line' id='line_1_77' title="bbox 1279 1324 1932 1363; baseline 0.005 -7"><span class='ocrx_word' id='word_1_513' title='bbox 1279 1324 1389 1363; x_wconf 88' lang='lat' dir='ltr'>citur,</span> <span class='ocrx_word' id='word_1_514' title='bbox 1417 1336 1496 1356; x_wconf 86' lang='lat' dir='ltr'>cum</span> <span class='ocrx_word' id='word_1_515' title='bbox 1514 1324 1677 1357; x_wconf 88' lang='lat' dir='ltr'>nominat</span> <span class='ocrx_word' id='word_1_516' title='bbox 1694 1337 1767 1357; x_wconf 83' lang='lat' dir='ltr'>rem</span> <span class='ocrx_word' id='word_1_517' title='bbox 1784 1336 1932 1359; x_wconf 87' lang='lat' dir='ltr'>sacram.</span> 
     </span>
    </p>

    <p class='ocr_par' dir='ltr' id='par_1_18' title="bbox 1277 1374 2263 1509">
     <span class='ocr_line' id='line_1_78' title="bbox 1380 1374 2262 1412; baseline 0.007 -6"><span class='ocrx_word' id='word_1_518' title='bbox 1380 1374 1474 1407; x_wconf 88' lang='lat' dir='ltr'>Haec</span> <span class='ocrx_word' id='word_1_519' title='bbox 1495 1376 1537 1407; x_wconf 84' lang='lat' dir='ltr'>de</span> <span class='ocrx_word' id='word_1_520' title='bbox 1554 1375 1757 1408; x_wconf 81' lang='lat' dir='ltr'>definitione</span> <span class='ocrx_word' id='word_1_521' title='bbox 1773 1376 1927 1409; x_wconf 88' lang='lat' dir='ltr'>breviter</span> <span class='ocrx_word' id='word_1_522' title='bbox 1943 1376 2033 1409; x_wconf 90' lang='lat' dir='ltr'>dicta</span> <span class='ocrx_word' id='word_1_523' title='bbox 2052 1377 2133 1411; x_wconf 87' lang='lat' dir='ltr'>sint.</span> <span class='ocrx_word' id='word_1_524' title='bbox 2159 1377 2262 1412; x_wconf 84' lang='lat' dir='ltr'>Nunc</span> 
     </span>
     <span class='ocr_line' id='line_1_79' title="bbox 1279 1426 2263 1474; baseline 0.005 -17"><span class='ocrx_word' id='word_1_525' title='bbox 1279 1426 1460 1458; x_wconf 85' lang='lat' dir='ltr'>addendae</span> <span class='ocrx_word' id='word_1_526' title='bbox 1478 1432 1560 1459; x_wconf 92' lang='lat' dir='ltr'>sunt</span> <span class='ocrx_word' id='word_1_527' title='bbox 1577 1427 1827 1470; x_wconf 77' lang='lat' dir='ltr'>explicationes</span> <span class='ocrx_word' id='word_1_528' title='bbox 1845 1427 2067 1472; x_wconf 84' lang='lat' dir='ltr'>sequentium</span> <span class='ocrx_word' id='word_1_529' title='bbox 2087 1429 2263 1474; x_wconf 86' lang='lat' dir='ltr'>quaestio-</span> 
     </span>
     <span class='ocr_line' id='line_1_80' title="bbox 1277 1478 1619 1509; baseline -0.012 0"><span class='ocrx_word' id='word_1_530' title='bbox 1277 1489 1381 1509; x_wconf 84' lang='lat' dir='ltr'>num:</span> <span class='ocrx_word' id='word_1_531' title='bbox 1602 1478 1619 1489; x_wconf 74' lang='lat'><em>⁶</em></span> 
     </span>
    </p>

    <p class='ocr_par' dir='ltr' id='par_1_19' title="bbox 1328 1526 2175 1571">
     <span class='ocr_line' id='line_1_81' title="bbox 1328 1526 2175 1571; baseline 0.005 -12"><span class='ocrx_word' id='word_1_532' title='bbox 1328 1526 1352 1560; x_wconf 85' lang='lat' dir='ltr'>l.</span> <span class='ocrx_word' id='word_1_533' title='bbox 1380 1526 1436 1559; x_wconf 90' lang='lat' dir='ltr'>An</span> <span class='ocrx_word' id='word_1_534' title='bbox 1452 1527 1568 1560; x_wconf 84' lang='lat' dir='ltr'>iurare</span> <span class='ocrx_word' id='word_1_535' title='bbox 1585 1528 1629 1561; x_wconf 87' lang='lat' dir='ltr'>sit</span> <span class='ocrx_word' id='word_1_536' title='bbox 1646 1526 1864 1571; x_wconf 83' lang='lat' dir='ltr'>prohibitum</span> <span class='ocrx_word' id='word_1_537' title='bbox 1882 1535 1943 1561; x_wconf 86' lang='lat' dir='ltr'>aut</span> <span class='ocrx_word' id='word_1_538' title='bbox 1960 1540 2175 1564; x_wconf 88' lang='lat' dir='ltr'>concessum.</span> 
     </span>
    </p>

    <p class='ocr_par' dir='ltr' id='par_1_20' title="bbox 1328 1577 1987 1622">
     <span class='ocr_line' id='line_1_82' title="bbox 1328 1577 1987 1622; baseline 0.003 -12"><span class='ocrx_word' id='word_1_539' title='bbox 1328 1577 1370 1611; x_wconf 87' lang='lat' dir='ltr'>ll.</span> <span class='ocrx_word' id='word_1_540' title='bbox 1398 1577 1451 1610; x_wconf 90' lang='lat' dir='ltr'>De</span> <span class='ocrx_word' id='word_1_541' title='bbox 1471 1578 1598 1622; x_wconf 87' lang='lat' dir='ltr'>quibus</span> <span class='ocrx_word' id='word_1_542' title='bbox 1617 1580 1721 1612; x_wconf 85' lang='lat' dir='ltr'>rebus</span> <span class='ocrx_word' id='word_1_543' title='bbox 1740 1580 1850 1612; x_wconf 91' lang='lat' dir='ltr'>iurari</span> <span class='ocrx_word' id='word_1_544' title='bbox 1868 1579 1987 1622; x_wconf 86' lang='lat' dir='ltr'>possit.</span> 
     </span>
    </p>

    <p class='ocr_par' dir='ltr' id='par_1_21' title="bbox 1328 1628 2260 1672">
     <span class='ocr_line' id='line_1_83' title="bbox 1328 1628 2260 1672; baseline 0.004 -12"><span class='ocrx_word' id='word_1_545' title='bbox 1328 1628 1384 1661; x_wconf 88' lang='lat' dir='ltr'>Ill.</span> <span class='ocrx_word' id='word_1_546' title='bbox 1412 1628 1511 1672; x_wconf 84' lang='lat' dir='ltr'>Quae</span> <span class='ocrx_word' id='word_1_547' title='bbox 1542 1629 1739 1661; x_wconf 86' lang='lat' dir='ltr'>iuramenta</span> <span class='ocrx_word' id='word_1_548' title='bbox 1776 1631 1845 1663; x_wconf 88' lang='lat' dir='ltr'>sint</span> <span class='ocrx_word' id='word_1_549' title='bbox 1879 1630 1977 1662; x_wconf 82' lang='lat' dir='ltr'>irrita</span> <span class='ocrx_word' id='word_1_550' title='bbox 1990 1656 1999 1669; x_wconf 92' lang='lat'>‚</span> <span class='ocrx_word' id='word_1_551' title='bbox 2038 1636 2072 1662; x_wconf 89' lang='lat' dir='ltr'>et</span> <span class='ocrx_word' id='word_1_552' title='bbox 2096 1641 2167 1663; x_wconf 91' lang='lat' dir='ltr'>non</span> <span class='ocrx_word' id='word_1_553' title='bbox 2191 1631 2260 1664; x_wconf 84' lang='lat' dir='ltr'>sint</span> 
     </span>
    </p>

    <p class='ocr_par' dir='ltr' id='par_1_22' title="bbox 1318 1685 1590 1717">
     <span class='ocr_line' id='line_1_84' title="bbox 1318 1685 1590 1717; baseline 0.007 -8"><span class='ocrx_word' id='word_1_554' title='bbox 1318 1715 1321 1717; x_wconf 24' lang='grc' dir='ltr'>ι</span> <span class='ocrx_word' id='word_1_555' title='bbox 1380 1685 1590 1712; x_wconf 80' lang='lat' dir='ltr'>iuramenta.</span> 
     </span>
    </p>

    <p class='ocr_par' dir='ltr' id='par_1_23' title="bbox 1328 1728 2261 1813">
     <span class='ocr_line' id='line_1_85' title="bbox 1328 1728 2261 1774; baseline 0.004 -13"><span class='ocrx_word' id='word_1_556' title='bbox 1328 1728 1385 1762; x_wconf 64' lang='lat' dir='ltr'>lv.</span> <span class='ocrx_word' id='word_1_557' title='bbox 1412 1729 1464 1761; x_wconf 88' lang='lat' dir='ltr'>De</span> <span class='ocrx_word' id='word_1_558' title='bbox 1487 1729 1686 1762; x_wconf 78' lang='lat' dir='ltr'>iuramento</span> <span class='ocrx_word' id='word_1_559' title='bbox 1715 1730 1810 1774; x_wconf 87' lang='lat' dir='ltr'>quod</span> <span class='ocrx_word' id='word_1_560' title='bbox 1830 1730 1865 1762; x_wconf 66' lang='lat' dir='ltr'>vi</span> <span class='ocrx_word' id='word_1_561' title='bbox 1887 1742 1948 1763; x_wconf 91' lang='lat' dir='ltr'>seu</span> <span class='ocrx_word' id='word_1_562' title='bbox 1970 1736 2068 1764; x_wconf 88' lang='lat' dir='ltr'>metu</span> <span class='ocrx_word' id='word_1_563' title='bbox 2084 1732 2195 1765; x_wconf 83' lang='lat' dir='ltr'>coacti</span> <span class='ocrx_word' id='word_1_564' title='bbox 2212 1732 2261 1765; x_wconf 85' lang='lat' dir='ltr'>fa-</span> 
     </span>
     <span class='ocr_line' id='line_1_86' title="bbox 1380 1779 1502 1813; baseline 0.016 -2"><span class='ocrx_word' id='word_1_565' title='bbox 1380 1779 1502 1813; x_wconf 81' lang='lat' dir='ltr'>cimus.</span> 
     </span>
    </p>

    <p class='ocr_par' dir='ltr' id='par_1_24' title="bbox 1328 1830 1868 1874">
     <span class='ocr_line' id='line_1_87' title="bbox 1328 1830 1868 1874; baseline 0.004 -13"><span class='ocrx_word' id='word_1_566' title='bbox 1328 1830 1370 1863; x_wconf 68' lang='lat' dir='ltr'>V.</span> <span class='ocrx_word' id='word_1_567' title='bbox 1397 1831 1589 1874; x_wconf 77' lang='lat' dir='ltr'>Quomodo</span> <span class='ocrx_word' id='word_1_568' title='bbox 1607 1831 1651 1863; x_wconf 87' lang='lat' dir='ltr'>sit</span> <span class='ocrx_word' id='word_1_569' title='bbox 1666 1830 1868 1864; x_wconf 87' lang='lat' dir='ltr'>iurandum.</span> 
     </span>
    </p>

    <p class='ocr_par' dir='ltr' id='par_1_25' title="bbox 1327 1880 1772 1925">
     <span class='ocr_line' id='line_1_88' title="bbox 1327 1880 1772 1925; baseline 0.007 -13"><span class='ocrx_word' id='word_1_570' title='bbox 1327 1880 1384 1913; x_wconf 66' lang='lat' dir='ltr'>Vl.</span> <span class='ocrx_word' id='word_1_571' title='bbox 1413 1881 1500 1925; x_wconf 80' lang='lat' dir='ltr'>Quis</span> <span class='ocrx_word' id='word_1_572' title='bbox 1516 1881 1627 1925; x_wconf 85' lang='lat' dir='ltr'>possit</span> <span class='ocrx_word' id='word_1_573' title='bbox 1642 1881 1772 1915; x_wconf 84' lang='lat' dir='ltr'>iurare.</span> 
     </span>
    </p>

    <p class='ocr_par' dir='ltr' id='par_1_26' title="bbox 1327 1930 2260 2016">
     <span class='ocr_line' id='line_1_89' title="bbox 1327 1930 2260 1977; baseline 0.001 -13"><span class='ocrx_word' id='word_1_574' title='bbox 1327 1931 1400 1965; x_wconf 64' lang='lat' dir='ltr'>vlt.</span> <span class='ocrx_word' id='word_1_575' title='bbox 1429 1933 1529 1976; x_wconf 81' lang='lat' dir='ltr'>Quae</span> <span class='ocrx_word' id='word_1_576' title='bbox 1544 1932 1588 1965; x_wconf 83' lang='lat' dir='ltr'>sit</span> <span class='ocrx_word' id='word_1_577' title='bbox 1607 1932 1853 1976; x_wconf 85' lang='lat' dir='ltr'>interpretatio</span> <span class='ocrx_word' id='word_1_578' title='bbox 1871 1944 1944 1965; x_wconf 86' lang='lat' dir='ltr'>non</span> <span class='ocrx_word' id='word_1_579' title='bbox 1961 1930 2150 1977; x_wconf 84' lang='lat' dir='ltr'>sophistica</span> <span class='ocrx_word' id='word_1_580' title='bbox 2168 1932 2260 1966; x_wconf 87' lang='lat' dir='ltr'>iura-</span> 
     </span>
     <span class='ocr_line' id='line_1_90' title="bbox 1380 1990 1501 2016; baseline 0.008 -1"><span class='ocrx_word' id='word_1_581' title='bbox 1380 1990 1501 2016; x_wconf 77' lang='lat' dir='ltr'>menti.</span> 
     </span>
    </p>
   </div>
   <div class='ocr_carea' id='block_1_9' title="bbox 1495 2076 2039 2122">
    <p class='ocr_par' dir='ltr' id='par_1_27' title="bbox 1495 2076 2039 2122">
     <span class='ocr_line' id='line_1_91' title="bbox 1495 2076 2039 2122; baseline 0.002 -13"><span class='ocrx_word' id='word_1_582' title='bbox 1495 2076 1555 2109; x_wconf 86' lang='lat' dir='ltr'>De</span> <span class='ocrx_word' id='word_1_583' title='bbox 1585 2076 1728 2120; x_wconf 84' lang='lat' dir='ltr'>prima</span> <span class='ocrx_word' id='word_1_584' title='bbox 1756 2076 2039 2122; x_wconf 88' lang='lat' dir='ltr'>quaestione.</span> 
     </span>
    </p>
   </div>
   <div class='ocr_carea' id='block_1_10' title="bbox 1276 2152 2257 2299">
    <p class='ocr_par' dir='ltr' id='par_1_28' title="bbox 1276 2152 2257 2299">
     <span class='ocr_line' id='line_1_92' title="bbox 1276 2152 2257 2198; baseline 0.001 -11"><span class='ocrx_word' id='word_1_585' title='bbox 1276 2154 1333 2187; x_wconf 83' lang='lat' dir='ltr'>An</span> <span class='ocrx_word' id='word_1_586' title='bbox 1360 2156 1489 2188; x_wconf 82' lang='lat' dir='ltr'>iurare</span> <span class='ocrx_word' id='word_1_587' title='bbox 1514 2155 1566 2188; x_wconf 78' lang='lat' dir='ltr'>sit</span> <span class='ocrx_word' id='word_1_588' title='bbox 1592 2152 1842 2198; x_wconf 80' lang='lat' dir='ltr'>prohibitum,</span> <span class='ocrx_word' id='word_1_589' title='bbox 1881 2164 1967 2188; x_wconf 83' lang='lat' dir='ltr'>cum</span> <span class='ocrx_word' id='word_1_590' title='bbox 1994 2156 2034 2188; x_wconf 82' lang='lat' dir='ltr'>in</span> <span class='ocrx_word' id='word_1_591' title='bbox 2060 2152 2257 2188; x_wconf 78' lang='lat' dir='ltr'>Matthaeo</span> 
     </span>
     <span class='ocr_line' id='line_1_93' title="bbox 1309 2202 2221 2251; baseline 0.003 -15"><span class='ocrx_word' id='word_1_592' title='bbox 1309 2202 1361 2249; x_wconf 88' lang='lat'>(5,</span> <span class='ocrx_word' id='word_1_593' title='bbox 1380 2204 1457 2250; x_wconf 82' lang='lat'>34.)</span> <span class='ocrx_word' id='word_1_594' title='bbox 1487 2215 1657 2249; x_wconf 71' lang='lat' dir='ltr'>expresse</span> <span class='ocrx_word' id='word_1_595' title='bbox 1684 2204 1856 2238; x_wconf 77' lang='lat' dir='ltr'>dicatur:</span> <span class='ocrx_word' id='word_1_596' title='bbox 1884 2206 1956 2251; x_wconf 69' lang='lat' dir='ltr'>Ego</span> <span class='ocrx_word' id='word_1_597' title='bbox 1985 2209 2110 2239; x_wconf 82' lang='lat' dir='ltr'>autem</span> <span class='ocrx_word' id='word_1_598' title='bbox 2139 2204 2221 2240; x_wconf 76' lang='lat' dir='ltr'>dico</span> 
     </span>
     <span class='ocr_line' id='line_1_94' title="bbox 1477 2255 2052 2299; baseline -0.002 -9"><span class='ocrx_word' id='word_1_599' title='bbox 1477 2255 1597 2299; x_wconf 74' lang='lat' dir='ltr'>vobis,</span> <span class='ocrx_word' id='word_1_600' title='bbox 1633 2266 1786 2299; x_wconf 78' lang='lat' dir='ltr'>prorsus</span> <span class='ocrx_word' id='word_1_601' title='bbox 1812 2266 1885 2290; x_wconf 83' lang='lat' dir='ltr'>non</span> <span class='ocrx_word' id='word_1_602' title='bbox 1913 2257 2052 2290; x_wconf 78' lang='lat' dir='ltr'>iurate.</span> 
     </span>
    </p>
   </div>
   <div class='ocr_carea' id='block_1_11' title="bbox 1273 2321 2258 2623">
    <p class='ocr_par' dir='ltr' id='par_1_29' title="bbox 1273 2321 2258 2623">
     <span class='ocr_line' id='line_1_95' title="bbox 1376 2321 2257 2368; baseline 0.001 -13"><span class='ocrx_word' id='word_1_603' title='bbox 1376 2322 1450 2355; x_wconf 87' lang='lat' dir='ltr'>Hac</span> <span class='ocrx_word' id='word_1_604' title='bbox 1487 2321 1694 2368; x_wconf 88' lang='lat' dir='ltr'>quaestione</span> <span class='ocrx_word' id='word_1_605' title='bbox 1723 2321 1975 2366; x_wconf 82' lang='lat' dir='ltr'>Anabaptistae</span> <span class='ocrx_word' id='word_1_606' title='bbox 2007 2321 2108 2354; x_wconf 88' lang='lat' dir='ltr'>multi</span> <span class='ocrx_word' id='word_1_607' title='bbox 2138 2322 2257 2356; x_wconf 83' lang='lat' dir='ltr'>turba—</span> 
     </span>
     <span class='ocr_line' id='line_1_96' title="bbox 1274 2372 2258 2418; baseline 0.001 -13"><span class='ocrx_word' id='word_1_608' title='bbox 1274 2379 1355 2405; x_wconf 91' lang='lat' dir='ltr'>runt</span> <span class='ocrx_word' id='word_1_609' title='bbox 1371 2373 1514 2418; x_wconf 86' lang='lat' dir='ltr'>politica</span> <span class='ocrx_word' id='word_1_610' title='bbox 1532 2373 1672 2406; x_wconf 72' lang='lat' dir='ltr'>vincula</span> <span class='ocrx_word' id='word_1_611' title='bbox 1690 2373 1726 2404; x_wconf 90' lang='lat' dir='ltr'>in</span> <span class='ocrx_word' id='word_1_612' title='bbox 1743 2373 1952 2406; x_wconf 85' lang='lat' dir='ltr'>civitatibus.</span> <span class='ocrx_word' id='word_1_613' title='bbox 2000 2372 2188 2406; x_wconf 84' lang='lat' dir='ltr'>Sciendum</span> <span class='ocrx_word' id='word_1_614' title='bbox 2207 2380 2258 2407; x_wconf 89' lang='lat' dir='ltr'>est</span> 
     </span>
     <span class='ocr_line' id='line_1_97' title="bbox 1275 2423 2255 2467; baseline 0.002 -12"><span class='ocrx_word' id='word_1_615' title='bbox 1275 2423 1381 2467; x_wconf 81' lang='lat' dir='ltr'>igitur</span> <span class='ocrx_word' id='word_1_616' title='bbox 1404 2424 1478 2458; x_wconf 80' lang='lat' dir='ltr'>sine</span> <span class='ocrx_word' id='word_1_617' title='bbox 1505 2424 1575 2457; x_wconf 91' lang='lat' dir='ltr'>ulla</span> <span class='ocrx_word' id='word_1_618' title='bbox 1601 2423 1840 2463; x_wconf 87' lang='lat' dir='ltr'>dubitatione,</span> <span class='ocrx_word' id='word_1_619' title='bbox 1882 2434 2004 2455; x_wconf 75' lang='lat' dir='ltr'>verum</span> <span class='ocrx_word' id='word_1_620' title='bbox 2034 2423 2151 2456; x_wconf 84' lang='lat' dir='ltr'>iurare</span> <span class='ocrx_word' id='word_1_621' title='bbox 2184 2436 2255 2459; x_wconf 85' lang='lat' dir='ltr'>esse</span> 
     </span>
     <span class='ocr_line' id='line_1_98' title="bbox 1274 2473 2256 2519; baseline 0.002 -13"><span class='ocrx_word' id='word_1_622' title='bbox 1274 2487 1362 2519; x_wconf 85' lang='lat' dir='ltr'>opus</span> <span class='ocrx_word' id='word_1_623' title='bbox 1381 2488 1444 2509; x_wconf 90' lang='lat' dir='ltr'>suo</span> <span class='ocrx_word' id='word_1_624' title='bbox 1467 2487 1593 2519; x_wconf 85' lang='lat' dir='ltr'>genere</span> <span class='ocrx_word' id='word_1_625' title='bbox 1617 2475 1771 2513; x_wconf 88' lang='lat' dir='ltr'>bonum,</span> <span class='ocrx_word' id='word_1_626' title='bbox 1799 2481 1831 2506; x_wconf 87' lang='lat' dir='ltr'>et</span> <span class='ocrx_word' id='word_1_627' title='bbox 1858 2486 1875 2506; x_wconf 90' lang='lat' dir='ltr'>a</span> <span class='ocrx_word' id='word_1_628' title='bbox 1894 2473 1970 2506; x_wconf 93' lang='lat' dir='ltr'>Deo</span> <span class='ocrx_word' id='word_1_629' title='bbox 1994 2474 2196 2508; x_wconf 89' lang='lat' dir='ltr'>ordinatum</span> <span class='ocrx_word' id='word_1_630' title='bbox 2222 2481 2256 2508; x_wconf 85' lang='lat' dir='ltr'>et</span> 
     </span>
     <span class='ocr_line' id='line_1_99' title="bbox 1273 2523 2255 2572; baseline 0.002 -15"><span class='ocrx_word' id='word_1_631' title='bbox 1273 2538 1474 2560; x_wconf 86' lang='lat' dir='ltr'>concessum</span> <span class='ocrx_word' id='word_1_632' title='bbox 1485 2552 1494 2566; x_wconf 91' lang='lat'>,</span> <span class='ocrx_word' id='word_1_633' title='bbox 1522 2526 1604 2572; x_wconf 88' lang='lat' dir='ltr'>quia</span> <span class='ocrx_word' id='word_1_634' title='bbox 1631 2527 1687 2559; x_wconf 86' lang='lat' dir='ltr'>lex</span> <span class='ocrx_word' id='word_1_635' title='bbox 1703 2524 1768 2558; x_wconf 82' lang='lat' dir='ltr'>Dei</span> <span class='ocrx_word' id='word_1_636' title='bbox 1785 2523 2093 2558; x_wconf 85' lang='lat' dir='ltr'>Deuteronomion</span> <span class='ocrx_word' id='word_1_637' title='bbox 2108 2525 2143 2566; x_wconf 90' lang='lat'>6,</span> <span class='ocrx_word' id='word_1_638' title='bbox 2160 2524 2255 2571; x_wconf 83' lang='lat'>(13.)</span> 
     </span>
     <span class='ocr_line' id='line_1_100' title="bbox 1273 2574 2254 2623; baseline -0.001 -13"><span class='ocrx_word' id='word_1_639' title='bbox 1273 2589 1431 2621; x_wconf 87' lang='lat' dir='ltr'>expresse</span> <span class='ocrx_word' id='word_1_640' title='bbox 1447 2577 1580 2623; x_wconf 85' lang='lat' dir='ltr'>inquit:</span> <span class='ocrx_word' id='word_1_641' title='bbox 1615 2576 1686 2610; x_wconf 88' lang='lat' dir='ltr'>Per</span> <span class='ocrx_word' id='word_1_642' title='bbox 1701 2587 1832 2609; x_wconf 89' lang='lat' dir='ltr'>nomen</span> <span class='ocrx_word' id='word_1_643' title='bbox 1856 2574 1929 2608; x_wconf 85' lang='lat' dir='ltr'>eins</span> <span class='ocrx_word' id='word_1_644' title='bbox 1952 2575 2097 2610; x_wconf 84' lang='lat' dir='ltr'>iurabis.</span> <span class='ocrx_word' id='word_1_645' title='bbox 2148 2575 2195 2609; x_wconf 87' lang='lat' dir='ltr'>Et</span> <span class='ocrx_word' id='word_1_646' title='bbox 2210 2576 2254 2609; x_wconf 84' lang='lat' dir='ltr'>ad</span> 
     </span>
    </p>
   </div>
   <div class='ocr_carea' id='block_1_12' title="bbox 1305 2669 2254 2741">
    <p class='ocr_par' dir='ltr' id='par_1_30' title="bbox 1305 2669 2254 2741">
     <span class='ocr_line' id='line_1_101' title="bbox 1305 2669 2254 2710; baseline -0.005 -7"><span class='ocrx_word' id='word_1_647' title='bbox 1305 2678 1334 2710; x_wconf 71' lang='lat'>4)</span> <span class='ocrx_word' id='word_1_648' title='bbox 1354 2679 1423 2703; x_wconf 85' lang='lat' dir='ltr'>Plut.</span> <span class='ocrx_word' id='word_1_649' title='bbox 1441 2676 1562 2708; x_wconf 65' lang='lat' dir='ltr'>Lysand.</span> <span class='ocrx_word' id='word_1_650' title='bbox 1581 2681 1604 2700; x_wconf 90' lang='lat' dir='ltr'>c.</span> <span class='ocrx_word' id='word_1_651' title='bbox 1617 2674 1661 2700; x_wconf 84' lang='lat'>8.:</span> <span class='ocrx_word' id='word_1_652' title='bbox 1694 2670 1784 2705; x_wconf 79' lang='grc' dir='ltr'><strong><em>ὅρκοις</em></strong></span> <span class='ocrx_word' id='word_1_653' title='bbox 1801 2669 1920 2704; x_wconf 72' lang='grc' dir='ltr'>ιὶνδριὶς,</span> <span class='ocrx_word' id='word_1_654' title='bbox 1939 2669 2121 2706; x_wconf 72' lang='grc' dir='ltr'>ἀστραγάλοις</span> <span class='ocrx_word' id='word_1_655' title='bbox 2139 2670 2167 2698; x_wconf 77' lang='grc' dir='ltr'>δὲ</span> <span class='ocrx_word' id='word_1_656' title='bbox 2185 2674 2254 2699; x_wconf 77' lang='grc' dir='ltr'>παῖ-</span> 
     </span>
     <span class='ocr_line' id='line_1_102' title="bbox 1338 2710 1565 2741; baseline -0.004 -6"><span class='ocrx_word' id='word_1_657' title='bbox 1338 2711 1386 2740; x_wconf 80' lang='grc' dir='ltr'>δας</span> <span class='ocrx_word' id='word_1_658' title='bbox 1404 2710 1565 2741; x_wconf 75' lang='grc' dir='ltr'><strong><em>ἔξαπαῐέον.</em></strong></span> 
     </span>
    </p>
   </div>
  </div>
 </body>
</html>
