2347 3000
241 116 313 150 887
813 118 932 154 PlllL.

343 201 529 236 Postremo
549 216 631 237 vero
651 204 772 237 Cicero
793 204 949 248 loquitur
968 204 1009 236 de
1028 203 1225 236 variatione

243 263 317 284 non
342 254 531 287 verborum
561 261 621 288 aut
645 254 833 293 orationis,
874 255 933 287 sed
970 266 1106 294 reruni,
1142 267 1227 300 qua-

243 315 322 335 rum
354 305 489 337 variata
521 304 703 348 dispositio
735 317 837 348 saepe
868 305 972 338 decus
1004 306 1136 345 adfert,
1178 301 1229 344 ut,

243 353 412 397 Virgilius
437 355 605 396 singulari
639 355 786 388 consilio
810 355 908 400 prius
932 356 1056 388 recitat
1084 356 1228 399 naviga-

243 404 376 437 tionem
404 406 542 437 Aeneae
567 418 606 438 ex
628 405 763 445 Sicilia,
806 419 910 451 quani
935 407 1107 439 excidium
1131 406 1228 440 urbis

245 455 441 501 Tun-20¹⁹).
500 454 535 487 ld
563 456 685 489 inserit
709 457 823 489 obiter
849 463 881 489 et
904 458 1002 501 lingit
1025 457 1165 490 recitari
1194 457 1227 489 in

245 506 419 538 convivio.
498 505 589 540 Nan]
623 507 756 552 alioqui
787 507 892 541 niiuis
926 509 1030 550 longa
1069 508 1227 541 narratio

243 557 362 588 fuisset
380 557 495 589 sutura
509 583 518 595 ‚
545 557 572 590 si
592 568 610 589 a
628 558 721 590 bello
739 558 900 591 Troiano
920 560 1029 591 ordiri
1051 559 1228 592 voluisset.

246 606 292 638 lta
312 605 568 641 Demosthenes
586 608 683 641 varie
706 609 881 642 intertexit
908 608 1092 643 historiam
1120 610 1227 641 hello-

244 670 321 689 runi
335 683 343 697 ,
373 670 463 702 quae
476 657 709 693 Athenienses
731 673 808 693 cuin
829 659 995 704 Philippo
1017 673 1097 703 rege
1112 660 1228 693 Mace-

243 709 376 740 donum
393 716 583 751 gesserant.
617 709 709 744 Nam
727 711 770 743 al)
789 718 930 743 oratore
947 724 1020 744 non
1036 711 1227 755 flagitanda

243 765 293 792 est
311 759 444 801 integra
463 758 628 798 historia;
662 762 721 794 sed
740 763 958 802 occasiones,
986 774 1125 802 causas,
1154 774 1228 794 mo-

243 816 298 843 tus
317 810 540 850 animorum,
576 812 704 844 iudicia
725 813 847 857 populi
869 819 990 846 orator
1012 825 1227 846 commemo-

242 867 307 894 ret.
359 859 780 903 ldfacitDeniostlienes,
810 864 953 908 exponit
971 876 1110 903 causus,
1138 875 1228 908 quae

240 909 446 955 Philippum
473 919 693 946 attraxerunt
718 914 753 947 in
778 915 982 954 Graeciam,
1019 921 1052 947 ct
1078 914 1229 947 ostendit

242 962 402 995 adiutum
427 975 499 997 esse
524 977 541 996 a
569 964 831 1008 proditoribus,
876 972 909 998 et
935 965 1088 1009 excerpit
1112 978 1152 998 ex
1178 963 1229 997 hi-

242 1013 349 1047 storia
367 1025 426 1054 ea,
455 1027 544 1059 quae
562 1015 796 1058 plausibiliter
811 1017 927 1049 dicere
945 1023 1094 1060 poterat.

340 1072 440 1105 Hanc
471 1073 648 1106 rationem
682 1074 876 1107 variandae
906 1075 1148 1118 dispositionis
1179 1074 1230 1106 iu-

241 1122 320 1155 dico
338 1120 394 1156 hic
414 1123 525 1164 tradi,
553 1136 632 1157 cum
647 1124 805 1170 loquitur
816 1125 938 1158 Cicero
958 1126 1000 1158 de
1020 1125 1229 1158 invertendo

278 1254 326 1282 19)
345 1252 482 1285 Virgilius
507 1253 582 1278 illam
605 1252 675 1278 libro
697 1252 716 1277 1.
735 1253 821 1283 Aen„
853 1253 902 1277 hoc
928 1254 1019 1277 antem
1042 1252 1113 1277 libro
1127 1252 1158 1276 11.
1185 1257 1230 1276 re-

310 1288 386 1314 citat.

374 1380 474 1411 IVota.
518 1381 562 1409 Ad
585 1380 657 1409 duos
679 1381 763 1409 huius
787 1381 852 1409 libri
876 1382 992 1419 locosp

968 117 1078 153 MEL.
1119 115 1319 153 SCRIPTA
1353 118 1686 158 PHILOLOGICA.

2194 123 2266 158 888

1282 204 1406 237 ordine
1426 212 1459 239 ct
1474 219 1611 241 sursum
1630 219 1768 246 versus,
1803 219 1842 240 nc
1863 214 1959 240 retro
1984 207 2144 242 dicendo.
2197 208 2265 242 Ex-

1283 256 1436 299 emplum
1462 270 1602 298 recmns,
1639 265 1672 291 et
1698 258 1808 291 Vidae
1836 270 1979 291 carmen
2002 259 2170 297 ostendit,
2203 259 2263 304 qui

1282 305 1515 339 Christe-idem
1537 321 1553 340 a
1575 309 1736 352 passione
1761 310 1918 349 orditur,
1955 316 1987 342 et
2015 310 2188 354 reliquam
2211 307 2263 341 hi-

1281 358 1425 390 storiam
1450 365 1569 390 narrat
1585 385 1593 398 ,
1627 366 1664 392 ut
1691 360 1727 391 in
1752 360 1901 400 iudicio,
1936 372 2055 393 corzon
2079 358 2264 405 Pilatow).

1283 408 1476 451 Diligenter
1507 415 1624 441 autern
1659 408 1744 442 hacc
1777 411 1934 455 exempla
1967 411 2113 444 studiosi
2146 410 2263 443 obser-

1283 466 1382 497 vent,
1411 459 1492 504 quia
1514 472 1640 502 inagna
1661 460 1735 493 laus
1753 467 1803 494 est
1822 463 2048 504 prudentiae,
2083 468 2116 494 et
2133 461 2264 501 videre,

1282 522 1371 555 quae
1387 509 1571 554 dispositio
1588 523 1707 543 reruni
1727 511 1836 554 prosit
1855 523 1990 546 causae.

1383 561 1468 604 Cap.
1486 559 1559 594 Vll.
1589 560 1695 604 5126.
1724 564 1892 596 Germana
1903 562 1948 607 21)
1967 560 2197 609 literaturam]
2225 560 2264 594 Id

1282 617 1349 650 est,
1376 623 1479 644 soror
1494 612 1705 656 scriptionis.

1314 727 1362 755 20)
1381 728 1490 751 Marcus
1505 727 1689 758 Hieronymus
1703 728 1790 759 vida,
1812 727 1884 752 1470.
1903 728 2053 751 Cremonae
2074 727 2167 755 natum,
2186 728 2263 755 post-

1350 768 1428 791 quam
1451 763 1595 791 Mantuae,
1634 762 1744 786 paduae
1774 766 1801 786 et
1825 762 1962 785 Bononiae
1986 761 2085 785 litteris
2111 760 2262 787 studuerat.

1349 797 1477 820 Mantuae
1501 796 1527 818 in
1553 796 1691 826 congreg.
1716 795 1871 820 canonicor.
1898 802 1955 825 reg.
1981 799 2007 820 s.
2033 795 2135 821 Marci,
2167 796 2263 823 postea

1351 830 1453 853 Romae
1471 830 1498 852 in
1516 830 1653 860 Cougreg.
1675 836 1732 855 can.
1757 836 1814 857 reg.
1835 831 1962 853 Lateran.
1988 831 2130 858 receptus..
2159 833 2176 850 a
2195 833 2264 857 papa

1349 864 1440 887 Leone
1459 864 1492 887 X.
1519 864 1594 893 prior
1618 868 1645 888 s.
1665 864 1804 894 sylvestri
1829 864 1977 889 Tiburtini.
2007 870 2024 886 a
2045 863 2184 886 Clemente
2203 861 2263 884 vn.

1351 897 1427 921 1532.
1452 898 1536 921 Albae
1568 899 1708 927 episeopus
1737 900 1846 921 creatus
1881 899 1972 921 Monte
2000 898 2114 921 Ferrato
2147 895 2262 925 degebat

1350 931 1455 961 ibique,
1474 932 1508 954 ¹³6
1521 937 1607 955 annos
1626 934 1723 959 natus,
1741 932 1782 955 27.
1800 935 1874 961 sept.
1896 933 1969 957 ¹566.
1989 934 2110 955 moi-tuus
2132 932 2184 953 est.
2221 929 2261 952 Ex

1351 966 1477 994 operibus
1501 966 1581 988 huius
1607 966 1697 989 eximii
1722 968 1817 995 poetae
1841 967 1866 989 Ιι.
1882 967 1898 989 1.
1925 966 2070 989 laudantur
2088 963 2261 987 Christeidos

1351 999 1412 1022 libri
1427 999 1490 1029 VL,
1521 1001 1565 1028 qui
1590 1006 1672 1029 saepe
1697 1000 1813 1022 seorsim
1838 1000 1902 1022 editi
1927 1003 1952 1023 et
1970 1001 2003 1023 ab
2023 1000 2101 1022 Alex.
2120 997 2214 1021 hamio
2233 996 2261 1019 in

1351 1033 1471 1061 linguam
1505 1033 1625 1056 italicam
1655 1033 1783 1056 translati
1813 1036 1885 1056 sunt.
1937 1033 2050 1057 Praeter
2075 1033 2123 1055 lios
2149 1030 2262 1061 scripsit

1351 1067 1477 1095 nymnos
1505 1066 1537 1089 de
1563 1068 1644 1089 rebus
1669 1067 1786 1093 divinis,
1823 1068 1862 1089 De
1885 1068 1945 1090 arte
1973 1067 2079 1096 poetica
2103 1066 2188 1089 libros
2206 1065 2261 1092 ut,

1350 1101 1513 1129 Bombycum
1538 1101 1581 1124 llll.
1603 1101 1649 1130 ll..
1682 1101 1808 1124 &macchia
1826 1100 1932 1129 ludum,
1964 1101 2104 1126 Bucolica,
2133 1098 2262 1122 Carmina

1351 1133 1453 1156 diversi
1472 1134 1600 1164 generis,
1624 1135 1755 1165 Dialogus
1775 1135 1808 1158 de
1826 1135 1990 1163 reipublicae
2012 1133 2160 1164 dignitate,
2189 1133 2261 1157 Ora-

1351 1167 1455 1197 tioneS‚
1480 1168 1620 1197 Epistotas
1639 1170 1690 1192 etc.
1733 1169 1795 1193 Vid.
1816 1168 1844 1192 C.
1864 1169 1889 1192 J.
1910 1168 2028 1199 Bougine
2047 1167 2194 1192 flandbuch
2212 1166 2260 1189 der

1351 1202 1460 1232 allgem.
1478 1202 1693 1234 Litterargesch.
1712 1204 1741 1228 Τ.
1756 1203 1787 1226 lt.
1806 1210 1831 1232 p.
1850 1204 1905 1226 144.

1317 1252 1365 1280 21)
1387 1252 1545 1283 Germana]
1565 1253 1605 1278 sic
1622 1253 1664 1277 hic
1682 1254 1864 1279 commentar.
1890 1257 1916 1278 et
1940 1254 2071 1284 quaedam
2088 1252 2186 1283 Edam
2210 1252 2259 1277 Ed.

1355 1286 1440 1311 Orell.
1459 1288 1598 1319 aliaeque:
1621 1289 1735 1320 gemina
1753 1289 1792 1318 (li.
1810 1289 1828 1312 l.
1847 1288 1865 1313 i.
1885 1296 1908 1319 q.
1934 1288 2056 1316 similis).

974 1391 1003 1419 p.
1022 1379 1096 1410 846.
1120 1380 1170 1408 lin.
1192 1378 1233 1408 18
1251 1388 1294 1416 sq.
1325 1385 1356 1408 et
1383 1389 1412 1417 p.
1434 1379 1508 1410 851.
1541 1381 1592 1411 lin.
1613 1379 1763 1411 39—42.
1793 1381 1980 1410 illustrandos
2010 1382 2083 1410 haec
2111 1380 2257 1408 addimus:

245 1425 327 1453 Prior
350 1424 431 1453 locus
454 1429 568 1462 spectat
590 1423 627 1451 ad
649 1423 798 1452 Decretal.
822 1424 955 1461 Gregorii
978 1424 1028 1453 lX.
1052 1424 1100 1452 lib.
1117 1423 1154 1451 V.
1177 1423 1222 1451 tit.
1236 1419 1289 1451 34.
1313 1421 1351 1449 de
1373 1424 1548 1460 purgatione
1571 1425 1724 1462 canonica,
1753 1431 1783 1453 et
1806 1426 1850 1453 tit.
1862 1423 1914 1453 35.
1937 1425 1974 1452 de
1996 1424 2168 1461 purgatione
2191 1422 2256 1450 ml-

246 1467 324 1505 gari3
353 1467 427 1495 alter
449 1472 546 1494 autem
568 1465 605 1493 ad
628 1466 740 1502 Digest.
754 1465 884 1495 XLVIII.
908 1467 951 1495 tit.
967 1466 996 1495 5.
1018 1466 1055 1495 fr.
1072 1464 1123 1495 13.
1146 1464 1174 1503 ξ.
1192 1463 1220 1492 1.
1252 1464 1331 1491 cuius
1360 1466 1450 1493 verba
1476 1467 1504 1493 in
1528 1466 1582 1494 Ed.
1606 1466 1704 1494 Beckii
1732 1467 1804 1495 haec
1825 1473 1906 1495 sunt:

443 1510 504 1536 sive
527 1508 647 1545 iniusta,
669 1498 882 1536 accusa'tionem
906 1510 1058 1537 instituere
1081 1509 1125 1535 vir
1148 1507 1366 1543 poterit3na1n
1390 1513 1421 1535 ut
1443 1508 1551 1536 Sextus
1573 1509 1715 1536 Caecilius
1737 1511 1791 1545 ait,
1828 1509 1901 1537 haec
1930 1509 1980 1537 lex
2009 1509 2045 1537 ad
2074 1508 2170 1535 omnia
2192 1515 2254 1533 ma-

245 1551 378 1579 trimonia
400 1551 544 1589 pertinet,
579 1555 610 1578 et
631 1549 704 1578 illud
726 1549 910 1579 Homericum
935 1551 1029 1588 [iliad.
1050 1551 1107 1586 IX,
1137 1547 1202 1578 340
1223 1546 1283 1586 sq.]
1313 1548 1414 1577 affert:

244 1518 318 1537 uxor
341 1508 413 1545 fuit,

244 1592 367 1632 amant]

1945 1467 2064 1506 „Plane
2091 1466 2153 1493 sive
2183 1465 2257 1492 iusta

1453 1549 1524 1588 [nec
1555 1551 1631 1579 enim
1661 1551 1731 1588 soli,
1768 1552 1876 1590 inquit,
1911 1551 2028 1580 Atridae
2057 1558 2162 1579 uxores
2191 1558 2256 1577 suas

586 1640 635 1673 Οὐ
656 1643 767 1680 μοῦνοι
789 1638 928 1681 φιλέουσ’
952 1639 1084 1680 ἀλόχους
1105 1639 1252 1681 μερόπων
1277 1637 1455 1681 ἀνθρώπων
1471 1639 1662 1681 Ἀτρεῖδαι.”

244 1696 299 1724 Pro
328 1692 374 1725 Οὐ
396 1696 505 1733 μοῦνοι
530 1716 537 1725 .
561 1715 570 1725 .

594 1714 604 1726 .
624 1691 787 1734 Ἀτρεῖδαι.
818 1693 896 1732 apud
919 1694 1003 1724 Hom.
1027 1694 1074 1723 ed.
1097 1694 1188 1723 Wolf.
1211 1692 1348 1729 leguntur
1362 1687 1408 1722 TH
1426 1695 1536 1730 μοῦνοι
1560 1714 1569 1723 .
1593 1714 1600 1723 .
1625 1714 1634 1723 .

1655 1691 1829 1733 ’Λτρεΐδαις
