2347 3000
65 137 145 174 965

63 222 149 258 lium
175 236 293 258 mcum
316 236 394 257 cum
411 223 458 268 ⁷⁰)
491 223 583 257 illius
611 223 779 263 consilio,
822 225 875 257 vel
908 226 1051 259 fortuna

62 275 308 320 coniungenda
327 288 399 309 esse
417 275 590 309 videatur.
674 273 831 323 Privato]
860 276 1052 320 Pompeius

62 327 157 360 enim
175 327 376 361 restituerat
392 325 617 366 Ciceronem,
643 325 694 359 Er
710 324 806 360 hatte
821 327 870 371 jm
889 328 956 360 viel
974 334 1052 371 guts

62 376 212 422 gethan,
239 383 272 410 et
290 376 413 410 Cicero
436 377 548 410 voluit
565 389 647 422 erga
671 377 769 410 illum
793 385 935 422 gratus,
972 378 1051 411 ideo

62 442 141 462 eum
158 434 295 462 secutus
310 434 371 461 est.
441 426 595 476 Publico]
622 428 753 463 scilicet
769 442 842 462 non
859 436 897 463 ut
914 436 1051 473 gereret

61 480 191 513 bellum
209 479 376 513 adversus
387 478 585 514 Caesarem.
651 479 791 528 Animi]
819 481 950 516 scilicet
968 492 1048 524 erga

62 530 286 574 Pompeium.

164 580 194 624 5.
221 579 278 615 15.
316 579 462 629 Ordine]
501 581 632 615 scilicet
665 588 802 616 senatu.
905 584 947 616 Ιη
981 584 1050 625 ipso

58 629 158 678 bello]
200 631 231 665 A
263 631 371 676 signis
388 659 396 672 ,
448 633 610 678 reditque
645 635 687 666 ad
726 632 1048 666 ratiocinationem.

61 684 189 726 Capitis
221 686 286 717 mei
300 683 346 729 71)
374 682 542 731 periculo]
582 683 620 716 ld
650 686 745 730 quod
776 682 987 717 Plutarchus
1002 683 1048 729 72)

58 745 202 779 quoque
220 740 378 768 testatur.
431 734 554 768 Cicero
578 735 670 767 enim
695 741 775 779 post
793 735 922 767 victum
941 735 1048 768 Pom—

58 784 177 828 peium
211 784 247 818 in
271 785 404 830 campis
427 784 640 819 I'barsalicis
663 799 741 818 cmn
767 785 876 829 copiis
900 792 1048 829 rogante

59 835 194 868 Catone
213 848 371 880 praeesse
390 837 574 875 voluisset,
609 848 627 868 a
651 836 792 869 iuniore
809 836 982 880 Pompeio
1008 849 1047 869 ac

58 886 135 919 aliis
152 887 326 932 plerisque
346 888 508 931 proditor
529 887 725 932 appellatus
752 893 821 927 est,
856 888 1046 933 fuissetque

59 937 271 977 trucidatus,
305 938 372 971 nisi
398 937 485 971 Cato
510 950 588 970 eum
612 939 804 972 liberasset.
889 941 946 972 Ex
969 940 1046 985 quo]

55 987 108 1020 Ex
123 987 338 1031 digressione
356 988 488 1033 colligit
504 989 720 1032 praeiudicia
739 990 913 1035 quaedam
927 1016 936 1030 ,
969 989 1046 1034 qui-

55 1038 121 1071 bus
138 1038 309 1072 invidiam
333 1039 416 1072 belli
444 1040 556 1073 civilis
577 1053 595 1072 a
614 1040 763 1074 Caesare
780 1041 814 1073 in
833 1041 1045 1084 Pompeium

56 1090 235 1124 transfert.
277 1090 406 1130 ἄλλως.
464 1090 664 1135 Applicatio
689 1091 850 1136 exempli.
910 1089 1046 1136 Enthy-

56 1153 191 1174 mema:
219 1140 277 1175 Tu
301 1153 486 1176 conservas
506 1148 649 1176 autores
671 1143 786 1187 pacis:
820 1154 903 1184 ergo
929 1149 1046 1176 osten-

57 1192 110 1226 dis
127 1197 159 1224 te
175 1192 338 1226 maluisse
355 1206 477 1238 pacem
489 1219 498 1232 ,
526 1206 632 1239 quam
649 1194 792 1227 bellum.
868 1193 1044 1237 Voluntas]

55 1243 187 1278 scilicet
210 1244 375 1278 maluisse
402 1257 537 1289 pacem.
642 1245 814 1289 Caesaris]
850 1245 981 1278 s‹-ilicet
1006 1251 1045 1277 ut

56 1295 205 1334 Catoni,
242 1295 303 1340 qui
328 1296 438 1329 suasit
464 1296 608 1329 bellum.
684 1298 793 1341 Atque
816 1297 865 1340 id]
892 1295 1043 1328 Collatio

55 1345 215 1381 Caesaris
231 1358 310 1379 cum
328 1347 399 1381 suis
417 1345 576 1380 hostibus
588 1373 596 1385 ‚
623 1347 745 1392 quales
762 1347 913 1385 suerint,
948 1347 976 1379 si
994 1347 1043 1378 vi-

56 1399 195 1432 cissent.
244 1395 406 1443 Thucyd.
434 1399 469 1432 3.
483 1397 544 1432 lib.
572 1397 704 1442 inquit:
738 1397 811 1437 Ea,
849 1409 939 1442 quae
963 1403 1044 1430 sunt

54 1450 91 1483 in
108 1448 245 1487 medio,
272 1451 470 1493 perduntur
484 1449 527 1481 ab
543 1448 701 1494 utrisque
710 1447 768 1493 73).
842 1450 920 1483 Mir
922 1461 976 1482 um
993 1451 1044 1481 zi-

55 1504 191 1536 deretur
200 1499 273 1546 Ἡ)]
301 1501 432 1534 scilicet
447 1501 536 1533 bene
553 1499 699 1533 sensisse
717 1500 758 1532 de
775 1499 959 1532 autoribus
982 1512 1015 1543 p
1008 1512 1043 1531 1—

56 1553 116 1587 cis.
204 1553 307 1586 Pacis
328 1552 494 1596 auctores]
527 1550 559 1584 A
582 1550 845 1584 circumstzzmtin
872 1551 1042 1594 temporis

56 1602 258 1648 amplificat.

157 1653 242 1698 Cap.
266 1652 324 1687 VI.
363 1651 479 1697 §.162
519 1656 628 1699 Atque
659 1653 774 1697 huius]
814 1652 1041 1696 Exemplum:

53 1705 131 1749 Ego
147 1717 287 1749 semper
304 1705 340 1737 in
358 1717 395 1737 ea
414 1705 587 1738 sententia
611 1705 681 1745 fui,
716 1711 754 1737 ut
772 1715 826 1737 res
853 1715 1043 1747 compone-

906 1754 945 1786 ln
976 1752 1042 1787 hac

52 1763 169 1796 retur,
213 1768 425 1801 quocunque
453 1757 562 1789 modo
593 1755 670 1788 fieri
703 1761 831 1800 posset.

56 1807 228 1842 sententia
254 1807 320 1840 suit
351 1807 458 1840 etiam
480 1807 680 1840 Marcellus.
784 1808 838 1840 M.
863 1806 1041 1849 Marcello]

55 1859 185 1893 scilicet
211 1859 306 1903 quod
331 1864 365 1891 et
385 1858 458 1902 ipse
481 1857 629 1892 suaserit
652 1868 788 1901 pacem.
892 1857 1041 1900 Quoties]

57 1911 208 1944 Collatio
227 1908 386 1943 Caesaris
403 1922 483 1942 cum
503 1907 734 1946 adversariis,
767 1908 869 1951 quasi
893 1907 1041 1941 diceret:

54 1962 181 1996 Futuri
204 1967 305 1994 erant
330 1959 574 1994 crudelissimi.
672 1959 854 2002 Victoriae]
889 1958 1041 2003 Oblique

54 2012 261 2059 perstringit
294 2011 495 2045 Caesarem.
611 2011 646 2045 G.
681 2008 819 2053 Caesar]
860 2008 1041 2053 Epilogus.

55 2068 132 2100 Non
150 2066 240 2098 enim
254 2064 337 2108 iam]
355 2061 565 2107 Occupatio,
591 2072 660 2106 qua
677 2066 795 2094 tantae
813 2059 926 2095 laudis
944 2073 1042 2093 amo-

53 2117 139 2150 litur
157 2114 342 2148 invidiam.

156 2166 187 2211 5.
214 2166 273 2200 17.
311 2167 462 2199 Vidimus
482 2163 589 2208 iuum]
625 2161 789 2196 Collatio.

54 2218 262 2263 Hypallagc.
314 2216 440 2249 Dicere
458 2215 552 2248 euim
571 2213 761 2248 debuisset:

57 2281 161 2303 cuum
183 2268 323 2313 vagina.
401 2267 564 2311 Perculit]
592 2265 722 2300 scilicet
745 2264 905 2308 peremit.

869 2163 955 2196 Glud
959 2164 969 2195 i
973 2163 1041 2206 um]

797 2212 963 2246 Gladium
982 2226 1042 2245 va-

990 2266 1041 2299 Ab

92 2404 140 2433 70)
158 2403 230 2433 cum]
251 2402 278 2427 in
296 2402 345 2426 Ed.
361 2400 434 2425 1568.
455 2400 543 2424 deest.

94 2456 143 2484 71)
161 2455 229 2483 mei]
249 2453 289 2478 sic
306 2453 355 2478 Ed.
375 2451 477 2481 ore11.;
503 2450 531 2474 in
549 2449 600 2475 Ed.
618 2448 691 2473 1568.
711 2448 796 2473 deest.

92 2506 233 2535 723P111t.
254 2504 349 2529 Cimo
366 2503 408 2528 39.

93 2549 667 2593 73)'r11u‹.3d.1.111.c.82.inquit:11}

126 2589 178 2616 ὗτ’
205 2588 387 2622 ἅαῐοῐέρων,
419 2596 434 2617 η
463 2585 503 2611 ὅτι
527 2584 558 2610 οὗ
583 2587 647 2615 {vus
641 2586 811 2617 yonfigowro,

128 2626 230 2657 περιεῑι
233 2633 275 2653 αι,
298 2622 496 2655 διεφθείοοντο.

695 2548 721 2574 δὲ
747 2550 818 2582 μέσα
844 2550 899 2573 τῶν
925 2550 1044 2574 πολιτῶν

845 2582 858 2614 ἢ
878 2583 976 2617 φθόνῳ
995 2585 1042 2610 τοῦ

93 2678 140 2703 74)
161 2676 270 2700 filii-nm
287 2673 451 2701 rideretur]
471 2671 510 2695 sic
529 2671 577 2695 Ed.
593 2670 667 2694 1568.
687 2672 713 2694 et
734 2670 785 2695 aL:

128 2747 151 2769 h.
170 2746 186 2768 Ι.

376 137 433 173 ΙΧ.
487 136 769 174 ENARRATIO
804 138 870 172 ΟΙι
873 136 1064 174 ATIOMS
1100 138 1348 174 CICERONIS
1384 141 1445 174 Pu
1449 140 1480 174 O
1518 142 1792 180 MARCELLO.

810 2668 857 2692 Ed.
881 2669 964 2693 oren.
984 2670 1044 2694 Mi-
1069 2685 1071 2692 ⁴

128 2717 194 2735 rum
213 2709 287 2738 (sine
308 2708 392 2732 verbo
411 2707 591 2734 videretur);
622 2705 693 2729 cons.
714 2703 809 2729 Orellii
836 2705 899 2728 uota
925 2704 984 2731 crit,
1011 2705 1045 2728 ad
1069 2693 1072 2738 ’ζ
1252 2722 1265 2729 ,,

1070 2742 1072 2745 ·
1097 2723 1205 2756 salvo.
1241 2725 1367 2760 αλλως.

2024 151 2097 186 966

1105 225 1246 270 inseris]
1274 225 1515 260 Ratiocinatio
1545 241 1605 272 per
1628 226 1859 274 hyperbolen.
1963 238 2096 280 Partis]

1105 277 1235 310 scilicet
1250 276 1504 322 Pompeianae.
1591 282 1759 326 Alterius]
1789 282 1908 316 Altera
1930 298 2008 328 pars
2027 279 2095 319 rol*-

1104 327 1259 361 lationis.

1208 377 1324 421 5.18.
1366 382 1552 426 Sensissel]
1592 383 1722 416 stiliret
1759 390 1878 417 utrum
1912 387 2093 430 probasset

1103 428 1254 468 bellum,
1281 441 1346 462 nec
1364 443 1420 465 ne.
1503 435 1545 466 lt
1571 435 1670 478 mihi]
1697 435 1863 478 Optimus
1887 444 1935 470 est
1965 435 2020 470 lli(
2045 440 2094 470 lo-

1104 492 1163 513 cus
1179 485 1212 512 et
1227 480 1472 523 gravissimus,
1501 483 1560 528 qui
1577 490 1691 527 potest
1715 487 1836 519 ornari
1858 493 1892 519 et
1914 488 2094 523 illustrari.

1104 531 1303 574 Gonlulisse]
1332 529 1572 578 ἐπιφώνημα,
1601 535 1695 570 Deus
1711 537 1799 571 bene
1818 538 1931 571 voluit
1950 547 2092 574 nostrae

1103 581 1329 625 reipublicae.

1205 631 1234 676 ᾗ.
1255 632 1312 666 19.
1342 634 1471 677 Οιιανθ]
1500 634 1707 675 Conclusio,
1737 639 1835 683 quasi
1855 640 2003 674 diceret:
2033 643 2091 674 ‹le-

1102 683 1230 716 lectarc
1248 689 1304 716 tua
1323 684 1521 718 clementia.
1598 688 1708 731 Bono]
1730 689 1761 721 i‹l
1781 696 1849 730 est,
1876 697 1934 723 tua
1951 693 2090 736 sapien-

1103 734 1162 766 tia.
1240 734 1382 778 Fruere]
1417 732 1552 774 πάθος.
1640 740 1696 770 Ex
1719 741 1796 784 quo]
1829 742 1958 775 scilicet
1981 745 2090 777 mori-

1101 785 1182 823 bus,
1217 785 1358 818 virtute.
1435 788 1607 831 Sapienti]
1635 789 1775 832 Asper-si
1799 799 1881 824 sunt
1905 794 1972 825 loci
1995 808 2090 828 com-

1102 848 1236 875 umnes,
1265 843 1299 868 et
1317 837 1469 869 ostendit
1479 837 1621 871 Caesari
1638 852 1709 872 uuo
1728 847 1833 885 atque
1851 843 1961 876 altero
1979 848 2087 879 verbo

1102 899 1246 929 magnas
1264 899 1318 920 res
1332 913 1340 925 ,
1370 900 1533 931 magnam
1552 891 1737 923 materiam
1750 918 1759 931 ,
1787 892 1922 927 etiamsi
1941 908 2011 928 non
2030 911 2086 930 ex-

1100 938 1260 970 aedificet
1277 951 1336 972 eos
1354 939 1462 972 locos.
1544 942 1698 987 Caetera]
1724 942 1756 974 id
1780 950 1847 983 est,
1873 956 1927 978 res
1951 947 2087 982 bellica.

1099 989 1359 1032 Amplificatio,
1388 1002 1457 1034 qua
1476 992 1631 1034 praefert
1648 994 1802 1027 fortuitis
1827 1007 1886 1035 ea,
1922 1010 2012 1042 quae
2036 1012 2089 1033 52-

1100 1039 1236 1083 pienter
1259 1041 1349 1073 sacta
1377 1046 1470 1074 sunt.
1559 1044 1687 1088 Toties]
1720 1044 1912 1088 Expolitio.
1997 1052 2088 1091 Quae

1099 1090 1181 1134 non]
1200 1089 1239 1121 L·
1234 1103 1293 1123 ¹ms
1312 1090 1486 1124 clementi
1489 1104 1530 1125 te.
1565 1094 1700 1126 Alludit
1717 1096 1761 1127 ad
1779 1097 1979 1140 superiora.
2007 1102 2085 1135 Alia

1098 1147 1179 1174 sunt
1195 1142 1362 1185 proprii,
1387 1142 1443 1175 ali
1439 1155 1455 1175 ι
1472 1154 1556 1178 non.
1638 1147 1783 1190 Tantus]
1809 1146 1841 1180 R
1845 1148 1915 1182 atio
1932 1162 1993 1184 seu
2013 1152 2088 1187 ἐπι-

1098 1188 1273 1238 φώνημα.

1201 1242 1230 1287 5.
1247 1244 1307 1279 20.
1335 1244 1430 1288 Noli]
1458 1242 1683 1280 Adhortatio.

1237 1297 1314 1328 lVon
1336 1296 1442 1340 enim]
1469 1296 1618 1331 Noema.

1200 1344 1285 1389 Cap.
1299 1344 1373 1380 Vll.
1404 1345 1433 1389 5
1450 1348 1510 1382 21.
1545 1348 1660 1392 Nemo]
1693 1348 1873 1392 Secunda,
1908 1353 2084 1400 planeque

1096 1408 1189 1429 nova
1215 1396 1387 1430 orationis
1411 1409 1512 1441 pars,
1554 1411 1644 1443 quae
1666 1406 1717 1432 est
1741 1403 1877 1443 generis
1901 1404 2085 1442 iudicialis.

1096 1447 1215 1481 Status
1241 1454 1360 1480 autem
1386 1448 1651 1489 coniecturalis,
1688 1463 1756 1495 qua
1782 1454 1934 1497 suspicio
1959 1462 2086 1491 tracta-

1097 1505 1165 1532 tur.
1217 1497 1349 1543 Estque
1369 1500 1567 1543 propositio
1587 1513 1717 1533 novam
1743 1514 1814 1536 esse
1836 1506 2085 1550 suspicionem.

1095 1551 1367 1594 Atrocisse'numv]
1403 1550 1599 1584 Transitio.
1699 1555 1926 1600 Providimla]
1962 1558 1994 1591 id
2024 1567 2086 1599 est,

1343 1603 1449 1642 Quum
1473 1604 1551 1646 elsi]
1579 1604 1787 1646 Occupatio.
1869 1610 2084 1656 Ειίεηιιαόο]

1096 1651 1303 1684 Concessio.
1337 1652 1373 1685 Si
1398 1652 1460 1684 tibi
1488 1654 1641 1693 effueiis,
1673 1655 1776 1688 nobis
1797 1659 1942 1693 ςεὶ-ηῑὶε.
2019 1664 2088 1696 Sed

1095 1703 1265 1748 qedsnum]
1292 1702 1513 1746 Propositio:
1543 1704 1656 1737 Nemo
1674 1705 1790 1738 insidi
1793 1714 1862 1741 tim
1878 1710 1952 1744 tibi.
2003 1712 2085 1745 Vul-

1094 1766 1180 1786 nera
1212 1766 1283 1786 non
1318 1760 1397 1786 suut
1429 1756 1632 1795 tractanda,
1661 1768 1751 1800 quae
1778 1759 1939 1794 volumus
1964 1763 2082 1796 statim

1096 1805 1201 1837 coire.
1283 1806 1460 1849 Quisnam]
1491 1806 1641 1847 Negatio
1665 1807 1822 1842 criminis
1849 1822 1866 1842 a
1894 1813 2084 1855 probabili.

1095 1855 1255 1899 Demens]
1284 1856 1411 1888 scilicet
1439 1856 1499 1901 qui
1524 1857 1606 1890 velit
1622 1864 1758 1902 patrem
1777 1861 1931 1902 patriae,
1959 1865 2083 1910 suique

1095 1913 1312 1939 servatorem
1351 1907 1557 1941 interficere.
1650 1911 1812 1955 Tametsi]
1848 1912 2081 1948 Confirmatio

1095 1969 1158 2001 per
1193 1957 1386 1997 dilemma,
1442 1965 1562 2004 estque
1598 1960 1799 1993 coniectura
1834 1974 1852 1995 a
1889 1966 2082 2001 voluntate.

1094 2011 1172 2042 Non
1196 2008 1261 2052 esi]
1297 2009 1486 2042 Subiectio.
1596 2012 1675 2055 Tui]
1711 2011 1887 2046 Dilemma
1915 2028 1955 2049 ex
1979 2030 2081 2052 causa

1095 2059 1204 2092 finali.
1283 2057 1394 2103 Qui?]
1424 2060 1524 2105 quasi
1549 2061 1698 2095 diceret:
1728 2064 1913 2099 nullisuut
1937 2068 2082 2103 inimici.

1095 2110 1170 2142 Hoc
1187 2117 1434 2153 argumentum
1456 2118 1506 2144 est
1524 2112 1722 2153 infirmum,
1750 2122 1937 2160 propterea
1963 2120 2079 2152 statim

1096 2161 1239 2195 omittit.

1198 2210 1227 2256 5.
1245 2214 1304 2247 22.
1332 2214 1400 2247 Sed
1419 2214 1547 2257 tcunen]
1577 2214 1783 2255 Concessio,
1817 2229 1885 2261 qua
1913 2217 2080 2252 adhorta-

1096 2270 1152 2296 tur
1174 2263 1380 2302 Caesarem,
1417 2270 1455 2296 ut
1481 2265 1642 2298 observet
1665 2266 1845 2305 inimicos,
1882 2275 1914 2300 et
1939 2270 2079 2316 oblique

1094 2314 1266 2356 significat
1290 2327 1363 2346 non
1389 2327 1490 2358 posse
1520 2328 1593 2349 non
1629 2318 1761 2359 optime
1794 2318 1880 2350 yfelle
1914 2319 1943 2351 ei
1977 2321 2079 2355 cixes.

1094 2366 1276 2409 Lulebrue]
1311 2365 1512 2405 Correctio,
1553 2378 1642 2411 quae
1670 2365 1775 2400 habet
1807 2371 2080 2411 concessionem,

1095 2416 1195 2462 quasi
1216 2416 1363 2449 diceret:
1400 2414 1489 2448 nihil
1515 2423 1565 2450 est
1595 2418 1770 2456 tenacius,
1811 2432 1917 2464 quam
1941 2423 2079 2457 animus

1096 2468 1341 2511 improborum
1367 2464 1573 2505 hominum,
1609 2475 1647 2501 ut
1669 2468 1826 2507 Cassius,
1861 2472 1922 2515 qui
1946 2474 2080 2516 primus

1095 2525 1198 2551 autor
1224 2518 1289 2551 suit
1314 2519 1543 2551 interficiendi
1562 2518 1731 2554 Caesaris.
1812 2524 2017 2569 Auqeumus]
2045 2526 2079 2558 id

1095 2576 1156 2607 esi,
1183 2570 1335 2601 rouredo
1354 2569 1446 2601 illam
1466 2570 1714 2613 suspicionem,
1743 2578 1780 2604 ut
1800 2572 1937 2606 iubeam
1959 2581 1990 2607 te
2008 2588 2078 2609 esse

1097 1293 1121 1326 t.
1751 1249 1883 1294 Stulta]
1910 1250 2085 1287 Extenua-

1114 1307 1158 1327 ΙΟ-

1096 1601 1264 1634 cavenda.

1095 2621 1368 2664 diligentiorem.
1472 2624 1561 2654 Num
1589 2623 1679 2666 quis]
1718 2622 1941 2666 Propositio,
1983 2627 2079 2660 cuius

1096 2672 1187 2704 ratio
1207 2677 1272 2704 est:
1302 2671 1393 2716 Quia
1416 2683 1487 2702 non
1511 2684 1695 2715 possuu‘ms
1718 2686 1789 2706 esse
1815 2675 1920 2711 salvi,
1955 2677 2019 2709 nisi
2050 2686 2078 2709 ει·

1421 2722 1474 2755 Ab
1494 2723 1570 2754 utili
1595 2726 1779 2756 confirmat
1804 2727 2077 2763 concessionem.

1375 2772 1459 2806 61²*
