2347 3000
1210 786 1284 828 VI.

361 907 469 949 PH.
514 905 692 947 MEL.
738 900 1294 946 DISSERTATIO
1343 899 1437 941 DE
1488 898 2132 943 CONTRACTIBUS.

325 1067 405 1095 Haec
427 1063 591 1092 dissertatio
614 1063 654 1090 bis
677 1071 691 1089 a
716 1062 905 1090 Melantlione
929 1060 1008 1088 edita
1031 1065 1092 1095 est,
1116 1060 1240 1097 primum
1265 1060 1342 1087 enim
1363 1060 1398 1086 ab
1421 1067 1457 1086 eo
1479 1057 1614 1086 adiuncta
1637 1062 1681 1085 est
1704 1058 1791 1085 libro:

365 1106 552 1136 Euam-atio
575 1104 701 1142 ale'qnot
723 1102 884 1132 librorum
909 1100 1099 1131 Emit-orum
1123 1100 1321 1130 Aristotelis
1343 1101 1464 1139 primi,
1495 1098 1647 1133 secundi,
1677 1100 1771 1127 tertii
1793 1103 1824 1128 el
1847 1099 1974 1137 quinti,
2009 1097 2054 1127 ad
2076 1098 2265 1138 intelligen-

404 1149 481 1178 dum
502 1146 720 1177 Aristotelem
746 1146 858 1181 utilis,
882 1150 999 1173 amore
1020 1142 1180 1182 Philippo
1202 1142 1429 1172 Melanthum.

1479 1139 1678 1179 Ve'lebergae
1703 1141 1798 1171 1545.
1842 1141 1872 1171 8.

236 1194 293 1222 vid.
317 1193 454 1230 Prolegg.
485 1189 674 1228 p.5—10.,
712 1189 820 1217 deiude
850 1189 970 1217 editioni
999 1187 1148 1224 Epitomes
1177 1187 1379 1224 philosophiae
1409 1185 1543 1221 moralis,
1578 1193 1654 1222 quae
1683 1182 1986 1223 Argentorati1546.
2015 1183 2121 1222 prodiit
2151 1184 2191 1213 sic
2219 1185 2265 1213 in-

237 1237 362 1274 scripta:

363 1274 518 1314 Philippi
539 1271 766 1303 Melanthom·s
788 1269 1022 1311 philosophiae
1045 1270 1181 1300 moralis
1204 1268 1376 1308 Epitomes
1399 1266 1502 1298 Libri
1523 1267 1587 1297 duo
1611 1267 1779 1296 emendati
1807 1273 1839 1297 et
1869 1268 1970 1297 aucti.

2021 1265 2117 1297 Item.
2154 1266 2266 1297 Enar-

404 1319 495 1346 rate'o
519 1316 645 1355 aliquot
667 1314 828 1344 librorum
852 1313 1045 1343 Ethicorum
1068 1312 1283 1347 Aristotelis,
1306 1310 1435 1346 Primi,
1458 1309 1621 1345 Secundi,
1656 1308 1766 1349 Terlrj
1787 1315 1819 1339 et
1841 1308 1979 1347 Quinti,
2009 1309 2054 1338 ad
2076 1310 2266 1349 intelligen-

407 1360 483 1389 dum
506 1358 721 1389 Aristotelem
748 1357 852 1386 utilis.

406 1402 506 1432 Anno
530 1400 577 1431 M.
592 1400 637 1430 D.
657 1398 793 1431 XLVI.
836 1399 866 1430 S.

237 1448 294 1476 vid.
319 1446 456 1484 Prolegg.
489 1456 520 1483 p.
538 1443 686 1474 13—14.

903 1356 1027 1385 Eodem
1050 1354 1177 1395 Philip.
1199 1354 1340 1385 Melan-t.
1363 1359 1492 1384 autore.

1544 1353 1775 1391 Argentorati
1803 1353 1896 1392 apud
1921 1351 2093 1382 Cratonem
2114 1351 2265 1394 Illylium.

904 1634 984 1665 DE
1030 1631 1621 1664 CONTRACTIBUS.

241 1731 295 1786 111
314 1749 438 1795 quinto
456 1749 545 1781 libro
562 1746 772 1781 Ethicorum
795 1745 1072 1779 eruditissimum
1098 1743 1229 1777 dictum

244 1809 312 1841 cst,
354 1801 391 1833 in
419 1812 538 1833 rerum
567 1797 889 1832 communicatione
917 1796 1136 1829 efficiendam
1160 1807 1231 1827 esse

245 1852 494 1898 aequalitatem
514 1848 735 1883 arithmetica
753 1847 1007 1892 proportione,
1043 1859 1127 1879 nam
1146 1846 1232 1878 alio-

245 1904 306 1952 qui
323 1916 397 1937 non
413 1909 530 1947 posset
545 1907 718 1946 perpetuo
735 1900 864 1932 durare
888 1910 1008 1932 rernm
1036 1897 1233 1930 commuui-

246 1955 359 1994 catio,
401 1954 482 1999 quia
510 1954 572 1987 ubi
596 1964 669 1986 non
696 1957 858 1985 servatur
885 1949 1099 1996 aequalitas,
1133 1955 1173 1982 ut
1197 1948 1233 1980 iu

245 2006 383 2044 usurIs,
411 2012 443 2037 et
469 2005 544 2037 aliis
570 2003 844 2047 expilationibus
868 2000 1131 2039 immoderatis,
1163 2012 1232 2033 una

245 2070 329 2105 pars
345 2055 571 2095 exhauritur,
600 2061 631 2087 et
649 2055 693 2087 ad
710 2054 838 2086 samem
856 2053 1039 2096 redigitur.
1100 2051 1183 2084 Ideo
1203 2057 1232 2083 et

247 2112 290 2143 de
316 2107 381 2141 hac
412 2107 623 2152 aequalitate
658 2104 830 2149 praecipit
852 2104 968 2143 Deus,
1008 2115 1086 2136 cum
1121 2102 1234 2147 iuquit

249 2160 378 2207 (Exod.
413 2160 482 2198 20,
522 2156 614 2203 15.):
668 2156 751 2190 Nou
786 2155 919 2188 furtum
953 2154 1070 2188 facies.
1149 2152 1234 2186 Item

252 2214 284 2246 1.
303 2209 462 2244 Thessal.
479 2208 514 2249 4,
533 2208 619 2254 (6.);
653 2207 736 2242 Non
753 2205 972 2250 transgredi,
999 2217 1062 2239 nec
1080 2205 1159 2249 plus
1176 2217 1236 2237 au-

249 2265 341 2297 ferre
360 2262 396 2294 in
412 2260 576 2304 negotiO,
602 2259 638 2292 id
656 2265 725 2299 est,
752 2270 825 2291 non
851 2258 1014 2291 recedere
1041 2257 1078 2289 iu
1097 2262 1237 2289 contra-

251 2315 363 2347 ctibus
379 2325 398 2345 a
416 2312 572 2355 legitima
592 2309 816 2356 aequalitate.

352 2363 513 2397 Primum
531 2363 638 2406 igitur
653 2361 823 2400 sciamus,
849 2373 921 2393 non
938 2366 1076 2393 tantum
1093 2364 1239 2403 propter

253 2422 409 2448 nostram
456 2413 747 2459 tranquillitatem
790 2412 1000 2445 servandam
1042 2423 1113 2445 esse
1149 2408 1239 2442 hanc

253 2465 522 2511 aequalitatem,
564 2466 623 2498 sed
654 2464 766 2497 multo
800 2463 910 2507 magis
945 2469 1091 2507 propter
1113 2461 1240 2494 Deum.

253 2516 334 2550 Ideo
353 2516 427 2549 vult
445 2529 508 2549 uos
529 2528 649 2548 amare
669 2515 857 2553 iustitiam,
886 2520 923 2548 ut
954 2515 996 2546 de
1023 2526 1083 2547 sua
1108 2512 1239 2546 iustitia

254 2581 318 2601 nos
337 2568 538 2600 admoneat.
573 2566 685 2599 Docet
701 2566 870 2599 iustitiam
890 2565 1138 2611 aequalitatem
1158 2575 1242 2603 esse,

254 2626 293 2653 ut
309 2631 343 2651 se
361 2629 502 2663 quoque
519 2617 669 2650 sciamus
694 2617 878 2662 aequalem
904 2629 996 2656 esse,
1024 2627 1097 2649 non
1123 2622 1242 2660 tyran-

255 2682 360 2709 num,
382 2680 455 2701 nou
471 2674 728 2712 acceptatorem
750 2680 996 2712 personarum.
1056 2667 1162 2712 Quod
1187 2678 1243 2699 co-

256 2722 387 2765 gitare,
427 2719 586 2763 profecto
616 2730 743 2762 magna
768 2719 879 2764 pietas
903 2726 936 2753 et
961 2717 1156 2752 consolatio
1183 2723 1244 2756 est,

1283 1744 1372 1778 sicut
1392 1744 1494 1776 (locet
1510 1742 1642 1776 Paulus
1661 1741 1783 1786 (Rom.
1803 1742 1860 1779 10,
1882 1742 1973 1787 12.):
2009 1740 2105 1773 Idem
2124 1741 2218 1776 Deus
2235 1743 2270 1775 iu

1284 1807 1407 1829 omnes
1425 1794 1487 1840 qni
1504 1794 1673 1826 invocant
1694 1805 1786 1826 eum.
1847 1791 1934 1826 Item
1951 1793 2078 1826 Petrus
2103 1793 2195 1838 (Act.
2215 1795 2274 1833 10,

1284 1846 1380 1892 34.);
1408 1844 1448 1878 ln
1468 1845 1616 1878 veritate
1637 1843 1808 1887 cognovi,
1837 1845 1933 1889 quod
1950 1844 2046 1877 Deus
2061 1856 2133 1877 non
2151 1851 2200 1878 est
2217 1857 2271 1878 ac-

1286 1903 1446 1942 ceptator
1462 1907 1709 1941 personarum.

1390 1948 1559 1981 Amemus
1578 1959 1661 1989 ergo
1678 1944 1768 1979 hanc
1798 1945 1834 1978 in
1861 1946 2098 1981 contractibus
2118 1947 2275 1980 divinam

1288 2000 1571 2038 ordinationem,
1615 2004 1648 2030 et
1677 1997 1827 2031 sciamus
1859 1997 1895 2029 in
1925 1998 1973 2032 eis
1996 1999 2178 2043 proposita
2203 2011 2274 2033 esse

1289 2051 1470 2096 exempla,
1504 2048 1859 2083 commonefacientia
1883 2060 1948 2083 nos
1973 2051 2015 2082 de
2032 2049 2121 2084 Deo.
2181 2049 2274 2083 Haec

1289 2115 1429 2147 semper
1455 2101 1641 2145 cogitanda
1667 2106 1767 2139 suut,
1804 2101 1942 2145 quoties
1967 2102 2009 2134 de
2034 2100 2163 2134 iustitia
2191 2101 2274 2133 ‹lici-

1289 2167 1367 2188 mus
1385 2151 1491 2187 iuliis
1509 2152 1759 2185 contractibus.
1811 2151 1973 2185 Primum
1993 2159 2109 2185 autem
2135 2153 2176 2184 de
2200 2164 2275 2185 mu-

1290 2205 1450 2239 tuatione
1467 2204 1635 2238 dicemus.

1391 2255 1570 2290 Mutuatio
1588 2261 1639 2289 est
1654 2260 1866 2294 contractus,
1892 2253 1929 2287 in
1945 2265 2015 2299 quo
2033 2252 2194 2297 pecunia,
2223 2254 2277 2286 vel

1292 2308 1359 2341 alia
1378 2320 1453 2347 res,
1481 2319 1571 2354 quae
1587 2318 1652 2339 usu
1668 2305 1906 2344 consumitur,
1932 2304 2038 2348 gratis
2056 2305 2276 2344 transfertur,

1292 2372 1366 2393 uon
1380 2360 1489 2392 modo
1508 2359 1626 2403 quoad
1652 2370 1773 2395 usum,
1804 2357 1863 2390 sed
1889 2355 1993 2388 etiam
2021 2358 2138 2401 quoad
2164 2356 2276 2389 ‹loini-

1292 2411 1410 2450 nium,
1438 2410 1498 2442 illo
1518 2416 1636 2442 tamen
1653 2407 1863 2451 accipiente,
1893 2406 2047 2450 obligato
2065 2409 2107 2440 ad
2131 2408 2276 2440 redden-

1294 2464 1377 2495 dum
1397 2462 1490 2494 idem
1508 2460 1545 2493 in
1562 2472 1708 2503 genere,
1735 2470 1795 2492 seu
1814 2457 2053 2502 aequivalens.

1294 2549 1367 2583 Gur
1391 2557 1543 2584 necesse
1569 2549 1627 2580 est
1650 2554 1732 2579 esse
1745 2544 1959 2590 ,qratuitam
1979 2541 2280 2578 mutuationem?

1399 2614 1513 2660 Quia,
1549 2624 1628 2646 cum
1656 2611 1700 2644 sit
1727 2609 1798 2648 rei,
1841 2621 1932 2654 quae
1965 2622 2030 2643 usu
2063 2610 2279 2644 consumitur

1296 2666 1506 2705 translatio,
1553 2674 1626 2697 non
1655 2667 1704 2695 est
1733 2660 1784 2693 rei
1815 2660 2057 2694 fructificantis
2089 2661 2280 2694 translatio.

1296 2717 1380 2752 Plus
1406 2723 1523 2751 autem
1549 2714 1713 2747 redderet
1741 2711 1916 2755 accipiens
1943 2719 2088 2751 mutuo,
2134 2712 2161 2745 si
2184 2724 2224 2745 ex
2246 2723 2281 2744 re
