2347 3000
231 155 297 189 191

230 247 263 273 et
280 239 458 272 adulteros
476 235 645 271 iudicabit
660 234 767 268 Deus.
819 232 904 265 Item
924 230 1022 276 (Sap.
1038 229 1081 263 11
1094 255 1104 269 ,
1122 228 1215 275 17.):

228 292 298 325 l'cr
317 302 406 336 quae
426 290 504 336 quis
524 293 662 333 peccat,
691 297 753 330 per
771 285 892 316 eadem
914 281 1070 326 punitur.

332 341 511 375 Utilitates
543 345 659 371 autem
698 335 901 378 disciplinae
935 339 1018 366 sunt
1045 332 1216 375 ingentes,

229 393 325 439 quod
345 391 510 425 conducit
530 391 574 423 ad
590 389 733 421 vitanda
750 397 877 429 magna
895 384 1001 423 mala,
1016 382 1215 428 praesentia

231 451 264 477 et
287 451 442 477 aeterna.
495 441 698 475 Puniuntur
722 437 816 469 enim
838 435 986 480 privatis
1009 441 1042 468 et
1068 434 1217 479 publicis

230 495 354 540 poenis
371 495 481 528 multa
498 491 718 535 singulorum
737 488 883 527 delicta,
912 493 946 520 et
966 487 1078 519 donec
1101 498 1217 530 perse-

231 553 356 580 xerant
380 545 541 579 homines
565 543 601 574 in
626 539 761 573 delictis
798 545 921 572 contra
953 537 1218 577 conscientiam,

231 598 328 631 Deus
344 610 416 630 non
434 602 485 628 est
502 595 623 627 el'ticax
639 592 675 624 in
692 591 752 625 eis.
804 590 951 625 Necesse
968 596 1018 623 est
1036 589 1143 633 igitur
1159 589 1219 621 ab-

232 649 287 681 iici
306 647 528 693 propositum
546 643 696 677 faciendi
715 648 837 675 contra
855 641 1119 675 conscientiam.
1147 640 1217 673 Ta-

231 701 273 733 lis
289 700 412 733 electio
430 704 480 731 est
503 696 623 741 aliquo
648 695 755 728 modo
782 693 818 726 in
844 699 1016 737 potestate
1042 690 1219 725 111111131130

232 750 435 784 xoluntatis.
488 748 641 791 Propter
664 744 726 779 lias
750 751 866 778 tantas
888 756 1009 778 causas
1037 750 1070 776 ct
1093 743 1219 776 intelli-

231 815 310 846 gere
329 800 550 845 disciplinam
569 799 756 833 discamus,
782 802 816 829 et
832 808 954 829 coecos
971 795 1122 839 impetus
1142 795 1220 827 dili-

231 854 347 897 geutia
384 852 631 890 moderemur,
666 855 700 882 et
729 849 848 881 frenos
878 847 1085 891 disciplinae
1118 846 1220 880 nobis

232 905 298 949 ipsi
324 904 533 938 iniiciamus.

335 956 515 990 Secundo:
559 950 822 986 Testimonium
861 956 911 983 est
940 949 1113 983 libertatis
1145 949 1218 992 ipsa

232 1008 417 1042 fabricatio
442 1004 590 1039 humani
613 1003 784 1047 corporis.
837 1000 888 1034 lta
916 1001 1055 1034 condita
1084 1006 1135 1034 cst
1159 999 1221 1033 bo-

234 1060 340 1094 miuis
366 1065 513 1095 natura,
548 1062 587 1089 111
610 1054 708 1087 11οϊνί
734 1053 943 1086 xoluntariis
975 1052 1130 1085 motibus
1150 1064 1220 1084 ser-

234 1113 351 1151 viant,
385 1122 463 1143 cum
485 1108 648 1140 voluntas
664 1106 816 1149 imperat
832 1104 1087 1142 locomotixae,
1120 1102 1221 1135 nerx'i

235 1165 494 1206 obtemperant.
548 1158 647 1191 Hanc
663 1157 859 1189 libertatem
876 1168 1024 1198 negare,
1052 1160 1103 1187 est
1118 1166 1221 1197 repu-

235 1227 343 1258 gnare
360 1212 564 1246 manifestae
583 1207 818 1253 experientiae
844 1207 880 1238 in
896 1206 1034 1250 opificio
1055 1203 1220 1238 bominis.

235 1265 477 1300 Certissimum
505 1268 555 1295 est
576 1260 703 1303 igitur,
736 1258 772 1290 in
798 1257 967 1290 electione
994 1262 1218 1289 externarum

234 1318 413 1350 actionum
427 1341 436 1353 ,
461 1313 616 1357 aliquam
637 1322 708 1343 esse
727 1309 946 1348 libertatem,
974 1320 1064 1353 qnae
1083 1307 1221 1340 etiamsi

234 1381 271 1402 re
289 1379 372 1400 vera
387 1370 508 1398 manet
524 1364 561 1395 in
578 1368 704 1395 natura
724 1358 900 1399 hominis,
926 1366 1047 1392 tamen
1072 1358 1221 1402 impedi-

233 1428 291 1454 tur
307 1419 443 1452 duabus
459 1415 583 1449 causis.
624 1411 805 1445 Interdum
825 1412 1015 1443 affectuum
1035 1410 1123 1443 tanti
1139 1416 1221 1443 sunt

233 1472 385 1515 impetus
396 1495 404 1509 ,
431 1474 469 1501 ut
485 1467 577 1499 laxet
594 1464 642 1497 eis
658 1464 776 1496 frenos
792 1463 967 1501 voluntas,
996 1474 1085 1507 quae
1101 1467 1220 1494 tamen

236 1537 249 1555 x
261 1524 357 1555 olens
375 1520 423 1553 eis
440 1519 546 1551 laxat.
597 1514 778 1548 Interdum
791 1513 933 1546 Diaboli
953 1513 1142 1557 impellunt
1157 1511 1220 1545 lto-

234 1574 366 1612 mines,
402 1577 441 1603 ut
464 1574 570 1602 ruant
594 1567 630 1599 in
654 1573 742 1599 tetra
768 1565 895 1599 scelera
917 1564 1144 1608 praecipites,
1182 1570 1221 1597 ut

234 1626 330 1660 Nero
347 1620 566 1656 horribiliter
583 1624 760 1662 grassatur
779 1616 875 1649 0111111
896 1628 1022 1659 genere
1037 1616 1219 1648 scelerum.

235 1677 340 1710 Tales
356 1676 494 1707 furores
511 1685 528 1704 a
547 1669 699 1703 Diabolo
718 1668 894 1707 oriuntur,
920 1679 984 1700 nec
1005 1673 1122 1699 tamen
1138 1679 1220 1710 pro-

235 1735 355 1772 pterea
379 1725 476 1757 nulla
501 1728 549 1756 cst
575 1721 729 1753 libertas.
810 1719 901 1752 Nun
928 1725 961 1750 et
982 1718 1076 1752 Nero
1101 1730 1220 1750 arcere

236 1779 334 1812 initia
354 1778 514 1809 surorum
533 1772 652 1817 aliquo
671 1771 777 1803 modo
798 1775 948 1814 poterat.

337 1827 509 1861 Accidunt
534 1830 651 1857 autem
685 1822 787 1855 multi
821 1821 937 1854 tristes
970 1820 1088 1863 lapsus
1115 1819 1219 1852 etiam

235 1879 496 1926 praestantibus
525 1874 671 1909 consilio
698 1880 731 1906 et
755 1873 902 1912 xirtute,
930 1877 969 1904 ut
984 1871 1133 1911 Davidi,
1161 1871 1221 1904 Sa-

237 1931 391 1970 lomoni,
422 1936 455 1962 et
481 1927 576 1966 aliis,
610 1932 649 1959 111
680 1936 911 1967 agnoscamus
942 1922 1219 1955 imbecillitatem

235 1984 411 2017 humanae
435 1986 603 2017 naturae,
638 1983 671 2009 et
694 1976 784 2009 serio
813 1981 1015 2019 expetamus
1039 1973 1221 2013 auxilium,

236 2036 331 2081 quod
356 2033 451 2065 Deus
480 2029 649 2063 Ecclesiae
674 2026 855 2072 promisit,
883 2032 917 2059 et
941 2025 1016 2058 vult
1041 2037 1080 2058 ac
1102 2037 1221 2058 severe

236 2084 405 2131 praecipit
424 2082 511 2127 peti,
541 2087 574 2113 et
593 2080 694 2113 axide
719 2078 933 2122 opitulatur,
959 2083 999 2109 ut
1023 2077 1218 2121 praesentia

235 2139 308 2171 eius
341 2137 377 2168 in
411 2133 583 2171 Ecclesia,
630 2137 663 2164 et
697 2129 937 2164 misericordia
972 2128 1221 2172 conspiciatur.

236 2189 316 2223 Ideo
342 2187 473 2221 dictum
509 2190 556 2217 est
585 2182 686 2227 (Luc.
711 2182 777 2219 11,
805 2180 897 2225 13.):
933 2179 1077 2224 Quanto
1110 2180 1221 2223 magis

237 2248 335 2285 pater
373 2244 486 2271 vester
521 2233 678 2267 coelestis
717 2231 815 2265 dabit
847 2231 1018 2275 Spiritum
1060 2238 1218 2264 sanctum

236 2290 444 2336 petentibus.

336 2341 416 2374 Dixi
444 2340 486 2371 de
514 2336 698 2380 disciplina
725 2341 889 2373 externa,
916 2346 1023 2379 quam
1056 2333 1221 2367 voluntas

235 2393 389 2427 bumana
412 2398 591 2434 utcunque
617 2388 751 2420 efficere
777 2392 902 2430 potest.
956 2385 1058 2419 Nunc
1082 2386 1124 2417 de
1151 2385 1219 2417 alio

235 2456 360 2487 genere
377 2443 554 2475 actionum
576 2440 702 2477 dicam,
719 2438 815 2483 quod
833 2449 905 2469 non
922 2437 959 2469 fit
975 2436 1049 2470 sinc
1066 2437 1220 2470 motibus

235 2495 385 2539 Spiritus
413 2493 542 2530 sancti,
573 2490 731 2523 videlicet
758 2501 861 2522 xerus
891 2488 998 2520 timor
1015 2487 1102 2527 Dei,
1137 2500 1217 2520 vera

234 2546 380 2583 fiducia,
417 2556 506 2589 quae
531 2542 637 2574 xincit
664 2553 812 2585 pavores
845 2539 882 2572 in
905 2545 1038 2578 morte,
1076 2545 1108 2571 et
1143 2539 1219 2571 aliis

234 2596 371 2639 maguis
397 2594 597 2631 doloribus,
625 2594 751 2624 ardens
777 2590 917 2624 dilectio
943 2590 1028 2629 Dei,
1058 2597 1219 2623 constan-

232 2650 281 2682 tia
302 2646 530 2681 consessionis
544 2671 552 2683 ,
580 2656 653 2675 non
670 2643 870 2687 suppliciis,
898 2654 971 2674 11011
994 2642 1219 2675 succumbere

233 2699 404 2733 incendiis
432 2696 641 2733 libidinum,
688 2693 912 2733 ambitionis,
959 2693 1220 2732 aemulationis,

233 2749 433 2796 cupiditatis
450 2747 626 2780 vindictae
644 2745 679 2777 in
697 2745 832 2788 magnis
851 2744 972 2778 causis.

504 147 704 185 SCRIPTA
729 145 804 181 PH.
831 144 942 179 MEL.
970 143 1034 177 AD
1061 140 1270 178 ETHICEN
1297 142 1361 178 ET
1388 142 1642 179 POLITICEN
1671 142 1979 179 SPECTANTIA.

2181 143 2254 180 192

1369 231 1474 266 Tales
1499 232 1685 266 interiores
1708 239 1826 266 motus
1844 230 1920 265 Deo
1946 229 2142 276 placentes,
2169 229 2256 266 scia-

1269 294 1346 317 mus
1362 296 1437 317 non
1452 284 1528 317 fieri
1544 285 1618 318 sine
1637 285 1767 318 auxilio
1788 284 1940 328 Spiritus
1963 282 2095 323 sancti,
2121 295 2185 316 nec
2205 290 2256 316 ta-

1270 346 1351 367 men
1377 335 1414 368 in
1438 333 1491 368 his
1513 333 1603 368 nihil
1630 336 1702 379 agit
1724 336 1908 375 voluntas,
1934 346 1998 367 nec
2025 332 2132 367 babet
2157 346 2192 368 se
2218 341 2258 368 ut

1270 392 1404 427 statua,
1431 386 1493 420 sed
1508 393 1726 420 concurrunt
1742 393 1883 430 agentes
1897 398 2040 426 causae,
2066 384 2176 419 Filius
2191 384 2259 419 Dei

1271 450 1418 471 movens
1434 444 1587 471 mentem
1601 439 1710 471 verbo
1726 445 1761 471 et
1771 438 1905 482 Spiritu
1921 443 2042 471 sancto
2060 448 2121 469 cor
2136 448 2258 470 accen-

1271 490 1356 523 dens
1367 490 1412 535 ⁷⁰)
1424 517 1433 529 ,
1451 502 1550 523 mens
1561 489 1730 532 cogitans,
1747 496 1781 522 et
1790 490 1952 523 voluntas
1962 500 2035 522 non
2047 500 2259 532 repugnans,

1271 542 1330 574 sed
1349 547 1528 586 utcunque
1548 541 1617 573 iam
1635 541 1793 573 moxenti
1812 540 1959 584 Spiritui
1975 546 2097 573 sancto
2123 541 2258 573 obtem-

1273 604 1419 637 perans,
1447 599 1480 625 et
1497 592 1601 626 simul
1619 598 1740 636 petens
1762 591 1932 624 auxilium
1948 591 2026 625 Dei.
2080 591 2178 624 Sicut
2200 591 2259 623 ille

1273 643 1385 677 Marci
1403 644 1445 684 9,
1465 643 1561 690 (24.)
1578 643 1711 689 inquit:
1742 643 1856 677 Credo
1874 642 2048 682 Domine,
2076 643 2136 676 sed
2154 654 2259 687 opem

1272 696 1324 728 ser
1350 696 1566 729 diffidentiae
1590 707 1701 728 111030.
1772 695 1960 727 Praeterea
1985 694 2064 725 illae
2091 693 2259 733 actiones,

1273 758 1363 792 quae
1381 748 1558 791 imperant
1574 746 1829 785 locomotivae,
1855 751 1937 779 suut
1954 745 1991 777 in
2009 751 2181 788 potestate
2196 757 2260 778 no-

1273 805 1357 839 stra,
1373 798 1548 843 imperare
1563 805 1601 831 ut
1614 798 1784 842 legamus,
1799 797 1997 836 audiamus,
2013 795 2260 842 cogitemus⁷¹)

1274 850 1494 890 doctrinam,
1523 850 1698 894 imperare
1717 849 1868 882 externis
1886 847 2072 887 membris,
2100 854 2139 880 111
2157 847 2261 880 omit-

1274 907 1351 934 tant
1375 902 1486 935 malas
1510 902 1685 940 actiones,
1727 913 1816 945 quae
1853 906 1975 932 contra
2008 898 2259 933 conscientiam

1274 959 1376 986 antea
1393 954 1504 986 sactae
1522 959 1614 986 sunt.
1668 951 1762 984 Haec
1778 950 2061 984 manifestissima
2078 957 2171 984 sunt.

1375 1003 1439 1038 Est
1456 1011 1489 1037 et
1506 1002 1573 1037 1100
1588 1003 1775 1045 diligenter
1790 1002 2100 1041 considerandum,
2126 1007 2260 1034 utram-

1274 1066 1341 1100 que
1359 1056 1565 1088 concionem
1582 1054 1817 1088 uniwrsaten·1
1840 1065 1924 1093 esse,
1952 1053 2159 1085 concionem
2178 1064 2260 1097 poe-

1273 1105 1462 1147 nitentiae,
1496 1113 1530 1139 et
1559 1105 1766 1138 concionem
1798 1104 1943 1149 gratiae.
2011 1103 2139 1147 Arguit
2164 1103 2260 1137 Deus

1274 1164 1455 1201 peccatum
1480 1157 1516 1190 in
1541 1157 1705 1190 omnibus
1728 1154 1950 1195 hominibus,
1983 1154 2021 1187 in
2046 1153 2111 1188 hac
2134 1156 2259 1200 depra-

1274 1207 1415 1241 vatione
1439 1214 1599 1241 naturae.
1653 1207 1807 1247 Rursus,
1836 1207 1940 1239 etiam
1965 1207 2155 1250 promissio
2182 1206 2259 1240 uni-

1274 1259 1419 1292 versalis
1444 1266 1495 1292 est
1518 1259 1613 1291 iuxta
1638 1258 1725 1291 illud
1748 1256 1893 1303 (Matth.
1921 1259 1985 1297 11,
2007 1258 2105 1303 28.):
2132 1258 2258 1291 Venite

1274 1311 1318 1342 ad
1335 1323 1391 1343 me
1410 1322 1532 1344 01111105
1550 1310 1611 1356 qui
1626 1309 1795 1342 laboratis
1810 1315 1843 1342 et
1862 1309 1998 1342 onerati
2013 1310 2113 1350 estis,
2139 1316 2173 1343 ct
2195 1321 2257 1353 ego

1273 1362 1428 1395 reficiam
1444 1374 1518 1395 vos.
1572 1361 1687 1394 Offert
1704 1360 1799 1394 Deus
1815 1360 1965 1405 gratiam
1988 1361 2153 1395 omnibus
2177 1372 2260 1393 con-

1273 1413 1487 1457 fugientibus
1503 1413 1545 1445 ad
1562 1412 1672 1446 filium
1691 1412 1938 1445 Mediatorem.
1991 1411 2064 1446 Nec
2085 1418 2136 1446 est
2152 1421 2262 1458 προς-

1273 1464 1469 1511 ωποληψία
1484 1464 1520 1497 111
1530 1464 1619 1497 Deo.
1671 1463 1743 1497 Nec
1760 1462 1987 1506 imaginandi]
2004 1469 2054 1497 est
2070 1463 2260 1507 particula-

1273 1516 1358 1550 ritas
1375 1522 1413 1549 ut
1428 1517 1469 1549 de
1488 1515 1590 1548 bonis
1612 1527 1685 1547 non
1707 1514 1911 1548 necessariis
1927 1513 1984 1558 7ιέ).
2038 1514 2119 1548 Non
2147 1514 2261 1547 omni-

1272 1568 1337 1601 bus
1355 1568 1415 1600 dat
1431 1568 1540 1600 robur
1559 1566 1739 1601 Samsonis
1754 1566 1798 1611 73)
1810 1592 1818 1606 ,
1852 1577 1926 1598 non
1946 1577 2068 1599 01111105
2083 1565 2167 1599 facit
2184 1578 2260 1599 11111-

1273 1619 1362 1652 51005
1377 1631 1546 1652 51111111105.
1599 1618 1655 1650 Sic
1672 1630 1745 1650 non
1762 1623 1812 1651 est
1829 1617 2055 1660 cogitandum
2076 1618 2119 1650 de
2138 1617 2260 1657 salute,

1274 1682 1364 1715 qnae
1400 1682 1479 1703 cum
1511 1669 1556 1703 sit
1587 1670 1721 1702 bomnn
1756 1681 1934 1702 summum
1961 1675 1994 1701 et
2024 1669 2259 1702 necessarium

1275 1721 1458 1761 omnibns,
1486 1721 1674 1765 promissio
1692 1720 1900 1753 universalis
1919 1726 1979 1753 est.

1376 1772 1476 1805 Hanc
1502 1772 1724 1811 iutueaumr,
1752 1784 1815 1804 nec
1842 1771 1999 1805 sinamus
2022 1769 2113 1805 113110
2137 1784 2258 1805 veram

1275 1823 1555 1857 consolationem
1578 1824 1681 1857 nobis
1704 1823 1817 1856 excuti
1840 1835 1880 1855 ex
1904 1829 2059 1866 pectore.
2111 1823 2260 1857 Verissi-

1275 1887 1371 1908 mum
1396 1881 1465 1914 est,
1499 1876 1541 1907 de
1570 1875 1752 1907 voluntate
1776 1874 1842 1907 Dei
1867 1874 2094 1907 iudicandum
2121 1887 2192 1908 esse
2219 1887 2261 1908 ex

1276 1926 1382 1970 ipsius
1398 1927 1519 1960 verbo.
1554 1926 1785 1960 Verissimum
1802 1925 1935 1958 dictum
1953 1932 2003 1959 est
2018 1926 2164 1971 (Psalm.
2177 1925 2261 1967 119,

1277 1976 1393 2023 105.):
1421 1977 1582 2011 Lucerna
1600 1978 1747 2022 pedibus
1765 1977 1851 2010 meis
1870 1977 2016 2010 verbum
2034 1984 2146 2012 11111111.
2190 1978 2262 2011 Cur

1276 2029 1382 2072 igitur
1398 2029 1633 2063 universalem
1651 2028 1924 2073 prmuissionem
1949 2028 2071 2062 abiicis
2095 2036 2129 2062 et
2154 2041 2260 2075 quae-

1274 2080 1322 2113 ris
1337 2080 1422 2114 alias
1438 2080 1719 2125 speculationes?
1747 2078 1902 2113 Retrahe
1920 2086 2074 2113 mentem
2090 2087 2124 2114 et
2139 2087 2260 2125 pectus

1275 2133 1318 2164 ad
1336 2132 1628 2176 promissionem,
1654 2138 1688 2165 et
1712 2131 1849 2165 intuere
1868 2131 1979 2165 filium
1996 2131 2074 2166 Dei.
2126 2132 2259 2166 Vocem

1276 2184 1348 2217 eius
1362 2184 1496 2223 audias,
1513 2184 1600 2218 scias
1618 2196 1696 2217 011111
1713 2190 1746 2216 01
1763 2183 1827 2216 tibi
1840 2196 2017 2217 summum
2029 2184 2260 2225 sacerdotem,

1275 2241 1307 2268 et
1324 2236 1557 2269 mediatorem
1583 2248 1655 2269 csse
1672 2235 1778 2274 velle,
1805 2247 1869 2268 nec
1892 2235 2001 2280 fingas
2024 2235 2059 2267 in
2076 2234 2151 2268 Deo
2179 2248 2260 2269 con-

1276 2287 1500 2321 tradictorias
1520 2287 1720 2320 voluntates
1739 2298 1822 2320 esse.

1308 2433 1355 2461 70)
1374 2432 1460 2456 Filius
1480 2433 1529 2456 [101
1548 2439 1661 2456 movens
1682 2434 1797 2456 mentem
1817 2433 1900 2455 verbo
1925 2433 1951 2455 et
1971 2431 2072 2461 spiritu
2092 2434 2187 2456 sancto
2212 2439 2259 2457 cor

1341 2467 1505 2494 ascendens]
1524 2468 1562 2490 sie
1583 2467 1648 2490 Ede.
1670 2468 1760 2492 1554..
1782 2466 1855 2489 1557.
1876 2468 1901 2489 et
1925 2466 2014 2495 1560.;
2034 2467 2082 2490 Ed.
2103 2467 2176 2490 1550.
2195 2468 2258 2498 spi-

1343 2502 1411 2524 ritus
1436 2506 1548 2525 satu-tus
1568 2508 1680 2525 movens
1701 2507 1748 2531 per
1767 2502 1876 2524 verbum
1897 2500 1953 2524 Dei.

1306 2553 1353 2581 71)
1373 2553 1536 2591 cogitemus]
1562 2553 1601 2577 sic
1628 2553 1696 2577 Edd.
1726 2553 1814 2580 1550.,
1844 2552 1914 2576 1557,
1942 2554 1967 2576 et
1998 2552 2088 2583 1560.;
2114 2553 2163 2577 Ed.
2185 2554 2259 2579 1554.

1341 2591 1518 2613 cuntramnus.

1306 2639 1352 2666 721
1374 2643 1401 2662 ut
1422 2640 1453 2662 110
1474 2640 1550 2663 bonis
1570 2645 1623 2663 11011
1648 2637 1830 2666 necessariis]
1856 2637 1895 2660 sic
1920 2638 1988 2660 Edd.
2016 2637 2088 2661 1557.
2115 2640 2142 2662 et
2167 2639 2258 2669 t560.;

1342 2674 1389 2697 1-211.
1412 2674 1484 2697 155⁴.
1508 2678 1535 2697 ut
1556 2674 1588 2697 de
1607 2674 1699 2700 bouisz
1718 2673 1767 2696 Ed.
1788 2672 1861 2696 1550.
1883 2672 1915 2696 de
1935 2672 2020 2697 dutus.

1307 2724 1354 2749 73]
1376 2724 1516 2747 samsonis
1537 2722 1566 2753 (ι’.
1578 2730 1601 2753 q.
1613 2722 1776 2753 siinsoJiis)]
1795 2723 1834 2747 sic
1846 2722 1911 2748 Edd.
1928 2723 2012 2753 1554„
2035 2722 2107 2746 1557.
2125 2724 2151 2746 et
2168 2723 2258 2754 1560.;

1341 2759 1389 2782 Ed.
1411 2759 1483 2782 1:150.
1505 2759 1647 2782 sansonis.
