<?xml version="1.0" encoding="UTF-8"?>
<!DOCTYPE html PUBLIC "-//W3C//DTD XHTML 1.0 Transitional//EN"
    "http://www.w3.org/TR/xhtml1/DTD/xhtml1-transitional.dtd">
<html xmlns="http://www.w3.org/1999/xhtml" xml:lang="en" lang="en">
 <head>
  <title>
</title>
<meta http-equiv="Content-Type" content="text/html;charset=utf-8" />
  <meta name='ocr-system' content='tesseract 3.04.00' />
  <meta name='ocr-capabilities' content='ocr_page ocr_carea ocr_par ocr_line ocrx_word'/>
</head>
<body>
  <div class='ocr_page' id='page_1' title='image "./operaquaesupersu16melauoft/operaquaesupersu16melauoft_0556.png"; bbox 0 0 2347 3000; ppageno 0'>
   <div class='ocr_carea' id='block_1_1' title="bbox 240 76 337 110">
    <p class='ocr_par' dir='ltr' id='par_1_1' title="bbox 240 76 337 110">
     <span class='ocr_line' id='line_1_1' title="bbox 240 76 337 110; baseline -0.021 0"><span class='ocrx_word' id='word_1_1' title='bbox 240 76 337 110; x_wconf 79' lang='lat'>1083</span> 
     </span>
    </p>
   </div>
   <div class='ocr_carea' id='block_1_2' title="bbox 576 146 1226 194">
    <p class='ocr_par' dir='ltr' id='par_1_2' title="bbox 576 146 1226 194">
     <span class='ocr_line' id='line_1_2' title="bbox 576 146 1226 194; baseline -0.018 -5"><span class='ocrx_word' id='word_1_2' title='bbox 576 151 800 194; x_wconf 73' lang='lat' dir='ltr'>Declamatio]</span> <span class='ocrx_word' id='word_1_3' title='bbox 839 150 965 187; x_wconf 81' lang='lat' dir='ltr'>idest,</span> <span class='ocrx_word' id='word_1_4' title='bbox 1002 146 1226 191; x_wconf 70' lang='lat' dir='ltr'>praeparatio</span> 
     </span>
    </p>
   </div>
   <div class='ocr_carea' id='block_1_3' title="bbox 242 163 1016 247">
    <p class='ocr_par' dir='ltr' id='par_1_3' title="bbox 242 163 1016 247">
     <span class='ocr_line' id='line_1_3' title="bbox 242 163 488 206; baseline -0.016 -13"><span class='ocrx_word' id='word_1_5' title='bbox 242 172 348 206; x_wconf 86' lang='lat' dir='ltr'>quam</span> <span class='ocrx_word' id='word_1_6' title='bbox 374 163 488 190; x_wconf 77' lang='lat' dir='ltr'>testes.</span> 
     </span>
     <span class='ocr_line' id='line_1_4' title="bbox 566 199 1016 247; baseline -0.024 -8"><span class='ocrx_word' id='word_1_7' title='bbox 566 205 702 247; x_wconf 73' lang='lat' dir='ltr'>Omnes]</span> <span class='ocrx_word' id='word_1_8' title='bbox 731 202 857 235; x_wconf 77' lang='lat' dir='ltr'>scilicet</span> <span class='ocrx_word' id='word_1_9' title='bbox 878 199 1016 243; x_wconf 77' lang='lat' dir='ltr'>plebeii.</span> 
     </span>
    </p>
   </div>
   <div class='ocr_carea' id='block_1_4' title="bbox 242 208 486 244">
    <p class='ocr_par' dir='ltr' id='par_1_4' title="bbox 242 208 486 244">
     <span class='ocr_line' id='line_1_5' title="bbox 242 208 486 244; baseline -0.02 0"><span class='ocrx_word' id='word_1_10' title='bbox 242 208 486 244; x_wconf 71' lang='lat' dir='ltr'>accusationis.</span> 
     </span>
    </p>
   </div>
   <div class='ocr_carea' id='block_1_5' title="bbox 814 59 1685 99">
    <p class='ocr_par' dir='ltr' id='par_1_5' title="bbox 814 59 1685 99">
     <span class='ocr_line' id='line_1_6' title="bbox 814 59 1685 99; baseline -0.003 0"><span class='ocrx_word' id='word_1_11' title='bbox 814 64 936 99; x_wconf 85' lang='lat' dir='ltr'>PIIIL.</span> <span class='ocrx_word' id='word_1_12' title='bbox 971 63 1083 96; x_wconf 69' lang='lat' dir='ltr'>MEL.</span> <span class='ocrx_word' id='word_1_13' title='bbox 1117 59 1318 95; x_wconf 79' lang='lat' dir='ltr'>SCRIPTA</span> <span class='ocrx_word' id='word_1_14' title='bbox 1349 60 1685 97; x_wconf 63' lang='lat' dir='ltr'>PHILOLOGICA.</span> 
     </span>
    </p>
   </div>
   <div class='ocr_carea' id='block_1_6' title="bbox 2168 64 2265 99">
    <p class='ocr_par' dir='ltr' id='par_1_6' title="bbox 2168 64 2265 99">
     <span class='ocr_line' id='line_1_7' title="bbox 2168 64 2265 99; baseline 0.01 -1"><span class='ocrx_word' id='word_1_15' title='bbox 2168 64 2265 99; x_wconf 75' lang='lat'>1084</span> 
     </span>
    </p>
   </div>
   <div class='ocr_carea' id='block_1_7' title="bbox 1280 146 2266 191">
    <p class='ocr_par' dir='ltr' id='par_1_7' title="bbox 1280 146 2266 191">
     <span class='ocr_line' id='line_1_8' title="bbox 1280 146 2266 191; baseline 0.002 -11"><span class='ocrx_word' id='word_1_16' title='bbox 1280 147 1439 182; x_wconf 73' lang='lat' dir='ltr'>Antonii.</span> <span class='ocrx_word' id='word_1_17' title='bbox 1498 148 1648 182; x_wconf 87' lang='lat' dir='ltr'>Catilina</span> <span class='ocrx_word' id='word_1_18' title='bbox 1674 146 1797 181; x_wconf 82' lang='lat' dir='ltr'>babuit</span> <span class='ocrx_word' id='word_1_19' title='bbox 1824 148 2111 191; x_wconf 72' lang='lat' dir='ltr'>suffragationem</span> <span class='ocrx_word' id='word_1_20' title='bbox 2136 149 2266 182; x_wconf 84' lang='lat' dir='ltr'>milita-</span> 
     </span>
    </p>
   </div>
   <div class='ocr_carea' id='block_1_8' title="bbox 1282 197 2266 238">
    <p class='ocr_par' dir='ltr' id='par_1_8' title="bbox 1282 197 2266 238">
     <span class='ocr_line' id='line_1_9' title="bbox 1282 197 2266 238; baseline 0.003 -7"><span class='ocrx_word' id='word_1_21' title='bbox 1282 211 1368 238; x_wconf 82' lang='lat' dir='ltr'>rcin,</span> <span class='ocrx_word' id='word_1_22' title='bbox 1397 200 1455 232; x_wconf 91' lang='lat' dir='ltr'>sed</span> <span class='ocrx_word' id='word_1_23' title='bbox 1472 212 1544 232; x_wconf 92' lang='lat' dir='ltr'>non</span> <span class='ocrx_word' id='word_1_24' title='bbox 1562 199 1707 232; x_wconf 81' lang='lat' dir='ltr'>alicuius</span> <span class='ocrx_word' id='word_1_25' title='bbox 1724 197 1862 231; x_wconf 86' lang='lat' dir='ltr'>bonesti</span> <span class='ocrx_word' id='word_1_26' title='bbox 1882 199 2063 232; x_wconf 79' lang='lat' dir='ltr'>exercitus.</span> <span class='ocrx_word' id='word_1_27' title='bbox 2129 202 2266 234; x_wconf 72' lang='lat' dir='ltr'>Distin-</span> 
     </span>
    </p>
   </div>
   <div class='ocr_carea' id='block_1_9' title="bbox 346 247 2267 303">
    <p class='ocr_par' dir='ltr' id='par_1_9' title="bbox 346 247 2267 303">
     <span class='ocr_line' id='line_1_10' title="bbox 346 247 2267 303; baseline -0.005 -10"><span class='ocrx_word' id='word_1_28' title='bbox 346 259 376 303; x_wconf 83' lang='lat'>3.</span> <span class='ocrx_word' id='word_1_29' title='bbox 403 257 462 292; x_wconf 83' lang='grc'>45.</span> <span class='ocrx_word' id='word_1_30' title='bbox 510 255 664 298; x_wconf 74' lang='lat' dir='ltr'>Videsne]</span> <span class='ocrx_word' id='word_1_31' title='bbox 709 253 764 285; x_wconf 67' lang='lat' dir='ltr'>Sin:</span> <span class='ocrx_word' id='word_1_32' title='bbox 797 252 937 289; x_wconf 79' lang='lat' dir='ltr'>dicunt,</span> <span class='ocrx_word' id='word_1_33' title='bbox 981 248 1138 281; x_wconf 57' lang='lat' dir='ltr'>⁸Nlimesis</span> <span class='ocrx_word' id='word_1_34' title='bbox 1167 253 1227 279; x_wconf 89' lang='lat' dir='ltr'>est.</span> <span class='ocrx_word' id='word_1_35' title='bbox 1277 247 1436 297; x_wconf 72' lang='lat' dir='ltr'>yuebant]</span> <span class='ocrx_word' id='word_1_36' title='bbox 1465 251 1595 283; x_wconf 70' lang='lat' dir='ltr'>scilicet</span> <span class='ocrx_word' id='word_1_37' title='bbox 1613 250 1755 294; x_wconf 75' lang='lat' dir='ltr'>quidam</span> <span class='ocrx_word' id='word_1_38' title='bbox 1774 257 1875 282; x_wconf 82' lang='lat' dir='ltr'>crant</span> <span class='ocrx_word' id='word_1_39' title='bbox 1893 251 1926 282; x_wconf 90' lang='lat' dir='ltr'>in</span> <span class='ocrx_word' id='word_1_40' title='bbox 1945 250 2032 289; x_wconf 88' lang='lat' dir='ltr'>illis,</span> <span class='ocrx_word' id='word_1_41' title='bbox 2067 250 2193 295; x_wconf 78' lang='lat' dir='ltr'>quibus</span> <span class='ocrx_word' id='word_1_42' title='bbox 2218 251 2267 283; x_wconf 90' lang='lat' dir='ltr'>sa-</span> 
     </span>
    </p>
   </div>
   <div class='ocr_carea' id='block_1_10' title="bbox 243 298 1237 1920">
    <p class='ocr_par' dir='ltr' id='par_1_10' title="bbox 243 298 1230 600">
     <span class='ocr_line' id='line_1_11' title="bbox 244 298 1228 346; baseline -0.015 -1"><span class='ocrx_word' id='word_1_43' title='bbox 244 312 308 345; x_wconf 69' lang='lat' dir='ltr'>llic</span> <span class='ocrx_word' id='word_1_44' title='bbox 325 317 371 344; x_wconf 81' lang='lat' dir='ltr'>est</span> <span class='ocrx_word' id='word_1_45' title='bbox 393 309 508 343; x_wconf 86' lang='lat' dir='ltr'>oratio</span> <span class='ocrx_word' id='word_1_46' title='bbox 525 306 655 339; x_wconf 81' lang='lat' dir='ltr'>comica</span> <span class='ocrx_word' id='word_1_47' title='bbox 675 311 707 335; x_wconf 81' lang='lat' dir='ltr'>et</span> <span class='ocrx_word' id='word_1_48' title='bbox 727 303 873 346; x_wconf 76' lang='lat' dir='ltr'>simplex</span> <span class='ocrx_word' id='word_1_49' title='bbox 887 328 895 341; x_wconf 86' lang='lat'>,</span> <span class='ocrx_word' id='word_1_50' title='bbox 929 301 1003 333; x_wconf 84' lang='lat' dir='ltr'>sine</span> <span class='ocrx_word' id='word_1_51' title='bbox 1021 298 1155 339; x_wconf 58' lang='lat' dir='ltr'>magnis</span> <span class='ocrx_word' id='word_1_52' title='bbox 1173 310 1228 330; x_wconf 83' lang='lat' dir='ltr'>or-</span> 
     </span>
     <span class='ocr_line' id='line_1_12' title="bbox 243 349 1228 401; baseline -0.016 -6"><span class='ocrx_word' id='word_1_53' title='bbox 243 361 431 396; x_wconf 79' lang='lat' dir='ltr'>namentis.</span> <span class='ocrx_word' id='word_1_54' title='bbox 524 356 716 401; x_wconf 69' lang='lat' dir='ltr'>inquirere]</span> <span class='ocrx_word' id='word_1_55' title='bbox 752 354 883 387; x_wconf 79' lang='lat' dir='ltr'>scilicet</span> <span class='ocrx_word' id='word_1_56' title='bbox 905 351 1039 396; x_wconf 80' lang='lat' dir='ltr'>quaerit</span> <span class='ocrx_word' id='word_1_57' title='bbox 1068 349 1228 384; x_wconf 71' lang='lat' dir='ltr'>crimina,</span> 
     </span>
     <span class='ocr_line' id='line_1_13' title="bbox 244 400 1229 459; baseline -0.016 -12"><span class='ocrx_word' id='word_1_58' title='bbox 244 425 334 459; x_wconf 86' lang='lat' dir='ltr'>quae</span> <span class='ocrx_word' id='word_1_59' title='bbox 360 413 408 444; x_wconf 88' lang='lat' dir='ltr'>eis</span> <span class='ocrx_word' id='word_1_60' title='bbox 432 408 591 445; x_wconf 83' lang='lat' dir='ltr'>obiiciat,</span> <span class='ocrx_word' id='word_1_61' title='bbox 622 413 654 437; x_wconf 81' lang='lat' dir='ltr'>et</span> <span class='ocrx_word' id='word_1_62' title='bbox 680 405 819 449; x_wconf 78' lang='lat' dir='ltr'>quaerit</span> <span class='ocrx_word' id='word_1_63' title='bbox 843 409 954 436; x_wconf 70' lang='lat' dir='ltr'>testes.</span> <span class='ocrx_word' id='word_1_64' title='bbox 1039 400 1229 442; x_wconf 76' lang='lat' dir='ltr'>Abiice&#39;nnI]</span> 
     </span>
     <span class='ocr_line' id='line_1_14' title="bbox 245 453 1229 504; baseline -0.015 -7"><span class='ocrx_word' id='word_1_65' title='bbox 245 466 278 497; x_wconf 89' lang='lat' dir='ltr'>id</span> <span class='ocrx_word' id='word_1_66' title='bbox 305 470 373 501; x_wconf 81' lang='lat' dir='ltr'>est,</span> <span class='ocrx_word' id='word_1_67' title='bbox 414 461 530 504; x_wconf 89' lang='lat' dir='ltr'>palam</span> <span class='ocrx_word' id='word_1_68' title='bbox 557 459 767 502; x_wconf 68' lang='lat' dir='ltr'>profitentur</span> <span class='ocrx_word' id='word_1_69' title='bbox 790 455 883 499; x_wconf 83' lang='lat' dir='ltr'>apud</span> <span class='ocrx_word' id='word_1_70' title='bbox 910 453 1060 490; x_wconf 75' lang='lat' dir='ltr'>amicos,</span> <span class='ocrx_word' id='word_1_71' title='bbox 1096 464 1130 484; x_wconf 81' lang='lat' dir='ltr'>se</span> <span class='ocrx_word' id='word_1_72' title='bbox 1157 463 1229 482; x_wconf 86' lang='lat' dir='ltr'>non</span> 
     </span>
     <span class='ocr_line' id='line_1_15' title="bbox 244 502 1230 551; baseline -0.016 -3"><span class='ocrx_word' id='word_1_73' title='bbox 244 516 330 548; x_wconf 77' lang='lat' dir='ltr'>velle</span> <span class='ocrx_word' id='word_1_74' title='bbox 349 524 451 546; x_wconf 86' lang='lat' dir='ltr'>suum</span> <span class='ocrx_word' id='word_1_75' title='bbox 471 511 623 543; x_wconf 75' lang='lat' dir='ltr'>osticium</span> <span class='ocrx_word' id='word_1_76' title='bbox 647 508 814 551; x_wconf 75' lang='lat' dir='ltr'>prodere,</span> <span class='ocrx_word' id='word_1_77' title='bbox 837 506 896 539; x_wconf 82' lang='lat' dir='ltr'>sed</span> <span class='ocrx_word' id='word_1_78' title='bbox 914 504 1024 547; x_wconf 68' lang='lat' dir='ltr'>magis</span> <span class='ocrx_word' id='word_1_79' title='bbox 1045 502 1133 534; x_wconf 89' lang='lat' dir='ltr'>inire</span> <span class='ocrx_word' id='word_1_80' title='bbox 1153 513 1230 545; x_wconf 77' lang='lat' dir='ltr'>gra—</span> 
     </span>
     <span class='ocr_line' id='line_1_16' title="bbox 245 567 341 600; baseline -0.031 0"><span class='ocrx_word' id='word_1_81' title='bbox 245 567 341 600; x_wconf 79' lang='lat' dir='ltr'>tlain.</span> 
     </span>
    </p>

    <p class='ocr_par' dir='ltr' id='par_1_11' title="bbox 244 603 1233 852">
     <span class='ocr_line' id='line_1_17' title="bbox 346 603 1231 656; baseline -0.016 -10"><span class='ocrx_word' id='word_1_82' title='bbox 346 613 431 656; x_wconf 85' lang='lat' dir='ltr'>Cap.</span> <span class='ocrx_word' id='word_1_83' title='bbox 450 609 554 644; x_wconf 76' lang='lat' dir='ltr'>XXII.</span> <span class='ocrx_word' id='word_1_84' title='bbox 590 607 619 652; x_wconf 85' lang='lat'>3.</span> <span class='ocrx_word' id='word_1_85' title='bbox 641 606 698 642; x_wconf 78' lang='grc'>45.</span> <span class='ocrx_word' id='word_1_86' title='bbox 740 609 876 641; x_wconf 74' lang='lat' dir='ltr'>Accedi!</span> <span class='ocrx_word' id='word_1_87' title='bbox 895 605 1019 647; x_wconf 76' lang='lat' dir='ltr'>eodem]</span> <span class='ocrx_word' id='word_1_88' title='bbox 1048 603 1124 635; x_wconf 67' lang='lat' dir='ltr'>Alia</span> <span class='ocrx_word' id='word_1_89' title='bbox 1149 614 1231 646; x_wconf 85' lang='lat' dir='ltr'>pro-</span> 
     </span>
     <span class='ocr_line' id='line_1_18' title="bbox 245 654 1231 707; baseline -0.015 -8"><span class='ocrx_word' id='word_1_90' title='bbox 245 666 360 700; x_wconf 87' lang='lat' dir='ltr'>batio:</span> <span class='ocrx_word' id='word_1_91' title='bbox 403 663 474 707; x_wconf 80' lang='lat' dir='ltr'>Qui</span> <span class='ocrx_word' id='word_1_92' title='bbox 498 663 649 694; x_wconf 84' lang='lat' dir='ltr'>adornat</span> <span class='ocrx_word' id='word_1_93' title='bbox 673 659 952 695; x_wconf 83' lang='lat' dir='ltr'>accusationem,</span> <span class='ocrx_word' id='word_1_94' title='bbox 995 656 1159 698; x_wconf 77' lang='lat' dir='ltr'>desperat</span> <span class='ocrx_word' id='word_1_95' title='bbox 1189 654 1231 684; x_wconf 84' lang='lat' dir='ltr'>de</span> 
     </span>
     <span class='ocr_line' id='line_1_19' title="bbox 246 704 1231 757; baseline -0.015 -7"><span class='ocrx_word' id='word_1_96' title='bbox 246 715 451 753; x_wconf 70' lang='lat' dir='ltr'>consulatu,</span> <span class='ocrx_word' id='word_1_97' title='bbox 489 712 571 757; x_wconf 89' lang='lat' dir='ltr'>quia</span> <span class='ocrx_word' id='word_1_98' title='bbox 594 722 667 743; x_wconf 86' lang='lat' dir='ltr'>nou</span> <span class='ocrx_word' id='word_1_99' title='bbox 693 716 809 754; x_wconf 83' lang='lat' dir='ltr'>potest</span> <span class='ocrx_word' id='word_1_100' title='bbox 835 709 918 740; x_wconf 86' lang='lat' dir='ltr'>dare</span> <span class='ocrx_word' id='word_1_101' title='bbox 947 718 1091 750; x_wconf 83' lang='lat' dir='ltr'>operam</span> <span class='ocrx_word' id='word_1_102' title='bbox 1117 704 1231 736; x_wconf 83' lang='lat' dir='ltr'>conci-</span> 
     </span>
     <span class='ocr_line' id='line_1_20' title="bbox 244 756 1233 805; baseline -0.014 -5"><span class='ocrx_word' id='word_1_103' title='bbox 244 767 371 801; x_wconf 85' lang='lat' dir='ltr'>liandis</span> <span class='ocrx_word' id='word_1_104' title='bbox 388 762 612 802; x_wconf 84' lang='lat' dir='ltr'>bominibus,</span> <span class='ocrx_word' id='word_1_105' title='bbox 639 761 766 794; x_wconf 85' lang='lat' dir='ltr'>deinde</span> <span class='ocrx_word' id='word_1_106' title='bbox 785 759 866 805; x_wconf 86' lang='lat' dir='ltr'>quia</span> <span class='ocrx_word' id='word_1_107' title='bbox 886 763 978 790; x_wconf 87' lang='lat' dir='ltr'>totus</span> <span class='ocrx_word' id='word_1_108' title='bbox 995 763 1046 789; x_wconf 82' lang='lat' dir='ltr'>est</span> <span class='ocrx_word' id='word_1_109' title='bbox 1071 757 1107 788; x_wconf 90' lang='lat' dir='ltr'>in</span> <span class='ocrx_word' id='word_1_110' title='bbox 1130 756 1233 788; x_wconf 90' lang='lat' dir='ltr'>ador-</span> 
     </span>
     <span class='ocr_line' id='line_1_21' title="bbox 244 814 622 852; baseline -0.019 0"><span class='ocrx_word' id='word_1_111' title='bbox 244 819 362 852; x_wconf 84' lang='lat' dir='ltr'>nanda</span> <span class='ocrx_word' id='word_1_112' title='bbox 389 814 622 848; x_wconf 72' lang='lat' dir='ltr'>accusatione.</span> 
     </span>
    </p>

    <p class='ocr_par' dir='ltr' id='par_1_12' title="bbox 243 858 1235 1207">
     <span class='ocr_line' id='line_1_22' title="bbox 348 858 1233 912; baseline -0.016 -11"><span class='ocrx_word' id='word_1_113' title='bbox 348 866 448 912; x_wconf 69' lang='lat'>346.</span> <span class='ocrx_word' id='word_1_114' title='bbox 475 868 585 906; x_wconf 82' lang='lat' dir='ltr'><strong><em>Quare</em></strong></span> <span class='ocrx_word' id='word_1_115' title='bbox 601 864 672 907; x_wconf 73' lang='lat' dir='ltr'>eya]</span> <span class='ocrx_word' id='word_1_116' title='bbox 690 860 893 895; x_wconf 77' lang='lat' dir='ltr'>Conclusio:</span> <span class='ocrx_word' id='word_1_117' title='bbox 923 858 1043 904; x_wconf 84' lang='lat' dir='ltr'>Quare</span> <span class='ocrx_word' id='word_1_118' title='bbox 1064 870 1134 889; x_wconf 88' lang='lat' dir='ltr'>non</span> <span class='ocrx_word' id='word_1_119' title='bbox 1154 868 1233 900; x_wconf 88' lang='lat' dir='ltr'>pos-</span> 
     </span>
     <span class='ocr_line' id='line_1_23' title="bbox 245 908 1234 957; baseline -0.015 -3"><span class='ocrx_word' id='word_1_120' title='bbox 245 920 290 955; x_wconf 81' lang='lat' dir='ltr'>sit</span> <span class='ocrx_word' id='word_1_121' title='bbox 305 918 410 953; x_wconf 85' lang='lat' dir='ltr'>simul</span> <span class='ocrx_word' id='word_1_122' title='bbox 427 915 591 950; x_wconf 74' lang='lat' dir='ltr'>sustineri</span> <span class='ocrx_word' id='word_1_123' title='bbox 607 913 773 957; x_wconf 71' lang='lat' dir='ltr'>cogitatio</span> <span class='ocrx_word' id='word_1_124' title='bbox 794 910 1025 944; x_wconf 64' lang='lat' dir='ltr'>accusationis</span> <span class='ocrx_word' id='word_1_125' title='bbox 1043 916 1076 941; x_wconf 82' lang='lat' dir='ltr'>ct</span> <span class='ocrx_word' id='word_1_126' title='bbox 1094 908 1234 952; x_wconf 87' lang='lat' dir='ltr'>petitio-</span> 
     </span>
     <span class='ocr_line' id='line_1_24' title="bbox 247 958 1233 1015; baseline -0.015 -11"><span class='ocrx_word' id='word_1_127' title='bbox 247 972 321 1011; x_wconf 88' lang='lat' dir='ltr'>nis,</span> <span class='ocrx_word' id='word_1_128' title='bbox 349 968 452 1015; x_wconf 83' lang='lat' dir='ltr'>quasi</span> <span class='ocrx_word' id='word_1_129' title='bbox 467 968 576 1001; x_wconf 83' lang='lat' dir='ltr'>dicat:</span> <span class='ocrx_word' id='word_1_130' title='bbox 611 965 710 1004; x_wconf 87' lang='lat' dir='ltr'>Scio,</span> <span class='ocrx_word' id='word_1_131' title='bbox 739 969 910 1009; x_wconf 83' lang='lat' dir='ltr'>quantuni</span> <span class='ocrx_word' id='word_1_132' title='bbox 934 959 1064 994; x_wconf 86' lang='lat' dir='ltr'>habeat</span> <span class='ocrx_word' id='word_1_133' title='bbox 1088 958 1233 1002; x_wconf 69' lang='lat' dir='ltr'>negotii,</span> 
     </span>
     <span class='ocr_line' id='line_1_25' title="bbox 246 1011 1234 1065; baseline -0.013 -11"><span class='ocrx_word' id='word_1_134' title='bbox 246 1023 318 1057; x_wconf 75' lang='lat' dir='ltr'>sive</span> <span class='ocrx_word' id='word_1_135' title='bbox 345 1019 491 1065; x_wconf 87' lang='lat' dir='ltr'>petitio,</span> <span class='ocrx_word' id='word_1_136' title='bbox 529 1018 600 1050; x_wconf 82' lang='lat' dir='ltr'>sive</span> <span class='ocrx_word' id='word_1_137' title='bbox 625 1015 804 1053; x_wconf 79' lang='lat' dir='ltr'>defensio,</span> <span class='ocrx_word' id='word_1_138' title='bbox 832 1013 903 1046; x_wconf 80' lang='lat' dir='ltr'>sive</span> <span class='ocrx_word' id='word_1_139' title='bbox 920 1011 1109 1044; x_wconf 83' lang='lat' dir='ltr'>accusatio.</span> <span class='ocrx_word' id='word_1_140' title='bbox 1172 1012 1234 1052; x_wconf 78' lang='lat' dir='ltr'>Tu,</span> 
     </span>
     <span class='ocr_line' id='line_1_26' title="bbox 246 1062 1233 1119; baseline -0.014 -13"><span class='ocrx_word' id='word_1_141' title='bbox 246 1068 361 1119; x_wconf 83' lang='lat' dir='ltr'>quum]</span> <span class='ocrx_word' id='word_1_142' title='bbox 384 1068 528 1113; x_wconf 76' lang='lat' dir='ltr'>Expolit</span> <span class='ocrx_word' id='word_1_143' title='bbox 544 1064 709 1099; x_wconf 83' lang='lat' dir='ltr'>nonnihil</span> <span class='ocrx_word' id='word_1_144' title='bbox 728 1066 804 1097; x_wconf 90' lang='lat' dir='ltr'>illas</span> <span class='ocrx_word' id='word_1_145' title='bbox 822 1062 1047 1099; x_wconf 70' lang='lat' dir='ltr'>ostensiones,</span> <span class='ocrx_word' id='word_1_146' title='bbox 1071 1067 1104 1092; x_wconf 89' lang='lat' dir='ltr'>et</span> <span class='ocrx_word' id='word_1_147' title='bbox 1121 1066 1233 1092; x_wconf 85' lang='lat' dir='ltr'>trans-</span> 
     </span>
     <span class='ocr_line' id='line_1_27' title="bbox 243 1111 1235 1162; baseline -0.014 -6"><span class='ocrx_word' id='word_1_148' title='bbox 243 1126 312 1157; x_wconf 83' lang='lat' dir='ltr'>fert</span> <span class='ocrx_word' id='word_1_149' title='bbox 327 1123 372 1154; x_wconf 82' lang='lat' dir='ltr'>ad</span> <span class='ocrx_word' id='word_1_150' title='bbox 390 1120 488 1153; x_wconf 75' lang='lat' dir='ltr'>alias.</span> <span class='ocrx_word' id='word_1_151' title='bbox 538 1118 718 1162; x_wconf 84' lang='lat' dir='ltr'>Apparet,</span> <span class='ocrx_word' id='word_1_152' title='bbox 747 1115 843 1161; x_wconf 87' lang='lat' dir='ltr'>quod</span> <span class='ocrx_word' id='word_1_153' title='bbox 868 1115 943 1158; x_wconf 88' lang='lat' dir='ltr'>ipso</span> <span class='ocrx_word' id='word_1_154' title='bbox 963 1111 1104 1145; x_wconf 84' lang='lat' dir='ltr'>consule</span> <span class='ocrx_word' id='word_1_155' title='bbox 1131 1122 1235 1143; x_wconf 82' lang='lat' dir='ltr'>reno-</span> 
     </span>
     <span class='ocr_line' id='line_1_28' title="bbox 247 1168 683 1207; baseline -0.018 0"><span class='ocrx_word' id='word_1_156' title='bbox 247 1181 326 1207; x_wconf 58' lang='lat' dir='ltr'>wita</span> <span class='ocrx_word' id='word_1_157' title='bbox 344 1172 387 1205; x_wconf 83' lang='lat' dir='ltr'>sit</span> <span class='ocrx_word' id='word_1_158' title='bbox 404 1172 457 1204; x_wconf 86' lang='lat' dir='ltr'>lex</span> <span class='ocrx_word' id='word_1_159' title='bbox 477 1171 519 1202; x_wconf 83' lang='lat' dir='ltr'>de</span> <span class='ocrx_word' id='word_1_160' title='bbox 537 1168 683 1201; x_wconf 79' lang='lat' dir='ltr'>ambitu.</span> 
     </span>
    </p>

    <p class='ocr_par' dir='ltr' id='par_1_13' title="bbox 246 1213 1237 1920">
     <span class='ocr_line' id='line_1_29' title="bbox 350 1213 1235 1266; baseline -0.014 -11"><span class='ocrx_word' id='word_1_161' title='bbox 350 1223 435 1266; x_wconf 75' lang='lat' dir='ltr'>Cap.</span> <span class='ocrx_word' id='word_1_162' title='bbox 452 1219 571 1254; x_wconf 66' lang='lat' dir='ltr'>XXIII.</span> <span class='ocrx_word' id='word_1_163' title='bbox 600 1218 629 1262; x_wconf 95' lang='lat'>3.</span> <span class='ocrx_word' id='word_1_164' title='bbox 650 1218 709 1252; x_wconf 79' lang='lat'>47.</span> <span class='ocrx_word' id='word_1_165' title='bbox 745 1213 967 1263; x_wconf 74' lang='lat' dir='ltr'>Tenuiorum]</span> <span class='ocrx_word' id='word_1_166' title='bbox 994 1213 1124 1247; x_wconf 84' lang='lat' dir='ltr'>scilicet</span> <span class='ocrx_word' id='word_1_167' title='bbox 1146 1223 1235 1256; x_wconf 76' lang='lat' dir='ltr'>pau-</span> 
     </span>
     <span class='ocr_line' id='line_1_30' title="bbox 248 1265 1234 1320; baseline -0.014 -12"><span class='ocrx_word' id='word_1_168' title='bbox 248 1287 385 1320; x_wconf 84' lang='lat' dir='ltr'>perum.</span> <span class='ocrx_word' id='word_1_169' title='bbox 464 1267 652 1316; x_wconf 75' lang='lat' dir='ltr'>Communi]</span> <span class='ocrx_word' id='word_1_170' title='bbox 679 1268 810 1302; x_wconf 89' lang='lat' dir='ltr'>scilicet</span> <span class='ocrx_word' id='word_1_171' title='bbox 834 1265 1075 1304; x_wconf 86' lang='lat' dir='ltr'>tenuioribus,</span> <span class='ocrx_word' id='word_1_172' title='bbox 1102 1274 1234 1307; x_wconf 81' lang='lat' dir='ltr'>paupe—</span> 
     </span>
     <span class='ocr_line' id='line_1_31' title="bbox 246 1313 1235 1368; baseline -0.015 -8"><span class='ocrx_word' id='word_1_173' title='bbox 246 1327 355 1360; x_wconf 83' lang='lat' dir='ltr'>ribus.</span> <span class='ocrx_word' id='word_1_174' title='bbox 440 1319 573 1368; x_wconf 79' lang='lat' dir='ltr'>Morbi]</span> <span class='ocrx_word' id='word_1_175' title='bbox 602 1320 733 1354; x_wconf 87' lang='lat' dir='ltr'>scilicet</span> <span class='ocrx_word' id='word_1_176' title='bbox 748 1331 791 1352; x_wconf 88' lang='lat' dir='ltr'>ne</span> <span class='ocrx_word' id='word_1_177' title='bbox 811 1317 889 1363; x_wconf 88' lang='lat' dir='ltr'>quis</span> <span class='ocrx_word' id='word_1_178' title='bbox 907 1316 997 1350; x_wconf 79' lang='lat' dir='ltr'>absit</span> <span class='ocrx_word' id='word_1_179' title='bbox 1014 1329 1055 1349; x_wconf 86' lang='lat' dir='ltr'>ex</span> <span class='ocrx_word' id='word_1_180' title='bbox 1071 1313 1235 1347; x_wconf 86' lang='lat' dir='ltr'>comitiis.</span> 
     </span>
     <span class='ocr_line' id='line_1_32' title="bbox 248 1365 1235 1421; baseline -0.014 -11"><span class='ocrx_word' id='word_1_181' title='bbox 248 1379 336 1419; x_wconf 83' lang='lat' dir='ltr'>Quid</span> <span class='ocrx_word' id='word_1_182' title='bbox 351 1371 444 1421; x_wconf 73' lang='lat' dir='ltr'>erqo]</span> <span class='ocrx_word' id='word_1_183' title='bbox 472 1371 686 1416; x_wconf 84' lang='lat' dir='ltr'>Occupatio:</span> <span class='ocrx_word' id='word_1_184' title='bbox 716 1370 800 1404; x_wconf 89' lang='lat' dir='ltr'>Tuli</span> <span class='ocrx_word' id='word_1_185' title='bbox 818 1370 921 1403; x_wconf 78' lang='lat' dir='ltr'>istam</span> <span class='ocrx_word' id='word_1_186' title='bbox 938 1368 1069 1412; x_wconf 84' lang='lat' dir='ltr'>legem,</span> <span class='ocrx_word' id='word_1_187' title='bbox 1097 1366 1157 1399; x_wconf 85' lang='lat' dir='ltr'>sed</span> <span class='ocrx_word' id='word_1_188' title='bbox 1183 1365 1235 1396; x_wconf 88' lang='lat' dir='ltr'>in-</span> 
     </span>
     <span class='ocr_line' id='line_1_33' title="bbox 248 1416 1235 1472; baseline -0.014 -11"><span class='ocrx_word' id='word_1_189' title='bbox 248 1429 350 1460; x_wconf 88' lang='lat' dir='ltr'>vitus.</span> <span class='ocrx_word' id='word_1_190' title='bbox 438 1422 579 1472; x_wconf 71' lang='lat' dir='ltr'>Paruit]</span> <span class='ocrx_word' id='word_1_191' title='bbox 615 1422 820 1456; x_wconf 75' lang='lat' dir='ltr'>Translatio</span> <span class='ocrx_word' id='word_1_192' title='bbox 851 1421 990 1463; x_wconf 83' lang='lat' dir='ltr'>culpae:</span> <span class='ocrx_word' id='word_1_193' title='bbox 1033 1417 1116 1450; x_wconf 87' lang='lat' dir='ltr'>Tuli</span> <span class='ocrx_word' id='word_1_194' title='bbox 1146 1416 1235 1448; x_wconf 71' lang='lat' dir='ltr'>invi-</span> 
     </span>
     <span class='ocr_line' id='line_1_34' title="bbox 246 1468 1235 1518; baseline -0.015 -5"><span class='ocrx_word' id='word_1_195' title='bbox 246 1486 314 1518; x_wconf 85' lang='lat' dir='ltr'>tus,</span> <span class='ocrx_word' id='word_1_196' title='bbox 341 1476 405 1510; x_wconf 86' lang='lat' dir='ltr'>tibi</span> <span class='ocrx_word' id='word_1_197' title='bbox 424 1488 500 1508; x_wconf 86' lang='lat' dir='ltr'>mos</span> <span class='ocrx_word' id='word_1_198' title='bbox 519 1482 569 1508; x_wconf 88' lang='lat' dir='ltr'>est</span> <span class='ocrx_word' id='word_1_199' title='bbox 586 1480 712 1518; x_wconf 83' lang='lat' dir='ltr'>gestus.</span> <span class='ocrx_word' id='word_1_200' title='bbox 780 1475 815 1506; x_wconf 81' lang='lat' dir='ltr'>Is</span> <span class='ocrx_word' id='word_1_201' title='bbox 831 1470 925 1514; x_wconf 70' lang='lat' dir='ltr'>tulit]</span> <span class='ocrx_word' id='word_1_202' title='bbox 953 1469 1083 1503; x_wconf 86' lang='lat' dir='ltr'>scilicet</span> <span class='ocrx_word' id='word_1_203' title='bbox 1099 1468 1235 1501; x_wconf 89' lang='lat' dir='ltr'>Cicero.</span> 
     </span>
     <span class='ocr_line' id='line_1_35' title="bbox 247 1519 1236 1567; baseline -0.012 -5"><span class='ocrx_word' id='word_1_204' title='bbox 247 1531 436 1563; x_wconf 76' lang='lat' dir='ltr'>Praeterea</span> <span class='ocrx_word' id='word_1_205' title='bbox 466 1526 565 1559; x_wconf 78' lang='lat' dir='ltr'>addit</span> <span class='ocrx_word' id='word_1_206' title='bbox 598 1526 665 1557; x_wconf 81' lang='lat' dir='ltr'>alia</span> <span class='ocrx_word' id='word_1_207' title='bbox 698 1524 883 1567; x_wconf 78' lang='lat' dir='ltr'>graviora,</span> <span class='ocrx_word' id='word_1_208' title='bbox 925 1533 1015 1566; x_wconf 85' lang='lat' dir='ltr'>quae</span> <span class='ocrx_word' id='word_1_209' title='bbox 1050 1519 1236 1552; x_wconf 78' lang='lat' dir='ltr'>offendunt</span> 
     </span>
     <span class='ocr_line' id='line_1_36' title="bbox 248 1569 1234 1622; baseline -0.014 -8"><span class='ocrx_word' id='word_1_210' title='bbox 248 1581 347 1614; x_wconf 78' lang='lat' dir='ltr'>alios.</span> <span class='ocrx_word' id='word_1_211' title='bbox 441 1580 542 1620; x_wconf 69' lang='lat' dir='ltr'>Leqis</span> <span class='ocrx_word' id='word_1_212' title='bbox 566 1573 755 1622; x_wconf 71' lang='lat' dir='ltr'>Maniliae]</span> <span class='ocrx_word' id='word_1_213' title='bbox 790 1574 973 1618; x_wconf 84' lang='lat' dir='ltr'>Quantum</span> <span class='ocrx_word' id='word_1_214' title='bbox 1001 1583 1041 1603; x_wconf 80' lang='lat' dir='ltr'>ex</span> <span class='ocrx_word' id='word_1_215' title='bbox 1068 1569 1134 1602; x_wconf 80' lang='lat' dir='ltr'>hoc</span> <span class='ocrx_word' id='word_1_216' title='bbox 1157 1570 1234 1601; x_wconf 88' lang='lat' dir='ltr'>loco</span> 
     </span>
     <span class='ocr_line' id='line_1_37' title="bbox 249 1623 1235 1674; baseline -0.014 -10"><span class='ocrx_word' id='word_1_217' title='bbox 249 1630 366 1674; x_wconf 80' lang='lat' dir='ltr'>colligi</span> <span class='ocrx_word' id='word_1_218' title='bbox 392 1634 525 1673; x_wconf 82' lang='lat' dir='ltr'>potest,</span> <span class='ocrx_word' id='word_1_219' title='bbox 555 1632 702 1670; x_wconf 82' lang='lat' dir='ltr'>apparet</span> <span class='ocrx_word' id='word_1_220' title='bbox 723 1625 827 1657; x_wconf 79' lang='lat' dir='ltr'>luisse</span> <span class='ocrx_word' id='word_1_221' title='bbox 854 1624 964 1665; x_wconf 77' lang='lat' dir='ltr'>legem</span> <span class='ocrx_word' id='word_1_222' title='bbox 995 1623 1036 1653; x_wconf 80' lang='lat' dir='ltr'>de</span> <span class='ocrx_word' id='word_1_223' title='bbox 1062 1634 1155 1653; x_wconf 69' lang='lat' dir='ltr'>novo</span> <span class='ocrx_word' id='word_1_224' title='bbox 1180 1632 1235 1651; x_wconf 84' lang='lat' dir='ltr'>or—</span> 
     </span>
     <span class='ocr_line' id='line_1_38' title="bbox 248 1670 1236 1722; baseline -0.014 -7"><span class='ocrx_word' id='word_1_225' title='bbox 248 1684 330 1716; x_wconf 87' lang='lat' dir='ltr'>dine</span> <span class='ocrx_word' id='word_1_226' title='bbox 346 1678 608 1722; x_wconf 79' lang='lat' dir='ltr'>suffragationis</span> <span class='ocrx_word' id='word_1_227' title='bbox 618 1677 674 1721; x_wconf 76' lang='grc'>73).</span> <span class='ocrx_word' id='word_1_228' title='bbox 745 1670 964 1718; x_wconf 67' lang='lat' dir='ltr'>municipiis]</span> <span class='ocrx_word' id='word_1_229' title='bbox 993 1672 1075 1704; x_wconf 82' lang='lat' dir='ltr'>Fuit</span> <span class='ocrx_word' id='word_1_230' title='bbox 1092 1682 1236 1703; x_wconf 77' lang='lat' dir='ltr'>consue-</span> 
     </span>
     <span class='ocr_line' id='line_1_39' title="bbox 248 1722 1235 1772; baseline -0.014 -5"><span class='ocrx_word' id='word_1_231' title='bbox 248 1735 351 1772; x_wconf 80' lang='lat' dir='ltr'>tudo,</span> <span class='ocrx_word' id='word_1_232' title='bbox 378 1737 417 1764; x_wconf 89' lang='lat' dir='ltr'>ut</span> <span class='ocrx_word' id='word_1_233' title='bbox 433 1728 663 1772; x_wconf 80' lang='lat' dir='ltr'>municipales</span> <span class='ocrx_word' id='word_1_234' title='bbox 680 1732 892 1770; x_wconf 78' lang='lat' dir='ltr'>rogarentur</span> <span class='ocrx_word' id='word_1_235' title='bbox 913 1722 1102 1756; x_wconf 84' lang='lat' dir='ltr'>candidati.</span> <span class='ocrx_word' id='word_1_236' title='bbox 1166 1723 1235 1754; x_wconf 79' lang='lat' dir='ltr'>Tn-</span> 
     </span>
     <span class='ocr_line' id='line_1_40' title="bbox 248 1775 1236 1829; baseline -0.015 -11"><span class='ocrx_word' id='word_1_237' title='bbox 248 1780 374 1829; x_wconf 68' lang='lat' dir='ltr'>Ieruni]</span> <span class='ocrx_word' id='word_1_238' title='bbox 404 1782 525 1819; x_wconf 84' lang='lat' dir='ltr'>idest,</span> <span class='ocrx_word' id='word_1_239' title='bbox 554 1779 614 1811; x_wconf 89' lang='lat' dir='ltr'>tibi</span> <span class='ocrx_word' id='word_1_240' title='bbox 635 1790 709 1810; x_wconf 90' lang='lat' dir='ltr'>non</span> <span class='ocrx_word' id='word_1_241' title='bbox 734 1776 881 1810; x_wconf 85' lang='lat' dir='ltr'>concedi</span> <span class='ocrx_word' id='word_1_242' title='bbox 902 1775 1067 1807; x_wconf 86' lang='lat' dir='ltr'>usitatam</span> <span class='ocrx_word' id='word_1_243' title='bbox 1092 1784 1236 1816; x_wconf 86' lang='lat' dir='ltr'>praero-</span> 
     </span>
     <span class='ocr_line' id='line_1_41' title="bbox 758 1822 1236 1871; baseline -0.013 -10"><span class='ocrx_word' id='word_1_244' title='bbox 758 1822 937 1871; x_wconf 61' lang='lat' dir='ltr'>Editicios]</span> <span class='ocrx_word' id='word_1_245' title='bbox 964 1826 997 1857; x_wconf 86' lang='lat' dir='ltr'>id</span> <span class='ocrx_word' id='word_1_246' title='bbox 1015 1831 1083 1864; x_wconf 83' lang='lat' dir='ltr'>cst,</span> <span class='ocrx_word' id='word_1_247' title='bbox 1112 1830 1236 1861; x_wconf 81' lang='lat' dir='ltr'>certos,</span> 
     </span>
     <span class='ocr_line' id='line_1_42' title="bbox 1090 1871 1237 1920; baseline -0.007 -12"><span class='ocrx_word' id='word_1_248' title='bbox 1090 1871 1237 1920; x_wconf 73' lang='lat' dir='ltr'>Iudices]</span> 
     </span>
    </p>
   </div>
   <div class='ocr_carea' id='block_1_11' title="bbox 248 1832 1240 2492">
    <p class='ocr_par' dir='ltr' id='par_1_14' title="bbox 248 1832 986 1972">
     <span class='ocr_line' id='line_1_43' title="bbox 248 1832 680 1880; baseline -0.009 -13"><span class='ocrx_word' id='word_1_249' title='bbox 248 1835 400 1880; x_wconf 78' lang='lat' dir='ltr'>gativam</span> <span class='ocrx_word' id='word_1_250' title='bbox 417 1832 680 1873; x_wconf 75' lang='lat' dir='ltr'>suffragiorum.</span> 
     </span>
     <span class='ocr_line' id='line_1_44' title="bbox 248 1879 986 1922; baseline -0.015 -3"><span class='ocrx_word' id='word_1_251' title='bbox 248 1885 471 1922; x_wconf 81' lang='lat' dir='ltr'>nominatos,</span> <span class='ocrx_word' id='word_1_252' title='bbox 501 1888 533 1914; x_wconf 82' lang='lat' dir='ltr'>et</span> <span class='ocrx_word' id='word_1_253' title='bbox 555 1882 682 1914; x_wconf 80' lang='lat' dir='ltr'>electos</span> <span class='ocrx_word' id='word_1_254' title='bbox 706 1879 750 1912; x_wconf 84' lang='lat' dir='ltr'>ab</span> <span class='ocrx_word' id='word_1_255' title='bbox 773 1883 986 1911; x_wconf 82' lang='lat' dir='ltr'>accusatore.</span> 
     </span>
     <span class='ocr_line' id='line_1_45' title="bbox 249 1933 604 1972; baseline -0.017 -2"><span class='ocrx_word' id='word_1_256' title='bbox 249 1938 379 1972; x_wconf 76' lang='lat' dir='ltr'>scilicet</span> <span class='ocrx_word' id='word_1_257' title='bbox 397 1936 439 1966; x_wconf 80' lang='lat' dir='ltr'>(le</span> <span class='ocrx_word' id='word_1_258' title='bbox 459 1933 604 1965; x_wconf 81' lang='lat' dir='ltr'>anibiiu.</span> 
     </span>
    </p>

    <p class='ocr_par' dir='ltr' id='par_1_15' title="bbox 249 1975 1237 2135">
     <span class='ocr_line' id='line_1_46' title="bbox 353 1975 1236 2029; baseline -0.015 -10"><span class='ocrx_word' id='word_1_259' title='bbox 353 1988 381 2029; x_wconf 95' lang='lat'>3.</span> <span class='ocrx_word' id='word_1_260' title='bbox 402 1985 460 2018; x_wconf 81' lang='lat'>48.</span> <span class='ocrx_word' id='word_1_261' title='bbox 502 1986 611 2028; x_wconf 77' lang='lat' dir='ltr'>Atque</span> <span class='ocrx_word' id='word_1_262' title='bbox 633 1994 678 2014; x_wconf 62' lang='lat' dir='ltr'>ea·</span> <span class='ocrx_word' id='word_1_263' title='bbox 701 1976 868 2025; x_wconf 70' lang='lat' dir='ltr'>omnibus]</span> <span class='ocrx_word' id='word_1_264' title='bbox 908 1977 987 2010; x_wconf 83' lang='lat' dir='ltr'>Alia</span> <span class='ocrx_word' id='word_1_265' title='bbox 1016 1976 1163 2009; x_wconf 77' lang='lat' dir='ltr'>offensio</span> <span class='ocrx_word' id='word_1_266' title='bbox 1195 1975 1236 2007; x_wconf 84' lang='lat' dir='ltr'>de</span> 
     </span>
     <span class='ocr_line' id='line_1_47' title="bbox 249 2026 1237 2077; baseline -0.012 -6"><span class='ocrx_word' id='word_1_267' title='bbox 249 2038 413 2073; x_wconf 72' lang='lat' dir='ltr'>Catilina.</span> <span class='ocrx_word' id='word_1_268' title='bbox 534 2028 713 2077; x_wconf 65' lang='lat' dir='ltr'>Maxima]</span> <span class='ocrx_word' id='word_1_269' title='bbox 755 2030 885 2064; x_wconf 83' lang='lat' dir='ltr'>scilicet</span> <span class='ocrx_word' id='word_1_270' title='bbox 922 2041 1029 2074; x_wconf 82' lang='lat' dir='ltr'>quani</span> <span class='ocrx_word' id='word_1_271' title='bbox 1065 2026 1237 2071; x_wconf 78' lang='lat' dir='ltr'>praedixi.</span> 
     </span>
     <span class='ocr_line' id='line_1_48' title="bbox 251 2081 1043 2135; baseline -0.019 -10"><span class='ocrx_word' id='word_1_272' title='bbox 251 2085 415 2135; x_wconf 73' lang='lat' dir='ltr'>Occurro]</span> <span class='ocrx_word' id='word_1_273' title='bbox 439 2083 568 2119; x_wconf 85' lang='lat' dir='ltr'>scilicet</span> <span class='ocrx_word' id='word_1_274' title='bbox 595 2096 660 2116; x_wconf 88' lang='lat' dir='ltr'>nos</span> <span class='ocrx_word' id='word_1_275' title='bbox 688 2088 825 2115; x_wconf 82' lang='lat' dir='ltr'>tantum</span> <span class='ocrx_word' id='word_1_276' title='bbox 855 2081 1043 2112; x_wconf 84' lang='lat' dir='ltr'>admoneo.</span> 
     </span>
    </p>

    <p class='ocr_par' dir='ltr' id='par_1_16' title="bbox 352 2136 1170 2189">
     <span class='ocr_line' id='line_1_49' title="bbox 352 2136 1170 2189; baseline -0.01 -11"><span class='ocrx_word' id='word_1_277' title='bbox 352 2147 437 2189; x_wconf 73' lang='lat' dir='ltr'>Cap.</span> <span class='ocrx_word' id='word_1_278' title='bbox 457 2142 580 2177; x_wconf 71' lang='lat' dir='ltr'>XXIV.</span> <span class='ocrx_word' id='word_1_279' title='bbox 607 2141 637 2186; x_wconf 83' lang='lat'>3.</span> <span class='ocrx_word' id='word_1_280' title='bbox 653 2141 713 2175; x_wconf 80' lang='lat'>48.</span> <span class='ocrx_word' id='word_1_281' title='bbox 741 2142 808 2174; x_wconf 80' lang='lat' dir='ltr'>Sed</span> <span class='ocrx_word' id='word_1_282' title='bbox 822 2136 949 2186; x_wconf 69' lang='lat' dir='ltr'>samen]</span> <span class='ocrx_word' id='word_1_283' title='bbox 979 2136 1170 2182; x_wconf 69' lang='lat' dir='ltr'>l&#39;tepetitiO.</span> 
     </span>
    </p>

    <p class='ocr_par' dir='ltr' id='par_1_17' title="bbox 250 2190 1240 2492">
     <span class='ocr_line' id='line_1_50' title="bbox 353 2190 1238 2241; baseline -0.012 -11"><span class='ocrx_word' id='word_1_284' title='bbox 353 2196 383 2241; x_wconf 79' lang='lat'>3.</span> <span class='ocrx_word' id='word_1_285' title='bbox 408 2196 466 2229; x_wconf 81' lang='lat'>49.</span> <span class='ocrx_word' id='word_1_286' title='bbox 508 2190 701 2240; x_wconf 77' lang='lat' dir='ltr'>Inquirere]</span> <span class='ocrx_word' id='word_1_287' title='bbox 738 2192 773 2223; x_wconf 87' lang='lat' dir='ltr'>id</span> <span class='ocrx_word' id='word_1_288' title='bbox 796 2197 864 2231; x_wconf 87' lang='lat' dir='ltr'>est,</span> <span class='ocrx_word' id='word_1_289' title='bbox 894 2190 1042 2222; x_wconf 84' lang='lat' dir='ltr'>crimina</span> <span class='ocrx_word' id='word_1_290' title='bbox 1067 2195 1100 2221; x_wconf 91' lang='lat' dir='ltr'>et</span> <span class='ocrx_word' id='word_1_291' title='bbox 1125 2194 1238 2220; x_wconf 81' lang='lat' dir='ltr'>testes.</span> 
     </span>
     <span class='ocr_line' id='line_1_51' title="bbox 250 2239 1237 2284; baseline -0.012 -2"><span class='ocrx_word' id='word_1_292' title='bbox 250 2251 305 2283; x_wconf 74' lang='lat' dir='ltr'>Sic</span> <span class='ocrx_word' id='word_1_293' title='bbox 333 2254 513 2281; x_wconf 83' lang='lat' dir='ltr'>construe:</span> <span class='ocrx_word' id='word_1_294' title='bbox 548 2244 690 2277; x_wconf 76' lang='lat' dir='ltr'>Etenim</span> <span class='ocrx_word' id='word_1_295' title='bbox 715 2243 882 2275; x_wconf 71' lang='lat' dir='ltr'>videbant</span> <span class='ocrx_word' id='word_1_296' title='bbox 905 2248 938 2274; x_wconf 89' lang='lat' dir='ltr'>te</span> <span class='ocrx_word' id='word_1_297' title='bbox 964 2241 1076 2284; x_wconf 89' lang='lat' dir='ltr'>ipsum</span> <span class='ocrx_word' id='word_1_298' title='bbox 1103 2239 1237 2272; x_wconf 84' lang='lat' dir='ltr'>tristem</span> 
     </span>
     <span class='ocr_line' id='line_1_52' title="bbox 250 2289 1240 2346; baseline -0.012 -12"><span class='ocrx_word' id='word_1_299' title='bbox 250 2300 443 2346; x_wconf 81' lang='lat' dir='ltr'>inquirere,</span> <span class='ocrx_word' id='word_1_300' title='bbox 471 2303 535 2330; x_wconf 80' lang='lat' dir='ltr'>etc.</span> <span class='ocrx_word' id='word_1_301' title='bbox 604 2293 894 2336; x_wconf 72' lang='lat' dir='ltr'>subscriptorum]</span> <span class='ocrx_word' id='word_1_302' title='bbox 910 2291 1040 2326; x_wconf 82' lang='lat' dir='ltr'>scilicet</span> <span class='ocrx_word' id='word_1_303' title='bbox 1059 2290 1118 2335; x_wconf 82' lang='lat' dir='ltr'>qui</span> <span class='ocrx_word' id='word_1_304' title='bbox 1135 2289 1240 2323; x_wconf 86' lang='lat' dir='ltr'>simul</span> 
     </span>
     <span class='ocr_line' id='line_1_53' title="bbox 250 2342 1240 2387; baseline -0.013 -2"><span class='ocrx_word' id='word_1_305' title='bbox 250 2354 519 2387; x_wconf 76' lang='lat' dir='ltr'>accusaverunt,</span> <span class='ocrx_word' id='word_1_306' title='bbox 560 2353 616 2380; x_wconf 82' lang='lat' dir='ltr'>ut:</span> <span class='ocrx_word' id='word_1_307' title='bbox 661 2345 804 2379; x_wconf 65' lang='lat' dir='ltr'>Servius</span> <span class='ocrx_word' id='word_1_308' title='bbox 832 2343 1007 2377; x_wconf 81' lang='lat' dir='ltr'>accusavit</span> <span class='ocrx_word' id='word_1_309' title='bbox 1040 2342 1240 2381; x_wconf 79' lang='lat' dir='ltr'>Murenam,</span> 
     </span>
     <span class='ocr_line' id='line_1_54' title="bbox 253 2391 1239 2443; baseline -0.011 -7"><span class='ocrx_word' id='word_1_310' title='bbox 253 2403 307 2436; x_wconf 78' lang='lat' dir='ltr'>cui</span> <span class='ocrx_word' id='word_1_311' title='bbox 325 2398 647 2443; x_wconf 79' lang='lat' dir='ltr'>subscripsitCato,</span> <span class='ocrx_word' id='word_1_312' title='bbox 675 2396 794 2429; x_wconf 89' lang='lat' dir='ltr'>etalii.</span> <span class='ocrx_word' id='word_1_313' title='bbox 872 2394 1056 2438; x_wconf 70' lang='lat' dir='ltr'>Iudicibus]</span> <span class='ocrx_word' id='word_1_314' title='bbox 1084 2391 1239 2436; x_wconf 82' lang='lat' dir='ltr'>Philipp.</span> 
     </span>
     <span class='ocr_line' id='line_1_55' title="bbox 252 2442 1240 2492; baseline -0.011 -6"><span class='ocrx_word' id='word_1_315' title='bbox 252 2449 505 2486; x_wconf 73' lang='lat' dir='ltr'>Melanclitlion</span> <span class='ocrx_word' id='word_1_316' title='bbox 537 2448 620 2492; x_wconf 73' lang='lat' dir='ltr'>legit</span> <span class='ocrx_word' id='word_1_317' title='bbox 647 2448 820 2480; x_wconf 82' lang='lat' dir='ltr'>indicibus</span> <span class='ocrx_word' id='word_1_318' title='bbox 837 2445 895 2491; x_wconf 46' lang='grc' dir='ltr'>7ζ’).</span> <span class='ocrx_word' id='word_1_319' title='bbox 1000 2442 1084 2492; x_wconf 75' lang='lat' dir='ltr'>Spe]</span> <span class='ocrx_word' id='word_1_320' title='bbox 1109 2444 1240 2477; x_wconf 85' lang='lat' dir='ltr'>scilicet</span> 
     </span>
    </p>
   </div>
   <div class='ocr_carea' id='block_1_12' title="bbox 286 2576 1238 2645">
    <p class='ocr_par' dir='ltr' id='par_1_18' title="bbox 286 2576 1238 2645">
     <span class='ocr_line' id='line_1_56' title="bbox 286 2576 1238 2613; baseline -0.011 -4"><span class='ocrx_word' id='word_1_321' title='bbox 286 2586 333 2613; x_wconf 81' lang='lat'>73]</span> <span class='ocrx_word' id='word_1_322' title='bbox 354 2583 433 2608; x_wconf 82' lang='lat' dir='ltr'>Cous.</span> <span class='ocrx_word' id='word_1_323' title='bbox 448 2581 545 2606; x_wconf 69' lang='lat' dir='ltr'>Orellii</span> <span class='ocrx_word' id='word_1_324' title='bbox 562 2582 587 2604; x_wconf 85' lang='lat' dir='ltr'>et</span> <span class='ocrx_word' id='word_1_325' title='bbox 597 2579 698 2604; x_wconf 79' lang='lat' dir='ltr'>Baiteri</span> <span class='ocrx_word' id='word_1_326' title='bbox 711 2579 851 2603; x_wconf 72' lang='lat' dir='ltr'>Onomnst.</span> <span class='ocrx_word' id='word_1_327' title='bbox 867 2578 981 2602; x_wconf 80' lang='lat' dir='ltr'>Tullian.</span> <span class='ocrx_word' id='word_1_328' title='bbox 1003 2577 1030 2601; x_wconf 80' lang='lat' dir='ltr'>P.</span> <span class='ocrx_word' id='word_1_329' title='bbox 1040 2577 1081 2601; x_wconf 85' lang='lat'><em>111.</em></span> <span class='ocrx_word' id='word_1_330' title='bbox 1104 2576 1191 2608; x_wconf 75' lang='lat' dir='ltr'>p.2¹8</span> <span class='ocrx_word' id='word_1_331' title='bbox 1200 2581 1238 2605; x_wconf 85' lang='lat' dir='ltr'>sq.</span> 
     </span>
     <span class='ocr_line' id='line_1_57' title="bbox 323 2613 1018 2645; baseline -0.01 -3"><span class='ocrx_word' id='word_1_332' title='bbox 323 2620 355 2642; x_wconf 82' lang='lat' dir='ltr'>de</span> <span class='ocrx_word' id='word_1_333' title='bbox 375 2619 434 2645; x_wconf 57' lang='lat' dir='ltr'>iege</span> <span class='ocrx_word' id='word_1_334' title='bbox 454 2616 564 2639; x_wconf 77' lang='lat' dir='ltr'>Manilia</span> <span class='ocrx_word' id='word_1_335' title='bbox 585 2616 617 2638; x_wconf 81' lang='lat' dir='ltr'>de</span> <span class='ocrx_word' id='word_1_336' title='bbox 637 2614 830 2644; x_wconf 62' lang='lat' dir='ltr'>suffragiormn</span> <span class='ocrx_word' id='word_1_337' title='bbox 850 2613 1018 2636; x_wconf 69' lang='lat' dir='ltr'>confusione.</span> 
     </span>
    </p>
   </div>
   <div class='ocr_carea' id='block_1_13' title="bbox 290 2665 926 2697">
    <p class='ocr_par' dir='ltr' id='par_1_19' title="bbox 290 2665 926 2697">
     <span class='ocr_line' id='line_1_58' title="bbox 290 2665 926 2697; baseline -0.008 -4"><span class='ocrx_word' id='word_1_338' title='bbox 290 2671 339 2697; x_wconf 66' lang='lat'>74)</span> <span class='ocrx_word' id='word_1_339' title='bbox 358 2671 405 2692; x_wconf 71' lang='lat' dir='ltr'>La.</span> <span class='ocrx_word' id='word_1_340' title='bbox 429 2667 514 2691; x_wconf 81' lang='lat' dir='ltr'>orell.</span> <span class='ocrx_word' id='word_1_341' title='bbox 536 2666 561 2688; x_wconf 85' lang='lat' dir='ltr'>in</span> <span class='ocrx_word' id='word_1_342' title='bbox 583 2667 656 2688; x_wconf 83' lang='lat' dir='ltr'>textu</span> <span class='ocrx_word' id='word_1_343' title='bbox 676 2666 753 2688; x_wconf 76' lang='lat' dir='ltr'>habet</span> <span class='ocrx_word' id='word_1_344' title='bbox 774 2665 926 2688; x_wconf 71' lang='lat' dir='ltr'>iudicibus.</span> 
     </span>
    </p>
   </div>
   <div class='ocr_carea' id='block_1_14' title="bbox 1282 302 2278 2388">
    <p class='ocr_par' dir='ltr' id='par_1_20' title="bbox 1282 302 1575 396">
     <span class='ocr_line' id='line_1_59' title="bbox 1284 302 1575 344; baseline 0.01 -13"><span class='ocrx_word' id='word_1_345' title='bbox 1284 302 1386 333; x_wconf 64' lang='lat' dir='ltr'>x&#39;cbat</span> <span class='ocrx_word' id='word_1_346' title='bbox 1412 302 1575 344; x_wconf 84' lang='lat' dir='ltr'>populus.</span> 
     </span>
     <span class='ocr_line' id='line_1_60' title="bbox 1282 351 1559 396; baseline 0 -13"><span class='ocrx_word' id='word_1_347' title='bbox 1282 352 1355 396; x_wconf 82' lang='lat' dir='ltr'>spei</span> <span class='ocrx_word' id='word_1_348' title='bbox 1374 351 1559 383; x_wconf 69' lang='lat' dir='ltr'>Catilinae.</span> 
     </span>
    </p>

    <p class='ocr_par' dir='ltr' id='par_1_21' title="bbox 1283 399 2268 536">
     <span class='ocr_line' id='line_1_61' title="bbox 1386 399 2268 450; baseline 0 -15"><span class='ocrx_word' id='word_1_349' title='bbox 1386 402 1471 446; x_wconf 85' lang='lat' dir='ltr'>Cap.</span> <span class='ocrx_word' id='word_1_350' title='bbox 1495 400 1600 435; x_wconf 68' lang='lat' dir='ltr'>XXV.</span> <span class='ocrx_word' id='word_1_351' title='bbox 1629 400 1658 444; x_wconf 93' lang='lat'>3</span> <span class='ocrx_word' id='word_1_352' title='bbox 1674 399 1734 434; x_wconf 85' lang='grc'>50.</span> <span class='ocrx_word' id='word_1_353' title='bbox 1773 401 1916 450; x_wconf 76' lang='lat' dir='ltr'>Quibus]</span> <span class='ocrx_word' id='word_1_354' title='bbox 1943 401 2182 445; x_wconf 81' lang='lat' dir='ltr'>Ampliticatio</span> <span class='ocrx_word' id='word_1_355' title='bbox 2209 414 2268 446; x_wconf 83' lang='lat' dir='ltr'>pe-</span> 
     </span>
     <span class='ocr_line' id='line_1_62' title="bbox 1283 452 2268 496; baseline 0.001 -11"><span class='ocrx_word' id='word_1_356' title='bbox 1283 453 1401 485; x_wconf 81' lang='lat' dir='ltr'>riculi:</span> <span class='ocrx_word' id='word_1_357' title='bbox 1431 454 1613 496; x_wconf 78' lang='lat' dir='ltr'>Quantum</span> <span class='ocrx_word' id='word_1_358' title='bbox 1632 452 1777 496; x_wconf 83' lang='lat' dir='ltr'>periculi</span> <span class='ocrx_word' id='word_1_359' title='bbox 1794 453 1924 493; x_wconf 74' lang='lat' dir='ltr'>sulsset,</span> <span class='ocrx_word' id='word_1_360' title='bbox 1952 453 1979 486; x_wconf 90' lang='lat' dir='ltr'>si</span> <span class='ocrx_word' id='word_1_361' title='bbox 1992 453 2140 485; x_wconf 79' lang='lat' dir='ltr'>Catilina</span> <span class='ocrx_word' id='word_1_362' title='bbox 2158 454 2268 486; x_wconf 83' lang='lat' dir='ltr'>sactus</span> 
     </span>
     <span class='ocr_line' id='line_1_63' title="bbox 1284 504 1556 536; baseline 0 0"><span class='ocrx_word' id='word_1_363' title='bbox 1284 504 1403 536; x_wconf 70' lang='lat' dir='ltr'>suisset</span> <span class='ocrx_word' id='word_1_364' title='bbox 1423 504 1556 536; x_wconf 84' lang='lat' dir='ltr'>consul.</span> 
     </span>
    </p>

    <p class='ocr_par' dir='ltr' id='par_1_22' title="bbox 1284 551 2273 1007">
     <span class='ocr_line' id='line_1_64' title="bbox 1387 551 2271 600; baseline -0.002 -13"><span class='ocrx_word' id='word_1_365' title='bbox 1387 553 1415 597; x_wconf 85' lang='lat'>3.</span> <span class='ocrx_word' id='word_1_366' title='bbox 1436 553 1495 588; x_wconf 82' lang='grc'>51.</span> <span class='ocrx_word' id='word_1_367' title='bbox 1523 551 1655 600; x_wconf 71' lang='lat' dir='ltr'>Itaque]</span> <span class='ocrx_word' id='word_1_368' title='bbox 1674 553 1802 586; x_wconf 70' lang='lat' dir='ltr'>scilicet</span> <span class='ocrx_word' id='word_1_369' title='bbox 1823 552 1903 597; x_wconf 86' lang='lat' dir='ltr'>quia</span> <span class='ocrx_word' id='word_1_370' title='bbox 1923 560 2062 587; x_wconf 75' lang='lat' dir='ltr'>senatus</span> <span class='ocrx_word' id='word_1_371' title='bbox 2079 553 2271 593; x_wconf 77' lang='lat' dir='ltr'>metuebat,</span> 
     </span>
     <span class='ocr_line' id='line_1_65' title="bbox 1284 604 2271 647; baseline -0.001 -10"><span class='ocrx_word' id='word_1_372' title='bbox 1284 617 1328 637; x_wconf 84' lang='lat' dir='ltr'>ne</span> <span class='ocrx_word' id='word_1_373' title='bbox 1355 606 1526 638; x_wconf 82' lang='lat' dir='ltr'>Catilinae</span> <span class='ocrx_word' id='word_1_374' title='bbox 1549 605 1801 647; x_wconf 77' lang='lat' dir='ltr'>sull&#39;ragaretur</span> <span class='ocrx_word' id='word_1_375' title='bbox 1827 604 1998 647; x_wconf 79' lang='lat' dir='ltr'>populus,</span> <span class='ocrx_word' id='word_1_376' title='bbox 2031 605 2058 637; x_wconf 82' lang='lat' dir='ltr'>si</span> <span class='ocrx_word' id='word_1_377' title='bbox 2083 618 2155 638; x_wconf 89' lang='lat' dir='ltr'>non</span> <span class='ocrx_word' id='word_1_378' title='bbox 2183 610 2271 637; x_wconf 81' lang='lat' dir='ltr'>esset</span> 
     </span>
     <span class='ocr_line' id='line_1_66' title="bbox 1285 653 2272 701; baseline -0.001 -14"><span class='ocrx_word' id='word_1_379' title='bbox 1285 656 1382 700; x_wconf 88' lang='lat' dir='ltr'>prius</span> <span class='ocrx_word' id='word_1_380' title='bbox 1407 669 1424 688; x_wconf 89' lang='lat' dir='ltr'>a</span> <span class='ocrx_word' id='word_1_381' title='bbox 1448 662 1571 689; x_wconf 77' lang='lat' dir='ltr'>senatu</span> <span class='ocrx_word' id='word_1_382' title='bbox 1593 661 1745 687; x_wconf 83' lang='lat' dir='ltr'>notatus.</span> <span class='ocrx_word' id='word_1_383' title='bbox 1851 653 2113 701; x_wconf 62' lang='lat' dir='ltr'>Aper-tissimus]</span> <span class='ocrx_word' id='word_1_384' title='bbox 2142 655 2272 688; x_wconf 87' lang='lat' dir='ltr'>scilicet</span> 
     </span>
     <span class='ocr_line' id='line_1_67' title="bbox 1629 702 2273 751; baseline 0.002 -13"><span class='ocrx_word' id='word_1_385' title='bbox 1629 702 1828 751; x_wconf 61' lang='lat' dir='ltr'>Itt)zecil⁷³)]</span> <span class='ocrx_word' id='word_1_386' title='bbox 1858 705 1892 737; x_wconf 76' lang='lat' dir='ltr'>Id</span> <span class='ocrx_word' id='word_1_387' title='bbox 1909 712 1976 744; x_wconf 84' lang='lat' dir='ltr'>cst,</span> <span class='ocrx_word' id='word_1_388' title='bbox 2005 706 2120 749; x_wconf 80' lang='lat' dir='ltr'>palam</span> <span class='ocrx_word' id='word_1_389' title='bbox 2139 706 2273 750; x_wconf 84' lang='lat' dir='ltr'>profes-</span> 
     </span>
     <span class='ocr_line' id='line_1_68' title="bbox 1285 756 2272 800; baseline -0.002 -9"><span class='ocrx_word' id='word_1_390' title='bbox 1285 771 1342 791; x_wconf 86' lang='lat' dir='ltr'>sus</span> <span class='ocrx_word' id='word_1_391' title='bbox 1367 765 1435 798; x_wconf 85' lang='lat' dir='ltr'>est,</span> <span class='ocrx_word' id='word_1_392' title='bbox 1473 771 1508 791; x_wconf 83' lang='lat' dir='ltr'>se</span> <span class='ocrx_word' id='word_1_393' title='bbox 1533 757 1664 789; x_wconf 82' lang='lat' dir='ltr'>minari</span> <span class='ocrx_word' id='word_1_394' title='bbox 1688 756 1903 800; x_wconf 81' lang='lat' dir='ltr'>reipublicae</span> <span class='ocrx_word' id='word_1_395' title='bbox 1929 763 1961 789; x_wconf 83' lang='lat' dir='ltr'>et</span> <span class='ocrx_word' id='word_1_396' title='bbox 1986 769 2132 799; x_wconf 74' lang='lat' dir='ltr'>magnos</span> <span class='ocrx_word' id='word_1_397' title='bbox 2155 762 2272 790; x_wconf 83' lang='lat' dir='ltr'>motus</span> 
     </span>
     <span class='ocr_line' id='line_1_69' title="bbox 1684 804 2273 853; baseline 0 -13"><span class='ocrx_word' id='word_1_398' title='bbox 1684 804 1818 853; x_wconf 73' lang='lat' dir='ltr'>Debile]</span> <span class='ocrx_word' id='word_1_399' title='bbox 1847 807 1974 840; x_wconf 88' lang='lat' dir='ltr'>scilicet</span> <span class='ocrx_word' id='word_1_400' title='bbox 1991 807 2115 841; x_wconf 86' lang='lat' dir='ltr'>bonos.</span> <span class='ocrx_word' id='word_1_401' title='bbox 2188 809 2273 842; x_wconf 73' lang='lat' dir='ltr'>Sine</span> 
     </span>
     <span class='ocr_line' id='line_1_70' title="bbox 1286 857 2273 906; baseline -0.002 -13"><span class='ocrx_word' id='word_1_402' title='bbox 1286 857 1407 906; x_wconf 69' lang='lat' dir='ltr'>capite]</span> <span class='ocrx_word' id='word_1_403' title='bbox 1436 861 1468 892; x_wconf 57' lang='lat' dir='ltr'>iil</span> <span class='ocrx_word' id='word_1_404' title='bbox 1488 865 1559 898; x_wconf 82' lang='lat' dir='ltr'>est,</span> <span class='ocrx_word' id='word_1_405' title='bbox 1587 859 1790 902; x_wconf 85' lang='lat' dir='ltr'>improbos,</span> <span class='ocrx_word' id='word_1_406' title='bbox 1819 858 2081 891; x_wconf 76' lang='lat' dir='ltr'>multitudinem</span> <span class='ocrx_word' id='word_1_407' title='bbox 2099 857 2273 891; x_wconf 86' lang='lat' dir='ltr'>videlicet.</span> 
     </span>
     <span class='ocr_line' id='line_1_71' title="bbox 1288 908 2272 957; baseline -0.002 -13"><span class='ocrx_word' id='word_1_408' title='bbox 1288 909 1495 957; x_wconf 70' lang='lat' dir='ltr'>Conyemuu]</span> <span class='ocrx_word' id='word_1_409' title='bbox 1538 910 1574 941; x_wconf 86' lang='lat' dir='ltr'>id</span> <span class='ocrx_word' id='word_1_410' title='bbox 1610 916 1680 948; x_wconf 87' lang='lat' dir='ltr'>est,</span> <span class='ocrx_word' id='word_1_411' title='bbox 1727 909 1784 941; x_wconf 88' lang='lat' dir='ltr'>illa</span> <span class='ocrx_word' id='word_1_412' title='bbox 1820 922 1888 941; x_wconf 78' lang='lat' dir='ltr'>vox</span> <span class='ocrx_word' id='word_1_413' title='bbox 1918 909 2096 952; x_wconf 81' lang='lat' dir='ltr'>displicuit</span> <span class='ocrx_word' id='word_1_414' title='bbox 2124 908 2272 943; x_wconf 86' lang='lat' dir='ltr'>senatui.</span> 
     </span>
     <span class='ocr_line' id='line_1_72' title="bbox 1286 958 2130 1007; baseline -0.004 -12"><span class='ocrx_word' id='word_1_415' title='bbox 1286 958 1415 1007; x_wconf 73' lang='lat' dir='ltr'>Ruina]</span> <span class='ocrx_word' id='word_1_416' title='bbox 1443 961 1573 995; x_wconf 82' lang='lat' dir='ltr'>scilicet</span> <span class='ocrx_word' id='word_1_417' title='bbox 1589 972 1661 992; x_wconf 88' lang='lat' dir='ltr'>non</span> <span class='ocrx_word' id='word_1_418' title='bbox 1677 959 1750 992; x_wconf 84' lang='lat' dir='ltr'>sine</span> <span class='ocrx_word' id='word_1_419' title='bbox 1767 959 1994 992; x_wconf 77' lang='lat' dir='ltr'>incommodo</span> <span class='ocrx_word' id='word_1_420' title='bbox 2012 960 2130 993; x_wconf 69' lang='lat' dir='ltr'>vicini.</span> 
     </span>
    </p>

    <p class='ocr_par' dir='ltr' id='par_1_23' title="bbox 1286 1008 2274 1146">
     <span class='ocr_line' id='line_1_73' title="bbox 1389 1008 2273 1057; baseline -0.002 -13"><span class='ocrx_word' id='word_1_421' title='bbox 1389 1012 1474 1056; x_wconf 86' lang='lat' dir='ltr'>Cap.</span> <span class='ocrx_word' id='word_1_422' title='bbox 1491 1010 1612 1044; x_wconf 67' lang='lat' dir='ltr'>XXVI.</span> <span class='ocrx_word' id='word_1_423' title='bbox 1639 1009 1668 1053; x_wconf 91' lang='lat'>3.</span> <span class='ocrx_word' id='word_1_424' title='bbox 1686 1008 1745 1044; x_wconf 76' lang='lat'>52.</span> <span class='ocrx_word' id='word_1_425' title='bbox 1771 1008 1970 1057; x_wconf 74' lang='lat' dir='ltr'>Commotus]</span> <span class='ocrx_word' id='word_1_426' title='bbox 1999 1011 2186 1043; x_wconf 79' lang='lat' dir='ltr'>scilicetne</span> <span class='ocrx_word' id='word_1_427' title='bbox 2204 1009 2273 1042; x_wconf 86' lang='lat' dir='ltr'>sus-</span> 
     </span>
     <span class='ocr_line' id='line_1_74' title="bbox 1286 1060 2274 1106; baseline -0.003 -11"><span class='ocrx_word' id='word_1_428' title='bbox 1286 1063 1511 1106; x_wconf 83' lang='lat' dir='ltr'>sragarentur</span> <span class='ocrx_word' id='word_1_429' title='bbox 1541 1061 1735 1100; x_wconf 77' lang='lat' dir='ltr'>Catilinae,</span> <span class='ocrx_word' id='word_1_430' title='bbox 1777 1061 1838 1093; x_wconf 84' lang='lat' dir='ltr'>sed</span> <span class='ocrx_word' id='word_1_431' title='bbox 1874 1061 1992 1105; x_wconf 89' lang='lat' dir='ltr'>potius</span> <span class='ocrx_word' id='word_1_432' title='bbox 2028 1067 2149 1093; x_wconf 87' lang='lat' dir='ltr'>contra</span> <span class='ocrx_word' id='word_1_433' title='bbox 2181 1060 2274 1093; x_wconf 88' lang='lat' dir='ltr'>Cati-</span> 
     </span>
     <span class='ocr_line' id='line_1_75' title="bbox 1286 1114 1408 1146; baseline 0.008 -1"><span class='ocrx_word' id='word_1_434' title='bbox 1286 1114 1408 1146; x_wconf 82' lang='lat' dir='ltr'>linam.</span> 
     </span>
    </p>

    <p class='ocr_par' dir='ltr' id='par_1_24' title="bbox 1286 1159 2275 1258">
     <span class='ocr_line' id='line_1_76' title="bbox 1390 1159 2275 1209; baseline -0.003 -12"><span class='ocrx_word' id='word_1_435' title='bbox 1390 1162 1419 1208; x_wconf 88' lang='lat'>3.</span> <span class='ocrx_word' id='word_1_436' title='bbox 1438 1161 1498 1196; x_wconf 81' lang='lat'>53.</span> <span class='ocrx_word' id='word_1_437' title='bbox 1525 1165 1658 1206; x_wconf 70' lang='lat' dir='ltr'>Mayna</span> <span class='ocrx_word' id='word_1_438' title='bbox 1674 1159 1738 1209; x_wconf 72' lang='lat' dir='ltr'>est]</span> <span class='ocrx_word' id='word_1_439' title='bbox 1769 1161 1956 1196; x_wconf 88' lang='lat' dir='ltr'>Conclusio</span> <span class='ocrx_word' id='word_1_440' title='bbox 1968 1189 1977 1203; x_wconf 93' lang='lat'>‚</span> <span class='ocrx_word' id='word_1_441' title='bbox 2005 1162 2041 1195; x_wconf 90' lang='lat' dir='ltr'>iu</span> <span class='ocrx_word' id='word_1_442' title='bbox 2059 1174 2126 1208; x_wconf 83' lang='lat' dir='ltr'>qua</span> <span class='ocrx_word' id='word_1_443' title='bbox 2142 1160 2275 1194; x_wconf 69' lang='lat' dir='ltr'>brevis-</span> 
     </span>
     <span class='ocr_line' id='line_1_77' title="bbox 1286 1213 1734 1258; baseline -0.002 -11"><span class='ocrx_word' id='word_1_444' title='bbox 1286 1214 1373 1248; x_wconf 87' lang='lat' dir='ltr'>sime</span> <span class='ocrx_word' id='word_1_445' title='bbox 1389 1214 1572 1258; x_wconf 82' lang='lat' dir='ltr'>superiora</span> <span class='ocrx_word' id='word_1_446' title='bbox 1596 1213 1734 1257; x_wconf 82' lang='lat' dir='ltr'>repetit.</span> 
     </span>
    </p>

    <p class='ocr_par' dir='ltr' id='par_1_25' title="bbox 1286 1261 2278 2179">
     <span class='ocr_line' id='line_1_78' title="bbox 1390 1261 2274 1311; baseline -0.006 -12"><span class='ocrx_word' id='word_1_447' title='bbox 1390 1264 1420 1309; x_wconf 83' lang='lat'>3.</span> <span class='ocrx_word' id='word_1_448' title='bbox 1436 1264 1496 1299; x_wconf 79' lang='grc'>54.</span> <span class='ocrx_word' id='word_1_449' title='bbox 1523 1267 1624 1299; x_wconf 75' lang='lat' dir='ltr'>Nunc</span> <span class='ocrx_word' id='word_1_450' title='bbox 1638 1265 1721 1298; x_wconf 71' lang='lat' dir='ltr'>milei</span> <span class='ocrx_word' id='word_1_451' title='bbox 1734 1266 1854 1298; x_wconf 72' lang='lat' dir='ltr'>tertius</span> <span class='ocrx_word' id='word_1_452' title='bbox 1872 1265 1927 1297; x_wconf 73' lang='lat' dir='ltr'>ille</span> <span class='ocrx_word' id='word_1_453' title='bbox 1942 1262 2045 1311; x_wconf 74' lang='lat' dir='ltr'>Iocus]</span> <span class='ocrx_word' id='word_1_454' title='bbox 2065 1263 2218 1309; x_wconf 87' lang='lat' dir='ltr'>Quintus</span> <span class='ocrx_word' id='word_1_455' title='bbox 2228 1261 2274 1307; x_wconf 79' lang='lat'>⁷⁶)</span> 
     </span>
     <span class='ocr_line' id='line_1_79' title="bbox 1286 1313 2275 1360; baseline -0.005 -11"><span class='ocrx_word' id='word_1_456' title='bbox 1286 1317 1383 1350; x_wconf 91' lang='lat' dir='ltr'>locus</span> <span class='ocrx_word' id='word_1_457' title='bbox 1400 1318 1441 1349; x_wconf 89' lang='lat' dir='ltr'>de</span> <span class='ocrx_word' id='word_1_458' title='bbox 1462 1316 1618 1355; x_wconf 84' lang='lat' dir='ltr'>ambitu,</span> <span class='ocrx_word' id='word_1_459' title='bbox 1646 1315 1683 1347; x_wconf 87' lang='lat' dir='ltr'>in</span> <span class='ocrx_word' id='word_1_460' title='bbox 1700 1326 1767 1360; x_wconf 87' lang='lat' dir='ltr'>qua</span> <span class='ocrx_word' id='word_1_461' title='bbox 1785 1314 1940 1358; x_wconf 87' lang='lat' dir='ltr'>primum</span> <span class='ocrx_word' id='word_1_462' title='bbox 1965 1316 2078 1347; x_wconf 75' lang='lat' dir='ltr'>elevat</span> <span class='ocrx_word' id='word_1_463' title='bbox 2104 1313 2275 1347; x_wconf 81' lang='lat' dir='ltr'>autorita-</span> 
     </span>
     <span class='ocr_line' id='line_1_80' title="bbox 1287 1363 2274 1412; baseline -0.005 -11"><span class='ocrx_word' id='word_1_464' title='bbox 1287 1375 1355 1401; x_wconf 86' lang='lat' dir='ltr'>tem</span> <span class='ocrx_word' id='word_1_465' title='bbox 1374 1379 1629 1412; x_wconf 83' lang='lat' dir='ltr'>personarum,</span> <span class='ocrx_word' id='word_1_466' title='bbox 1657 1378 1747 1411; x_wconf 83' lang='lat' dir='ltr'>quae</span> <span class='ocrx_word' id='word_1_467' title='bbox 1769 1373 1951 1405; x_wconf 79' lang='lat' dir='ltr'>accusant,</span> <span class='ocrx_word' id='word_1_468' title='bbox 1979 1379 2018 1398; x_wconf 89' lang='lat' dir='ltr'>ac</span> <span class='ocrx_word' id='word_1_469' title='bbox 2041 1365 2192 1398; x_wconf 73' lang='lat' dir='ltr'>maxime</span> <span class='ocrx_word' id='word_1_470' title='bbox 2211 1363 2274 1396; x_wconf 91' lang='lat' dir='ltr'>Ca-</span> 
     </span>
     <span class='ocr_line' id='line_1_81' title="bbox 1289 1417 2274 1464; baseline -0.005 -12"><span class='ocrx_word' id='word_1_471' title='bbox 1289 1419 1401 1459; x_wconf 86' lang='lat' dir='ltr'>tonis,</span> <span class='ocrx_word' id='word_1_472' title='bbox 1430 1431 1520 1464; x_wconf 83' lang='lat' dir='ltr'>quae</span> <span class='ocrx_word' id='word_1_473' title='bbox 1545 1418 1732 1450; x_wconf 80' lang='lat' dir='ltr'>videbatur</span> <span class='ocrx_word' id='word_1_474' title='bbox 1755 1428 1988 1460; x_wconf 75' lang='lat' dir='ltr'>praegravare</span> <span class='ocrx_word' id='word_1_475' title='bbox 2007 1417 2214 1455; x_wconf 81' lang='lat' dir='ltr'>Murenam,</span> <span class='ocrx_word' id='word_1_476' title='bbox 2241 1421 2274 1447; x_wconf 87' lang='lat' dir='ltr'>et</span> 
     </span>
     <span class='ocr_line' id='line_1_82' title="bbox 1289 1466 2276 1515; baseline -0.004 -12"><span class='ocrx_word' id='word_1_477' title='bbox 1289 1470 1439 1515; x_wconf 85' lang='lat' dir='ltr'>opponit</span> <span class='ocrx_word' id='word_1_478' title='bbox 1456 1470 1578 1503; x_wconf 88' lang='lat' dir='ltr'>Cicero</span> <span class='ocrx_word' id='word_1_479' title='bbox 1603 1469 1719 1501; x_wconf 87' lang='lat' dir='ltr'>Iocum</span> <span class='ocrx_word' id='word_1_480' title='bbox 1748 1480 1993 1507; x_wconf 86' lang='lat' dir='ltr'>communem,</span> <span class='ocrx_word' id='word_1_481' title='bbox 2029 1468 2122 1513; x_wconf 80' lang='lat' dir='ltr'>quod</span> <span class='ocrx_word' id='word_1_482' title='bbox 2147 1480 2200 1500; x_wconf 87' lang='lat' dir='ltr'>res</span> <span class='ocrx_word' id='word_1_483' title='bbox 2225 1466 2276 1499; x_wconf 88' lang='lat' dir='ltr'>iu—</span> 
     </span>
     <span class='ocr_line' id='line_1_83' title="bbox 1288 1517 2274 1562; baseline -0.003 -8"><span class='ocrx_word' id='word_1_484' title='bbox 1288 1522 1459 1554; x_wconf 86' lang='lat' dir='ltr'>dicandae</span> <span class='ocrx_word' id='word_1_485' title='bbox 1477 1521 1546 1554; x_wconf 88' lang='lat' dir='ltr'>siut</span> <span class='ocrx_word' id='word_1_486' title='bbox 1564 1532 1604 1552; x_wconf 80' lang='lat' dir='ltr'>cx</span> <span class='ocrx_word' id='word_1_487' title='bbox 1621 1532 1764 1552; x_wconf 87' lang='lat' dir='ltr'>reorum</span> <span class='ocrx_word' id='word_1_488' title='bbox 1784 1519 1936 1559; x_wconf 70' lang='lat' dir='ltr'>meritis,</span> <span class='ocrx_word' id='word_1_489' title='bbox 1965 1532 2037 1551; x_wconf 84' lang='lat' dir='ltr'>non</span> <span class='ocrx_word' id='word_1_490' title='bbox 2055 1531 2095 1551; x_wconf 74' lang='lat' dir='ltr'>ex</span> <span class='ocrx_word' id='word_1_491' title='bbox 2115 1517 2274 1562; x_wconf 84' lang='lat' dir='ltr'>personis</span> 
     </span>
     <span class='ocr_line' id='line_1_84' title="bbox 1289 1568 2276 1613; baseline -0.005 -8"><span class='ocrx_word' id='word_1_492' title='bbox 1289 1579 1546 1611; x_wconf 82' lang='lat' dir='ltr'>accusatorum,</span> <span class='ocrx_word' id='word_1_493' title='bbox 1575 1577 1608 1604; x_wconf 83' lang='lat' dir='ltr'>et</span> <span class='ocrx_word' id='word_1_494' title='bbox 1624 1571 1747 1603; x_wconf 85' lang='lat' dir='ltr'>recitat</span> <span class='ocrx_word' id='word_1_495' title='bbox 1762 1570 1931 1613; x_wconf 79' lang='lat' dir='ltr'>exempla.</span> <span class='ocrx_word' id='word_1_496' title='bbox 1971 1570 2044 1602; x_wconf 86' lang='lat' dir='ltr'>Iloc</span> <span class='ocrx_word' id='word_1_497' title='bbox 2060 1570 2138 1601; x_wconf 89' lang='lat' dir='ltr'>Ioco</span> <span class='ocrx_word' id='word_1_498' title='bbox 2158 1568 2276 1612; x_wconf 91' lang='lat' dir='ltr'>dispu-</span> 
     </span>
     <span class='ocr_line' id='line_1_85' title="bbox 1289 1619 2275 1656; baseline -0.003 -1"><span class='ocrx_word' id='word_1_499' title='bbox 1289 1624 1376 1655; x_wconf 86' lang='lat' dir='ltr'>tatio</span> <span class='ocrx_word' id='word_1_500' title='bbox 1402 1630 1452 1656; x_wconf 85' lang='lat' dir='ltr'>cst</span> <span class='ocrx_word' id='word_1_501' title='bbox 1476 1624 1517 1655; x_wconf 89' lang='lat' dir='ltr'>de</span> <span class='ocrx_word' id='word_1_502' title='bbox 1537 1621 1683 1654; x_wconf 84' lang='lat' dir='ltr'>ambitu.</span> <span class='ocrx_word' id='word_1_503' title='bbox 1741 1619 1829 1652; x_wconf 83' lang='lat' dir='ltr'>Illud</span> <span class='ocrx_word' id='word_1_504' title='bbox 1855 1620 1946 1652; x_wconf 75' lang='lat' dir='ltr'>enim</span> <span class='ocrx_word' id='word_1_505' title='bbox 1971 1621 2114 1653; x_wconf 87' lang='lat' dir='ltr'>unicum</span> <span class='ocrx_word' id='word_1_506' title='bbox 2140 1619 2275 1652; x_wconf 80' lang='lat' dir='ltr'>crimen</span> 
     </span>
     <span class='ocr_line' id='line_1_86' title="bbox 1288 1670 2277 1718; baseline -0.004 -12"><span class='ocrx_word' id='word_1_507' title='bbox 1288 1674 1372 1713; x_wconf 85' lang='lat' dir='ltr'>suit,</span> <span class='ocrx_word' id='word_1_508' title='bbox 1401 1675 1442 1705; x_wconf 88' lang='lat' dir='ltr'>de</span> <span class='ocrx_word' id='word_1_509' title='bbox 1467 1686 1536 1718; x_wconf 81' lang='lat' dir='ltr'>quo</span> <span class='ocrx_word' id='word_1_510' title='bbox 1561 1678 1740 1704; x_wconf 81' lang='lat' dir='ltr'>accusatus</span> <span class='ocrx_word' id='word_1_511' title='bbox 1758 1671 1906 1703; x_wconf 77' lang='lat' dir='ltr'>Murena</span> <span class='ocrx_word' id='word_1_512' title='bbox 1923 1672 2005 1710; x_wconf 76' lang='lat' dir='ltr'>luit,</span> <span class='ocrx_word' id='word_1_513' title='bbox 2034 1671 2129 1716; x_wconf 77' lang='lat' dir='ltr'>quod</span> <span class='ocrx_word' id='word_1_514' title='bbox 2146 1670 2277 1703; x_wconf 76' lang='lat' dir='ltr'>scilicet</span> 
     </span>
     <span class='ocr_line' id='line_1_87' title="bbox 1289 1721 2278 1767; baseline -0.004 -10"><span class='ocrx_word' id='word_1_515' title='bbox 1289 1724 1429 1758; x_wconf 82' lang='lat' dir='ltr'>emisset</span> <span class='ocrx_word' id='word_1_516' title='bbox 1451 1723 1629 1766; x_wconf 77' lang='lat' dir='ltr'>suffragia.</span> <span class='ocrx_word' id='word_1_517' title='bbox 1695 1722 1908 1767; x_wconf 84' lang='lat' dir='ltr'>Priusquam</span> <span class='ocrx_word' id='word_1_518' title='bbox 1940 1729 2058 1755; x_wconf 82' lang='lat' dir='ltr'>autem</span> <span class='ocrx_word' id='word_1_519' title='bbox 2088 1721 2278 1765; x_wconf 85' lang='lat' dir='ltr'>respondet</span> 
     </span>
     <span class='ocr_line' id='line_1_88' title="bbox 1289 1771 2276 1817; baseline -0.005 -9"><span class='ocrx_word' id='word_1_520' title='bbox 1289 1777 1331 1808; x_wconf 84' lang='lat' dir='ltr'>de</span> <span class='ocrx_word' id='word_1_521' title='bbox 1352 1775 1520 1814; x_wconf 82' lang='lat' dir='ltr'>crimine,</span> <span class='ocrx_word' id='word_1_522' title='bbox 1547 1775 1660 1807; x_wconf 73' lang='lat' dir='ltr'>elevat</span> <span class='ocrx_word' id='word_1_523' title='bbox 1677 1773 1903 1806; x_wconf 76' lang='lat' dir='ltr'>autoritatem</span> <span class='ocrx_word' id='word_1_524' title='bbox 1924 1784 2170 1817; x_wconf 82' lang='lat' dir='ltr'>personarum.</span> <span class='ocrx_word' id='word_1_525' title='bbox 2213 1771 2276 1804; x_wconf 89' lang='lat' dir='ltr'>Di-</span> 
     </span>
     <span class='ocr_line' id='line_1_89' title="bbox 1289 1822 2277 1868; baseline -0.004 -9"><span class='ocrx_word' id='word_1_526' title='bbox 1289 1827 1423 1859; x_wconf 68' lang='lat' dir='ltr'>visores</span> <span class='ocrx_word' id='word_1_527' title='bbox 1454 1825 1539 1858; x_wconf 81' lang='lat' dir='ltr'>dicti</span> <span class='ocrx_word' id='word_1_528' title='bbox 1563 1831 1664 1865; x_wconf 90' lang='lat' dir='ltr'>sunt,</span> <span class='ocrx_word' id='word_1_529' title='bbox 1709 1823 1769 1868; x_wconf 89' lang='lat' dir='ltr'>qui</span> <span class='ocrx_word' id='word_1_530' title='bbox 1802 1824 2060 1857; x_wconf 83' lang='lat' dir='ltr'>distribuebant</span> <span class='ocrx_word' id='word_1_531' title='bbox 2089 1822 2277 1867; x_wconf 72' lang='lat' dir='ltr'>pecunizlm</span> 
     </span>
     <span class='ocr_line' id='line_1_90' title="bbox 1290 1874 2277 1920; baseline -0.004 -10"><span class='ocrx_word' id='word_1_532' title='bbox 1290 1878 1561 1910; x_wconf 80' lang='lat' dir='ltr'>candidatorum</span> <span class='ocrx_word' id='word_1_533' title='bbox 1590 1876 1625 1907; x_wconf 92' lang='lat' dir='ltr'>in</span> <span class='ocrx_word' id='word_1_534' title='bbox 1651 1875 1796 1917; x_wconf 74' lang='lat' dir='ltr'>singulis</span> <span class='ocrx_word' id='word_1_535' title='bbox 1819 1875 1998 1914; x_wconf 80' lang='lat' dir='ltr'>tribubus,</span> <span class='ocrx_word' id='word_1_536' title='bbox 2026 1886 2094 1920; x_wconf 83' lang='lat' dir='ltr'>qua</span> <span class='ocrx_word' id='word_1_537' title='bbox 2113 1874 2277 1906; x_wconf 63' lang='lat' dir='ltr'>emeban-</span> 
     </span>
     <span class='ocr_line' id='line_1_91' title="bbox 1291 1925 2277 1971; baseline -0.004 -10"><span class='ocrx_word' id='word_1_538' title='bbox 1291 1936 1347 1961; x_wconf 89' lang='lat' dir='ltr'>tur</span> <span class='ocrx_word' id='word_1_539' title='bbox 1379 1928 1545 1971; x_wconf 79' lang='lat' dir='ltr'>suffragia</span> <span class='ocrx_word' id='word_1_540' title='bbox 1573 1925 1821 1959; x_wconf 85' lang='lat' dir='ltr'>multitudinis.</span> <span class='ocrx_word' id='word_1_541' title='bbox 1888 1926 2034 1959; x_wconf 83' lang='lat' dir='ltr'>Plautus</span> <span class='ocrx_word' id='word_1_542' title='bbox 2066 1926 2101 1957; x_wconf 90' lang='lat' dir='ltr'>in</span> <span class='ocrx_word' id='word_1_543' title='bbox 2131 1925 2277 1958; x_wconf 84' lang='lat' dir='ltr'>Aulula-</span> 
     </span>
     <span class='ocr_line' id='line_1_92' title="bbox 1291 1972 2278 2025; baseline -0.005 -13"><span class='ocrx_word' id='word_1_544' title='bbox 1291 1980 1341 2013; x_wconf 87' lang='lat' dir='ltr'>ria</span> <span class='ocrx_word' id='word_1_545' title='bbox 1355 1980 1400 2025; x_wconf 91' lang='grc'>77)</span> <span class='ocrx_word' id='word_1_546' title='bbox 1419 1981 1542 2012; x_wconf 84' lang='lat' dir='ltr'>eodem</span> <span class='ocrx_word' id='word_1_547' title='bbox 1561 1977 1707 2011; x_wconf 88' lang='lat' dir='ltr'>nomine</span> <span class='ocrx_word' id='word_1_548' title='bbox 1724 1989 1805 2010; x_wconf 87' lang='lat' dir='ltr'>usus</span> <span class='ocrx_word' id='word_1_549' title='bbox 1822 1983 1882 2010; x_wconf 81' lang='lat' dir='ltr'>est.</span> <span class='ocrx_word' id='word_1_550' title='bbox 1961 1972 2118 2022; x_wconf 72' lang='lat' dir='ltr'>Iudiciis]</span> <span class='ocrx_word' id='word_1_551' title='bbox 2146 1975 2278 2010; x_wconf 74' lang='lat' dir='ltr'>scilicet</span> 
     </span>
     <span class='ocr_line' id='line_1_93' title="bbox 1291 2025 2278 2077; baseline -0.005 -13"><span class='ocrx_word' id='word_1_552' title='bbox 1291 2031 1387 2077; x_wconf 84' lang='lat' dir='ltr'>quod</span> <span class='ocrx_word' id='word_1_553' title='bbox 1410 2031 1581 2063; x_wconf 75' lang='lat' dir='ltr'>divisores</span> <span class='ocrx_word' id='word_1_554' title='bbox 1605 2041 1639 2062; x_wconf 91' lang='lat' dir='ltr'>se</span> <span class='ocrx_word' id='word_1_555' title='bbox 1662 2029 1756 2072; x_wconf 89' lang='lat' dir='ltr'>ipsos</span> <span class='ocrx_word' id='word_1_556' title='bbox 1780 2028 2022 2071; x_wconf 78' lang='lat' dir='ltr'>prodiderint,</span> <span class='ocrx_word' id='word_1_557' title='bbox 2065 2033 2126 2059; x_wconf 79' lang='lat' dir='ltr'>aut</span> <span class='ocrx_word' id='word_1_558' title='bbox 2146 2025 2278 2071; x_wconf 83' lang='lat' dir='ltr'>perditi</span> 
     </span>
     <span class='ocr_line' id='line_1_94' title="bbox 1291 2075 2275 2126; baseline -0.005 -12"><span class='ocrx_word' id='word_1_559' title='bbox 1291 2084 1371 2116; x_wconf 86' lang='lat' dir='ltr'>sint.</span> <span class='ocrx_word' id='word_1_560' title='bbox 1448 2076 1615 2126; x_wconf 76' lang='lat' dir='ltr'>Sulpicio]</span> <span class='ocrx_word' id='word_1_561' title='bbox 1653 2079 1784 2112; x_wconf 82' lang='lat' dir='ltr'>scillcet</span> <span class='ocrx_word' id='word_1_562' title='bbox 1809 2079 1879 2111; x_wconf 83' lang='lat' dir='ltr'>filio</span> <span class='ocrx_word' id='word_1_563' title='bbox 1891 2078 1948 2124; x_wconf 70' lang='lat'>7³).</span> <span class='ocrx_word' id='word_1_564' title='bbox 2028 2075 2213 2125; x_wconf 75' lang='lat' dir='ltr'>Centuriis]</span> <span class='ocrx_word' id='word_1_565' title='bbox 2239 2076 2275 2109; x_wconf 86' lang='lat' dir='ltr'>id</span> 
     </span>
     <span class='ocr_line' id='line_1_95' title="bbox 1292 2129 1937 2179; baseline -0.006 -12"><span class='ocrx_word' id='word_1_566' title='bbox 1292 2140 1362 2174; x_wconf 87' lang='lat' dir='ltr'>est,</span> <span class='ocrx_word' id='word_1_567' title='bbox 1390 2133 1486 2178; x_wconf 88' lang='lat' dir='ltr'>quod</span> <span class='ocrx_word' id='word_1_568' title='bbox 1503 2132 1559 2164; x_wconf 85' lang='lat' dir='ltr'>ille</span> <span class='ocrx_word' id='word_1_569' title='bbox 1577 2129 1777 2174; x_wconf 89' lang='lat' dir='ltr'>corruperit</span> <span class='ocrx_word' id='word_1_570' title='bbox 1793 2129 1937 2179; x_wconf 82' lang='lat' dir='ltr'>equites.</span> 
     </span>
    </p>

    <p class='ocr_par' dir='ltr' id='par_1_26' title="bbox 1292 2185 2277 2388">
     <span class='ocr_line' id='line_1_96' title="bbox 1394 2185 2276 2236; baseline -0.008 -11"><span class='ocrx_word' id='word_1_571' title='bbox 1394 2192 1480 2236; x_wconf 79' lang='lat' dir='ltr'>Cap.</span> <span class='ocrx_word' id='word_1_572' title='bbox 1506 2188 1644 2224; x_wconf 79' lang='lat' dir='ltr'>XXVII.</span> <span class='ocrx_word' id='word_1_573' title='bbox 1678 2188 1707 2233; x_wconf 87' lang='lat'>3.</span> <span class='ocrx_word' id='word_1_574' title='bbox 1730 2187 1790 2223; x_wconf 84' lang='lat'>55.</span> <span class='ocrx_word' id='word_1_575' title='bbox 1834 2191 1902 2224; x_wconf 86' lang='lat' dir='ltr'>Sed</span> <span class='ocrx_word' id='word_1_576' title='bbox 1927 2186 2051 2235; x_wconf 78' lang='lat' dir='ltr'>pauca]</span> <span class='ocrx_word' id='word_1_577' title='bbox 2093 2185 2276 2221; x_wconf 82' lang='lat' dir='ltr'>Generalis</span> 
     </span>
     <span class='ocr_line' id='line_1_97' title="bbox 1293 2237 2275 2290; baseline -0.007 -14"><span class='ocrx_word' id='word_1_578' title='bbox 1293 2245 1468 2290; x_wconf 75' lang='lat' dir='ltr'>quaedam</span> <span class='ocrx_word' id='word_1_579' title='bbox 1501 2242 1661 2287; x_wconf 87' lang='lat' dir='ltr'>querela:</span> <span class='ocrx_word' id='word_1_580' title='bbox 1702 2241 1763 2274; x_wconf 67' lang='lat' dir='ltr'>list</span> <span class='ocrx_word' id='word_1_581' title='bbox 1785 2241 1942 2284; x_wconf 79' lang='lat' dir='ltr'>profecto</span> <span class='ocrx_word' id='word_1_582' title='bbox 1967 2239 2092 2272; x_wconf 86' lang='lat' dir='ltr'>misera</span> <span class='ocrx_word' id='word_1_583' title='bbox 2118 2237 2275 2271; x_wconf 88' lang='lat' dir='ltr'>conditio</span> 
     </span>
     <span class='ocr_line' id='line_1_98' title="bbox 1292 2287 2277 2339; baseline -0.008 -11"><span class='ocrx_word' id='word_1_584' title='bbox 1292 2307 1435 2334; x_wconf 87' lang='lat' dir='ltr'>eorum,</span> <span class='ocrx_word' id='word_1_585' title='bbox 1463 2294 1525 2339; x_wconf 87' lang='lat' dir='ltr'>qui</span> <span class='ocrx_word' id='word_1_586' title='bbox 1540 2294 1711 2325; x_wconf 88' lang='lat' dir='ltr'>accedunt</span> <span class='ocrx_word' id='word_1_587' title='bbox 1736 2293 1779 2325; x_wconf 89' lang='lat' dir='ltr'>ad</span> <span class='ocrx_word' id='word_1_588' title='bbox 1802 2291 2075 2335; x_wconf 86' lang='lat' dir='ltr'>rempublicam,</span> <span class='ocrx_word' id='word_1_589' title='bbox 2110 2288 2193 2334; x_wconf 89' lang='lat' dir='ltr'>quia</span> <span class='ocrx_word' id='word_1_590' title='bbox 2219 2287 2277 2320; x_wconf 86' lang='lat' dir='ltr'>ille</span> 
     </span>
     <span class='ocr_line' id='line_1_99' title="bbox 1293 2339 2277 2388; baseline -0.007 -9"><span class='ocrx_word' id='word_1_591' title='bbox 1293 2346 1443 2379; x_wconf 85' lang='lat' dir='ltr'>Murena</span> <span class='ocrx_word' id='word_1_592' title='bbox 1462 2345 1533 2377; x_wconf 84' lang='lat' dir='ltr'>iam</span> <span class='ocrx_word' id='word_1_593' title='bbox 1552 2344 1707 2388; x_wconf 82' lang='lat' dir='ltr'>primum</span> <span class='ocrx_word' id='word_1_594' title='bbox 1737 2349 1882 2375; x_wconf 81' lang='lat' dir='ltr'>conatus</span> <span class='ocrx_word' id='word_1_595' title='bbox 1906 2341 2091 2375; x_wconf 84' lang='lat' dir='ltr'>ascendere</span> <span class='ocrx_word' id='word_1_596' title='bbox 2115 2339 2277 2384; x_wconf 82' lang='lat' dir='ltr'>gradum,</span> 
     </span>
    </p>
   </div>
   <div class='ocr_carea' id='block_1_15' title="bbox 1691 299 2267 349">
    <p class='ocr_par' dir='ltr' id='par_1_27' title="bbox 1691 299 2267 349">
     <span class='ocr_line' id='line_1_100' title="bbox 1691 299 2267 349; baseline 0.002 -15"><span class='ocrx_word' id='word_1_597' title='bbox 1691 299 1824 349; x_wconf 73' lang='lat' dir='ltr'>Vultus]</span> <span class='ocrx_word' id='word_1_598' title='bbox 1855 301 2092 346; x_wconf 70' lang='lat' dir='ltr'>Ampliiicatio</span> <span class='ocrx_word' id='word_1_599' title='bbox 2118 313 2137 333; x_wconf 78' lang='lat' dir='ltr'>a</span> <span class='ocrx_word' id='word_1_600' title='bbox 2159 300 2267 345; x_wconf 80' lang='lat' dir='ltr'>signis</span> 
     </span>
    </p>
   </div>
   <div class='ocr_carea' id='block_1_16' title="bbox 1286 707 1549 739">
    <p class='ocr_par' dir='ltr' id='par_1_28' title="bbox 1286 707 1549 739">
     <span class='ocr_line' id='line_1_101' title="bbox 1286 707 1549 739; baseline 0.004 -1"><span class='ocrx_word' id='word_1_601' title='bbox 1286 707 1549 739; x_wconf 75' lang='lat' dir='ltr'>audacissimus.</span> 
     </span>
    </p>
   </div>
   <div class='ocr_carea' id='block_1_17' title="bbox 1287 809 1620 842">
    <p class='ocr_par' dir='ltr' id='par_1_29' title="bbox 1287 809 1620 842">
     <span class='ocr_line' id='line_1_102' title="bbox 1287 809 1620 842; baseline 0.003 -2"><span class='ocrx_word' id='word_1_602' title='bbox 1287 809 1516 842; x_wconf 77' lang='lat' dir='ltr'>excitaturum</span> <span class='ocrx_word' id='word_1_603' title='bbox 1537 820 1620 841; x_wconf 84' lang='lat' dir='ltr'>esse.</span> 
     </span>
    </p>
   </div>
   <div class='ocr_carea' id='block_1_18' title="bbox 1325 2453 2275 2609">
    <p class='ocr_par' dir='ltr' id='par_1_30' title="bbox 1325 2453 2153 2488">
     <span class='ocr_line' id='line_1_103' title="bbox 1325 2453 2153 2488; baseline -0.01 -3"><span class='ocrx_word' id='word_1_604' title='bbox 1325 2461 1374 2488; x_wconf 76' lang='lat'>75)</span> <span class='ocrx_word' id='word_1_605' title='bbox 1396 2459 1514 2487; x_wconf 73' lang='lat' dir='ltr'>lnnuit]</span> <span class='ocrx_word' id='word_1_606' title='bbox 1535 2457 1576 2482; x_wconf 88' lang='lat' dir='ltr'>sic</span> <span class='ocrx_word' id='word_1_607' title='bbox 1594 2457 1642 2481; x_wconf 86' lang='lat' dir='ltr'>Ed.</span> <span class='ocrx_word' id='word_1_608' title='bbox 1657 2457 1728 2479; x_wconf 60' lang='lat'>556⁸.</span> <span class='ocrx_word' id='word_1_609' title='bbox 1749 2457 1776 2479; x_wconf 81' lang='lat' dir='ltr'>et</span> <span class='ocrx_word' id='word_1_610' title='bbox 1794 2456 1846 2480; x_wconf 62' lang='lat' dir='ltr'>ab:</span> <span class='ocrx_word' id='word_1_611' title='bbox 1872 2454 1920 2477; x_wconf 57' lang='lat' dir='ltr'>Ed,</span> <span class='ocrx_word' id='word_1_612' title='bbox 1944 2453 2029 2477; x_wconf 76' lang='lat' dir='ltr'>Oreii.</span> <span class='ocrx_word' id='word_1_613' title='bbox 2049 2453 2153 2477; x_wconf 74' lang='lat' dir='ltr'>induit.</span> 
     </span>
    </p>

    <p class='ocr_par' dir='ltr' id='par_1_31' title="bbox 1327 2494 2275 2564">
     <span class='ocr_line' id='line_1_104' title="bbox 1327 2494 2275 2532; baseline -0.009 -5"><span class='ocrx_word' id='word_1_614' title='bbox 1327 2504 1374 2531; x_wconf 76' lang='lat'>76)</span> <span class='ocrx_word' id='word_1_615' title='bbox 1397 2503 1529 2532; x_wconf 78' lang='lat' dir='ltr'>Quintus]</span> <span class='ocrx_word' id='word_1_616' title='bbox 1550 2501 1574 2523; x_wconf 91' lang='lat' dir='ltr'>in</span> <span class='ocrx_word' id='word_1_617' title='bbox 1596 2501 1643 2523; x_wconf 77' lang='lat' dir='ltr'>Ed.</span> <span class='ocrx_word' id='word_1_618' title='bbox 1662 2499 1734 2522; x_wconf 67' lang='lat'>1568.</span> <span class='ocrx_word' id='word_1_619' title='bbox 1756 2497 1814 2521; x_wconf 85' lang='lat' dir='ltr'>huic</span> <span class='ocrx_word' id='word_1_620' title='bbox 1832 2496 1892 2519; x_wconf 79' lang='lat' dir='ltr'>voci</span> <span class='ocrx_word' id='word_1_621' title='bbox 1918 2496 2038 2519; x_wconf 77' lang='lat' dir='ltr'>auctoris</span> <span class='ocrx_word' id='word_1_622' title='bbox 2064 2502 2161 2520; x_wconf 82' lang='lat' dir='ltr'>nomen</span> <span class='ocrx_word' id='word_1_623' title='bbox 2181 2494 2275 2526; x_wconf 64' lang='lat' dir='ltr'>„mxii</span> 
     </span>
     <span class='ocr_line' id='line_1_105' title="bbox 1360 2534 1759 2564; baseline -0.015 -4"><span class='ocrx_word' id='word_1_624' title='bbox 1360 2534 1516 2560; x_wconf 51' lang='lat' dir='ltr'>Melani-hs*</span> <span class='ocrx_word' id='word_1_625' title='bbox 1540 2535 1690 2564; x_wconf 77' lang='lat' dir='ltr'>praefixum</span> <span class='ocrx_word' id='word_1_626' title='bbox 1708 2534 1759 2555; x_wconf 80' lang='lat' dir='ltr'>cst.</span> 
     </span>
    </p>

    <p class='ocr_par' dir='ltr' id='par_1_32' title="bbox 1327 2575 1742 2609">
     <span class='ocr_line' id='line_1_106' title="bbox 1327 2575 1742 2609; baseline -0.017 -5"><span class='ocrx_word' id='word_1_627' title='bbox 1327 2581 1374 2609; x_wconf 88' lang='grc'>77)</span> <span class='ocrx_word' id='word_1_628' title='bbox 1395 2581 1481 2603; x_wconf 85' lang='lat' dir='ltr'>l&#39;laut.</span> <span class='ocrx_word' id='word_1_629' title='bbox 1501 2578 1590 2602; x_wconf 81' lang='lat' dir='ltr'>Aului.</span> <span class='ocrx_word' id='word_1_630' title='bbox 1612 2578 1636 2605; x_wconf 85' lang='grc'>1,</span> <span class='ocrx_word' id='word_1_631' title='bbox 1655 2576 1680 2606; x_wconf 86' lang='grc'>3,</span> <span class='ocrx_word' id='word_1_632' title='bbox 1699 2575 1742 2598; x_wconf 85' lang='grc'>30.</span> 
     </span>
    </p>
   </div>
   <div class='ocr_carea' id='block_1_19' title="bbox 1327 2613 2276 2685">
    <p class='ocr_par' dir='ltr' id='par_1_33' title="bbox 1327 2613 2276 2685">
     <span class='ocr_line' id='line_1_107' title="bbox 1327 2613 2276 2650; baseline -0.011 -4"><span class='ocrx_word' id='word_1_633' title='bbox 1327 2623 1374 2650; x_wconf 69' lang='grc'>78)</span> <span class='ocrx_word' id='word_1_634' title='bbox 1395 2624 1454 2645; x_wconf 73' lang='lat' dir='ltr'>scr.</span> <span class='ocrx_word' id='word_1_635' title='bbox 1474 2620 1610 2650; x_wconf 67' lang='lat' dir='ltr'>Sulpicius</span> <span class='ocrx_word' id='word_1_636' title='bbox 1631 2617 1735 2643; x_wconf 75' lang='lat' dir='ltr'>nurus,</span> <span class='ocrx_word' id='word_1_637' title='bbox 1755 2616 1813 2639; x_wconf 81' lang='lat' dir='ltr'>Ser.</span> <span class='ocrx_word' id='word_1_638' title='bbox 1834 2614 1943 2643; x_wconf 51' lang='lat' dir='ltr'>&lt;nivini</span> <span class='ocrx_word' id='word_1_639' title='bbox 1963 2614 2107 2639; x_wconf 74' lang='lat' dir='ltr'>Lemoniae</span> <span class='ocrx_word' id='word_1_640' title='bbox 2120 2613 2180 2638; x_wconf 72' lang='lat' dir='ltr'>Rufi</span> <span class='ocrx_word' id='word_1_641' title='bbox 2195 2613 2276 2643; x_wconf 68' lang='lat' dir='ltr'>fitius,</span> 
     </span>
     <span class='ocr_line' id='line_1_108' title="bbox 1363 2649 1947 2685; baseline -0.012 -6"><span class='ocrx_word' id='word_1_642' title='bbox 1363 2656 1535 2685; x_wconf 74' lang='lat' dir='ltr'>subscriptor</span> <span class='ocrx_word' id='word_1_643' title='bbox 1554 2650 1738 2679; x_wconf 62' lang='lat' dir='ltr'>accusationis</span> <span class='ocrx_word' id='word_1_644' title='bbox 1759 2650 1789 2673; x_wconf 78' lang='lat' dir='ltr'>h.</span> <span class='ocrx_word' id='word_1_645' title='bbox 1808 2649 1947 2672; x_wconf 73' lang='lat' dir='ltr'>Murenae.</span> 
     </span>
    </p>
   </div>
  </div>
 </body>
</html>
