2347 3000
182 123 254 156 519
751 112 873 148 Pnn..
908 111 1021 147 Misi..
1056 109 1259 145 scnium
1292 111 1626 148 PniLOLocch.
2120 114 2194 150 620

351 203 438 241 epist.
469 211 498 238 p.
520 198 672 229 4-159,
695 199 755 226 Cic.
780 198 818 225 de
841 196 917 225 ossie.
950 207 980 234 p.
1003 194 1196 226 160—198.
1218 196 1278 225 Cic.
1301 196 1429 226 Laelius.
1459 207 1488 235 p.
1506 195 1702 227 199—234.
1726 197 1784 226 Cic.
1809 196 1879 224 Cato
1901 196 2002 224 Maior.
2039 205 2069 233 p.
2091 196 2196 228 235-

353 245 427 276 25-1.
451 245 511 271 Cic.
535 243 690 280 paradoxa.
720 251 748 277 p.
773 237 965 269 255—264.
990 240 1049 266 (ie.
1072 239 1213 266 somnium
1236 239 1317 275 Scip.
1359 237 1399 268 31
1423 240 1485 268 foll.
1516 250 1572 268 non
1597 249 1675 267 num.
1699 240 1755 267 'sli-
1779 240 1878 266 Gazae
1902 239 1930 266 in
1955 238 2003 266 lib.
2027 238 2064 267 de
2087 247 2195 270 senect.

352 295 381 316 et
404 296 494 314 somn.
519 285 595 320 Scip.
621 283 758 311 traductio
783 290 896 317 graeca.
942 281 1053 319 penult.
1078 290 1143 317 pag.
1168 289 1245 315 vac„
1267 281 1320 308 ult.
1343 281 1503 318 gryphum,
1535 282 1705 319 typothetae
1736 282 1916 318 syiiilmliiin,
1939 278 2031 319 cont.)

310 329 357 361 M.
383 328 488 358 Tullii
513 325 677 354 Ciceronis
702 319 907 361 Ofslciorum
939 321 1020 351 libri
1042 320 1114 351 III.
1153 319 1265 360 Opera
1298 326 1330 350 et
1353 321 1535 359 diligentia
1570 321 1796 364 Vuolff'gangi
1816 320 2014 360 Anenioecij
2037 331 2082 350 ex
2104 326 2198 351 uetu-

353 372 493 400 stissimo
516 366 640 400 codice,
664 365 841 403 plusquam
865 366 901 393 in
917 370 1047 393 centum
1077 365 1157 393 locis
1180 365 1342 400 castigati
1362 370 1460 402 atque
1482 367 1644 400 restituti,
1667 365 1807 394 adiectis
1837 366 1936 393 ctiam
1967 364 2005 392 de
2025 362 2200 402 Amicitia,

356 415 395 442 de
419 412 609 443 Senectute,
633 412 732 445 atque
756 407 966 442 t’arado.1·is,
991 416 1059 435 una
1082 416 1155 436 cum
1178 405 1328 443 Dialogo
1353 405 1561 445 Anemoecij,
1582 409 1616 435 in
1640 416 1703 445 quo
1726 407 1836 436 reddit
1860 409 2020 435 rationem
2041 417 2102 435 cur
2125 407 2200 436 illos

355 456 438 484 locos
463 451 656 480 niutaucrit.
703 448 823 478 Omnia
849 449 1008 487 vigilanti
1029 458 1111 478 cura
1132 450 1326 487 recognita,
1347 459 1409 487 per
1430 448 1641 477 Desiderium
1670 448 1847 477 Erasmum
1877 447 2131 478 Roteroilamum
2168 453 2200 478 et

356 494 542 526 Conradum
567 490 774 527 Goclcnium,
796 492 922 530 passim
947 493 1047 520 etiam
1071 490 1227 530 Philippi
1247 490 1516 520 ,Melanchthonis
1544 489 1676 520 scholiis
1699 493 1871 529 appositis.
1911 490 2073 526 Coloniae,
2095 490 2204 529 ,Apud

353 538 513 568 loannem
541 534 746 574 Gymnicum,
774 534 842 564 sin.
874 534 922 564 M.
940 534 985 564 D.
1002 532 1211 565 XXXVII.
1241 533 1287 571 (ct
1315 532 1362 563 M.
1377 532 1422 562 D.
1443 532 1692 567 XXXVIII„
1723 534 1870 561 Ciceronis
1900 535 1976 561 enim
2007 535 2045 562 de
2077 535 2202 562 amicitia

356 583 447 614 liber,
478 579 526 616 qui
555 579 584 605 in
616 578 699 605 huius
728 577 861 605 editionis
892 585 976 615 parte
1007 584 1140 606 extrema
1169 577 1349 611 continetur,
1383 577 1410 603 in
1443 577 1538 603 indice
1566 576 1642 604 huuc
1675 585 1816 603 annorum
1840 584 1991 603 numerum
2015 576 2126 615 habet.)
2171 575 2204 605 8.

355 622 443 659 24¹&
464 622 563 658 plagg.
615 618 699 658 (pag.
728 617 836 648 3-9.
864 620 975 648 Erasini
1006 625 1035 647 et
1063 619 1262 647 Melautlionis
1286 618 1378 655 praes.
1402 619 1430 645 in
1454 618 1558 655 Ossia,
1585 628 1616 656 p.
1639 616 1808 647 10—227.
1840 617 1942 646 Officia
1965 619 2023 646 Cic.
2053 628 2117 646 cuin
2148 627 2203 646 an-

356 670 460 693 notatt.
485 663 597 690 Erasini
620 669 649 689 et
673 662 885 698 Melaiiitlionis,
906 660 927 690 3
951 671 1036 699 pagg.
1060 670 1116 688 non
1141 670 1220 689 num.
1244 659 1354 695 Index,
1381 659 1419 688 19
1444 670 1531 697 pagg.
1555 670 1611 688 non
1635 669 1715 688 nuin.
1738 660 1903 688 Aneinoecii
1926 659 2056 694 dialogus
2079 661 2204 697 castiga-

352 709 474 736 tionum.
519 704 634 732 Deinde
666 713 729 730 cuin
753 705 869 741 propi-io
903 704 1013 731 indice:
1043 703 1193 730 Ciceronis
1222 702 1295 730 liber
1324 703 1361 729 de
1390 708 1551 730 senectute.
1597 702 1670 729 Cnin
1698 708 1839 730 annotatt.
1864 702 1976 728 Erasini
2006 701 2205 729 Roterodami.

357 748 430 777 lbid.
455 745 547 776 1537.
576 744 616 774 31
641 745 703 774 soil.
728 756 783 773 non
808 755 887 773 nuin.
910 746 1061 773 l’aradoxa
1083 745 1144 773 Cic.
1174 754 1238 772 cum
1270 749 1410 772 annotatt.
1440 744 1477 772 D.
1507 744 1619 772 Erasmi
1641 745 1709 772 Rot.
1743 744 1855 772 Additis
1884 743 1911 769 in
1936 744 2066 779 margine
2090 743 2206 771 scholiis

355 791 469 820 artificii
496 788 598 817 Barth.
628 788 747 816 Latomo
777 788 932 815 Arlunensi
963 793 1073 815 autore.
1105 786 1145 816 14
1173 787 1236 815 soll.
1271 796 1325 814 noo
1358 796 1436 814 num.
1467 786 1601 824 Denique
1624 795 1688 814 cuin
1711 787 1828 823 proprio
1858 785 1967 813 iiidice:
1990 786 2048 813 cic.
2074 786 2146 814 liber
2169 785 2207 813 de

357 833 493 862 amicitia.
529 832 601 859 Cum
624 835 766 859 annotatt.
789 830 825 857 D.
848 830 959 857 Erasini
982 830 1049 857 Rot.
1073 835 1103 857 et
1125 829 1281 858 Melanclit.
1307 828 1377 857 lbid.
1404 826 1496 857 1538.
1540 828 1583 857 28
1603 828 1666 856 soll.
1691 838 1746 856 non
1771 825 1866 864 nuin.)

314 878 378 898 *—
402 870 546 912 Officia,
569 871 748 908 diligenter
763 872 928 900 restituta.
972 870 1128 900 Eiusdem
1151 870 1190 898 de
1211 869 1375 899 ,Amicitia
1399 875 1429 898 et
1452 868 1624 898 Senectute
1654 869 1785 906 dialogi
1807 868 1951 905 sing-uli.-
1982 866 2069 896 Item
2096 866 2206 897 Para-

358 917 468 950 do.1·a,
492 920 523 943 et
545 912 714 943 Somnium
738 913 924 951 Scipionis:
950 911 1026 942 Cum
1051 911 1321 942 annotationibus
1347 911 1484 941 Erasmt
1504 910 1732 946 Roterodami,
1762 916 1793 939 et
1815 909 1967 949 Philippi
1979 908 2207 940 Jlelanctitho-

360 961 422 988 nis.
465 956 569 991 Item,
590 955 754 985 Annotat.
778 954 1030 984 Bartholomaei
1051 955 1187 984 Latomi
1212 957 1246 983 in
1268 954 1466 984 Paradoxa.
1512 952 1674 990 Parisiis,
1695 953 1803 993 ,Apud
1826 952 1990 982 Simonem
2017 952 2207 982 Colinaeum

360 1000 455 1032 1538.
499 1000 529 1029 8.
576 999 611 1035 (8
634 999 697 1027 soll.
727 1009 784 1026 non
808 1009 886 1027 num.
911 1004 939 1027 et
964 997 1025 1028 180
1047 998 1109 1026 soll.
1133 997 1229 1036 num.)

318 1061 409 1066 --
422 1042 540 1081 (Index,
555 1042 621 1068 utin
632 1039 910 1075 Ed.(·010n.1537.)
925 1051 946 1069 S.
957 1042 974 1069 l.
985 1041 1123 1078 [Lipsiae]
1134 1038 1192 1068 Ea·
1200 1036 1345 1078 officina
1356 1036 1609 1078 typographgsca
1619 1035 1754 1065 Nicolai
1764 1035 1878 1066 Fabri.
1893 1035 1941 1066 M.
1949 1034 1993 1065 D.
2008 1034 2208 1068 ΧΧᾸἽΧ.

360 1087 391 1117 8.
419 1084 506 1122 281χῇ
530 1084 629 1121 plagg.
660 1083 705 1121 (p.
727 1081 855 1111 3—14.
879 1083 999 1110 alternis
1023 1092 1103 1110 nuin.
1126 1083 1237 1110 Erasmi
1260 1087 1289 1109 et
1312 1081 1507 1109 Melanthonis
1533 1080 1645 1117 praef„
1669 1089 1699 1116 p.
1726 1078 1894 1108 15—268.
1918 1079 1979 1107 Cic.
2009 1079 2105 1106 officia
2133 1079 2208 1106 Era-

363 1129 416 1157 sini
440 1132 469 1154 et
492 1125 689 1153 Melanthonis
712 1125 825 1152 scholiis
847 1125 1005 1159 adiunctis3
1033 1122 1055 1152 3
1076 1134 1160 1161 pagg.
1184 1134 1241 1151 non
1266 1133 1346 1152 nuin.
1370 1122 1479 1158 ludex,
1508 1121 1550 1150 2⁵2
1574 1131 1662 1159 pagg.
1692 1130 1748 1148 non
1779 1130 1858 1149 nuin.
1886 1120 2055 1148 Anemoecii
2077 1120 2209 1157 dialogus

360 1169 589 1206 castigationum.
634 1167 751 1194 Deinde
775 1175 839 1193 cuin
863 1167 978 1203 proprio
1001 1166 1117 1194 indice:
1139 1166 1286 1193 Ciceronis
1309 1166 1381 1192 liber
1405 1164 1441 1191 de
1461 1165 1600 1192 Amicitia.
1645 1164 1716 1190 Cum
1741 1169 1884 1194 annotatt,
1908 1164 1943 1190 D.
1964 1162 2155 1190 ErasmiRot.
2180 1166 2210 1190 et

361 1212 437 1241 Phil.
459 1208 682 1238 Melanchtonis.
708 1206 799 1236 1539.
851 1207 884 1235 ln
908 1208 982 1235 fine:
1004 1208 1049 1235 Ex
1073 1207 1189 1235 officina
1212 1207 1422 1245 typographica
1444 1206 1556 1234 lN‘icolai
1582 1205 1667 1233 Fabri
1692 1203 1786 1234 1539.
1815 1203 1858 1233 3’2
1873 1205 1934 1233 foll.
1958 1213 2016 1232 non
2032 1213 2110 1232 num.
2133 1204 2209 1231 Tum

363 1263 428 1282 cuin
451 1252 568 1290 proprio
593 1251 703 1278 indice:
727 1250 788 1278 Cic.
810 1250 883 1277 liber
906 1250 943 1277 de
966 1250 1135 1278 Senectute.
1169 1251 1240 1277 Cuin
1264 1255 1404 1277 annotatt.
1428 1248 1539 1276 Erasini
1561 1248 1629 1276 Rot.
1655 1245 1746 1276 1539.
1782 1245 1902 1275 311‘011.
1925 1256 1981 1274 non
1999 1255 2095 1282 num.‚
2119 1245 2136 1275 1
2154 1245 2208 1274 sol.

361 1305 423 1323 vac.
455 1294 590 1330 Denique
613 1303 676 1320 cuin
701 1292 816 1329 proprio
840 1292 949 1319 indice:
978 1292 1129 1319 Paradoxa
1158 1293 1306 1320 Ciceronis
1333 1301 1396 1318 cuin
1426 1296 1570 1319 annotatt.
1598 1290 1634 1318 D.
1663 1290 1775 1317 Erasini
1799 1290 1866 1317 Rot.
1888 1289 2000 1317 Additis
2023 1288 2052 1315 in
2075 1289 2207 1326 margine

363 1337 488 1367 Scholiis
511 1335 625 1363 artificii
648 1334 748 1362 Barth.
772 1334 891 1362 Latomo
913 1334 1070 1361 Arlunensi
1098 1340 1200 1362 autore
1231 1332 1326 1363 1539.
1378 1332 1418 1362 16
1439 1333 1502 1361 soll.
1525 1342 1581 1360 non
1606 1330 1700 1367 num.)

318 1383 382 1403 *.--
403 1395 445 1400 -
473 1376 571 1417 (Idem
598 1376 691 1405 Index
713 1382 745 1404 ut
767 1377 795 1404 in
810 1376 864 1404 Ed.
880 1376 1060 1404 anteced.ex
1075 1376 1122 1404 off.
1140 1377 1225 1404 Fabri
1242 1374 1350 1413 1539.)
1365 1373 1541 1410 Basileae,
1562 1384 1607 1402 ea·
1622 1371 1770 1411 officina
1791 1370 1903 1401 Balth.
1919 1370 2028 1401 Lasii.
2048 1370 2141 1401 1541.
2176 1370 2211 1403 8.

322 1424 389 1446 ⁸-
419 1417 573 1459 Officia‚
602 1418 642 1447 de
671 1419 822 1446 amicitia
852 1423 883 1446 et
916 1422 1079 1446 senectute
1108 1417 1254 1454 dialogi,
1284 1417 1471 1446 Paradooea
1500 1422 1532 1445 et
1555 1415 1726 1446 Somnium
1750 1413 1914 1453 Scipionis
1947 1423 2020 1443 cum
2042 1417 2210 1443 annotatt.

365 1463 502 1494 Erasini
529 1466 561 1489 et
590 1458 862 1491 Melanctuhonis.
906 1458 991 1489 Item
1019 1465 1185 1490 annotatt.
1213 1459 1351 1490 Latomi
1380 1461 1415 1488 in
1444 1458 1646 1488 paradoxa.
1689 1456 1854 1495 Parisiis,
1884 1455 2018 1488 Simeon
2040 1455 2212 1486 Colinaeus

365 1505 458 1538 1541.
510 1504 540 1534 S.

323 1551 387 1572 ¹⁸-
413 1543 569 1585 Officia‚
591 1541 750 1581 Laelius,
775 1543 872 1581 Cato,
894 1544 1095 1575 Paradoxa.
1138 1543 1311 1576 Somnium
1332 1542 1498 1584 Scipionis
1520 1553 1593 1573 cum
1616 1541 1769 1578 Erasmz',
1791 1539 2059 1573 DIelanchthonis
2088 1546 2120 1570 et
2140 1538 2213 1570 La-

369 1591 449 1620 tomi
471 1586 750 1616 annotationibus.
795 1587 962 1624 Parisiis,
991 1598 1037 1616 ea·
1068 1585 1213 1627 officina
1244 1587 1367 1616 franc.
1394 1585 1537 1625 Gryphii
1560 1586 1652 1616 1545.
1698 1585 1749 1615 12.

325 1634 389 1655 ¹⁸¹-—
415 1631 453 1660 de
478 1627 620 1670 Officiis
644 1629 724 1658 libri
746 1635 825 1658 tres.
869 1629 1025 1658 Eiusdem
1049 1630 1087 1658 de
1108 1629 1289 1666 Amicitia,
1313 1630 1352 1658 de
1373 1628 1547 1658 Semi-ture
1574 1627 1720 1665 Dialogi
1749 1626 1830 1655 duo:
1859 1635 1932 1654 cum
1960 1623 2157 1653 Parailoxis
2181 1628 2213 1652 et

369 1673 503 1705 Somnio
526 1671 704 1709 Scipionis,
751 1671 870 1701 Omnia
895 1672 1000 1700 denuo
1031 1673 1162 1710 optimis
1191 1670 1372 1709 quibusque
1401 1671 1532 1700 collatis
1560 1667 1809 1707 e.ren1plc1re·bus
1839 1667 2090 1704 diligentissime
2112 1667 2213 1694 casti-

370 1721 466 1754 gata.
514 1714 589 1744 Una
616 1724 690 1743 cum
717 1713 850 1743 scholiis
881 1713 1036 1752 Philippi
1063 1712 1340 1743 Mdzmchthoms.
1389 1711 1518 1751 Quibus
1554 1716 1764 1740 accesserunt
1798 1709 1845 1740 M.
1875 1708 1971 1739 Ioan.
2004 1707 2213 1739 Velcurionis

370 1758 615 1789 Annotationes
644 1758 679 1784 in
708 1754 828 1785 librum
858 1753 1083 1794 Officiorum,
1119 1756 1158 1785 de
1187 1755 1361 1784 Senectute
1394 1760 1426 1784 et
1456 1755 1494 1783 de
1523 1754 1689 1784 Amicitia
1718 1761 1881 1791 nusquam
1918 1750 2076 1781 hactenus
2111 1750 2214 1780 edita.

372 1801 458 1832 Item
480 1796 655 1828 Ambrosii
678 1797 846 1828 Schulerii
866 1803 897 1826 et
919 1797 1043 1828 Barth.
1066 1797 1202 1827 Latomi
1228 1797 1475 1828 Annotationes
1504 1798 1539 1824 in
1570 1795 1766 1826 Parailoxa.
1811 1793 2056 1832 francofurti,
2081 1801 2127 1820 ea·
2155 1790 2214 1833 off.

370 1843 467 1873 Petri
489 1838 693 1870 Brulmcctiz·
729 1841 800 1879 (sic)
830 1840 923 1869 15-15.
971 1840 1002 1869 S.

331 1887 392 1910 ²¹-
413 1901 457 1906 ——
479 1893 551 1912 cum
576 1892 646 1912 var.
670 1883 757 1912 lectt.
782 1887 813 1911 ct
834 1881 972 1910 Erasmi
993 1886 1157 1912 annotatt.
1181 1886 1212 1911 et
1234 1882 1319 1910 notis
1342 1880 1430 1910 Phil.
1453 1877 1722 1911 DIclanchthonis
1744 1880 1778 1907 in
1794 1875 1929 1918 Officia
1953 1882 1984 1906 et
2008 1875 2129 1907 Barth.
2146 1873 2215 1906 La-

371 1928 452 1957 tomi
473 1928 507 1954 in
531 1924 728 1955 Pio-adom.
773 1923 934 1959 Parisiis,
965 1934 1011 1953 ea·
1040 1922 1097 1965 ⁰ff
1121 1921 1205 1953 Rob.
1225 1922 1390 1962 Stephani
1415 1923 1505 1953 1546.
1552 1922 1603 1952 12.

330 1985 373 1991 —
401 1967 483 1998 libri
511 1973 578 1996 tres
609 1968 648 1996 de
677 1964 819 2006 officiis.
863 1965 965 2002 Item,
994 1967 1034 1995 ile
1063 1968 1231 1995 amicitia:
1261 1966 1300 1994 ile
1329 1970 1509 1994 senectute:
1537 1963 1738 2003 paratio-ra:
1767 1967 1816 1997 et,
1845 1963 2005 1990 somnium
2029 1959 2214 2000 Scipionis:

374 2021 447 2041 cum
470 2010 677 2049 quorundam
699 2009 961 2038 (lectissimorum
984 2011 1131 2038 virorum
1153 2007 1441 2043 annotationibus,
1463 2013 1493 2036 et
1516 2007 1759 2045 prolegomenis
1788 2003 1902 2034 Ioach.
1935 2003 2061 2034 Camer.
2089 2001 2215 2032 Puber-

376 2063 454 2093 gen.
477 2052 583 2089 edita,
607 2051 746 2090 Lipsiae
769 2053 803 2079 in
826 2049 974 2089 osji'ci'na
1003 2051 1173 2081 Valentini
1193 2050 1320 2089 Papae.
1364 2049 1463 2079 Anno
1482 2049 1531 2079 JI.
1549 2048 1589 2079 l).
1608 2046 1748 2079 A'LVI.
1783 2047 1814 2077 8.
1845 2045 1933 2085 247[’8
1955 2048 2053 2085 plagg.
2077 2045 2134 2084 (15
2150 2046 2216 2075 soll.

375 2107 433 2125 non
458 2105 536 2124 num.
567 2096 724 2123 Cnmerarii
747 2094 880 2131 Prolegg.
907 2095 936 2121 in
957 2093 1063 2130 Osfic.‚
1096 2104 1126 2130 p.
1152 2093 1299 2122 1—149.
1323 2093 1427 2121 Officia
1450 2093 1612 2127 Ciceronis,
1644 2101 1673 2128 p.
1699 2089 1891 2119 150—-185,
1925 2091 1985 2118 Cim
2015 2091 2086 2117 Cato
2114 2089 2216 2123 Maior,

376 2149 406 2178 p.
431 2137 620 2167 186—225.
643 2138 701 2165 (sic.
724 2137 855 2172 Laelius,
880 2146 908 2173 p.
931 2135 1032 2164 226-—
1049 2135 1123 2164 245.
1147 2137 1206 2164 Cic.
1230 2136 1396 2171 Paradoxa,
1419 2146 1448 2172 p.
1465 2133 1644 2163 246—255.
1669 2134 1726 2162 (fic.
1750 2133 1896 2160 Somnium
1919 2132 2073 2169 Scipionis,
2103 2140 2134 2169 p.
2151 2129 2216 2159 256

377 2179 502 2209 —265.
536 2181 632 2207 variae
655 2179 810 2215 lectiones,
833 2188 862 2215 p.
885 2176 1078 2207 266—328.
1101 2178 1213 2206 Erasmi
1237 2178 1347 2215 praefi,
1371 2179 1454 2214 epist.
1477 2184 1506 2204 et
1529 2181 1671 2204 annotatt.
1701 2176 1729 2202 in
1753 2176 1839 2202 libros
1862 2175 1899 2202 de
1921 2174 2038 2209 officiis,
2071 2173 2108 2200 de
2131 2181 2217 2200 sene-

377 2229 474 2259 ctute,
498 2221 534 2249 de
557 2222 695 2257 amicitia,
719 2221 865 2258 paradoxa
888 2226 915 2247 et
940 2222 1078 2248 somnium
1102 2221 1198 2258 Scip.‚
1222 2230 1252 2257 p.
1276 2218 1348 2250 329.
1370 2221 1396 2249 J.
1418 2219 1557 2248 Matthaei
1581 2218 1746 2246 Phrissemii
1768 2223 1852 2253 nota,
1881 2226 1910 2253 p.
1934 2213 2127 2244 329—357.
2151 2215 2217 2242 Me-

381 2264 526 2293 lantlionis
548 2269 749 2300 argumentum
773 2269 801 2290 et
824 2268 964 2290 annotatt.
990 2263 1017 2289 in
1043 2263 1129 2290 libros
1162 2263 1199 2290 dc
1228 2262 1345 2298 officiis,
1381 2272 1410 2299 p.
1432 2259 1627 2290 35S—-365,
1660 2260 1758 2297 Barpt.
1788 2259 1900 2286 Latomi
1928 2259 1957 2286 in
1979 2258 2131 2286 Paradoxa
2156 2258 2216 2287 Cic.

378 2307 600 2341 Annotationes‚
631 2315 660 2342 p.
682 2304 756 2333 366.
779 2304 906 2342 Errata.)

338 2350 402 2370 *—-
424 2364 464 2369 —
487 2346 612 2383 (ludex,
636 2355 665 2374 ut
689 2348 716 2374 in
741 2347 794 2375 Ed.
819 2347 896 2384 Lips.
921 2346 1056 2383 praeced.
1081 2344 1189 2382 1546.)
1214 2344 1366 2383 lipsiae,
1389 2354 1435 2373 ea·
1454 2343 1512 2384 off
1542 2342 1615 2374 Val.
1638 2342 1756 2381 Papae
1779 2341 1869 2371 1548.
1911 2340 1942 2371 8.

339 2392 403 2413 *-
430 2388 636 2429 Officiorum
658 2386 740 2416 libri
767 2387 837 2416 ΙΙῙ.
859 2398 931 2417 cum
947 2390 1189 2416 commentariis
1204 2387 1299 2416 Petri
1320 2386 1430 2417 ‚Marsi
1448 2392 1478 2415 ct
1493 2385 1656 2415 Ascensii.
1700 2384 1868 2420 Dialogus
1883 2382 1922 2411 de
1940 2381 2123 2417 Amicitia,
2146 2391 2218 2411 cum

381 2433 625 2462 commentariis
649 2430 744 2460 Petri
763 2429 876 2459 DIarsi
897 2435 929 2458 et
949 2429 1116 2459 Ascensii.
1159 2429 1327 2467 Dialogus
1351 2430 1390 2458 de
1412 2428 1603 2466 Senectute,
1626 2437 1697 2457 cum
1719 2427 1961 2456 commentariis
1983 2424 2079 2453 Petri
2101 2424 2218 2459 Marsi,

379 2473 526 2505 Martini
541 2473 717 2502 Fileticiet
732 2472 897 2502 Ascensii.
930 2471 1134 2508 Paradom,
1157 2475 1337 2511 interprete
1359 2470 1523 2501 Ascensio.
1557 2470 1778 2500 ‚Accesserant
1792 2473 1968 2507 praeterea
1982 2467 2060 2496 Des.
2075 2467 2220 2502 Erasmi,

381 2522 413 2545 et
437 2516 588 2556 Philippi
609 2513 873 2545 Melanchthonis
896 2514 1021 2544 scholia
1044 2515 1205 2553 quaedam
1228 2515 1500 2551 luculentissima,
1523 2513 1568 2542 ad
1589 2513 1727 2550 linguae
1750 2510 1895 2539 Latinae
1908 2509 2049 2549 phrasin
2069 2511 2220 2549 apprime

382 2558 492 2587 utilia.
539 2558 616 2587 Cum
639 2558 766 2597 duplici
789 2558 912 2593 indice,
944 2563 1011 2586 tam
1035 2561 1177 2587 omnium
1200 2559 1365 2595 capilum,
1389 2567 1487 2595 quam
1509 2565 1620 2584 rerum
1643 2554 1856 2582 adnotatione
1885 2553 2074 2589 dignarum.
2124 2550 2220 2589 Quae

384 2603 492 2627 omnia
508 2603 604 2638 prius
619 2599 787 2629 erroribus
802 2601 957 2638 plurimis
984 2606 1162 2640 corrupta,
1185 2610 1271 2628 nunc
1300 2609 1424 2628 summa
1448 2608 1530 2628 cura
1554 2603 1651 2635 alque
1676 2596 1853 2632 diligentia
1877 2595 2048 2623 emendata
2069 2595 2220 2624 eduntur.

390 2641 549 2676 Venetiis,
581 2643 700 2680 (Aldus)
729 2641 775 2671 M.
791 2643 836 2672 D.
856 2641 1029 2673 XLVIII.
1051 2660 1095 2665 —
1133 2643 1178 2680 (ln
1202 2643 1289 2677 sinin)
1332 2641 1486 2672 Veneriis.
1516 2639 1563 2670 M.
1577 2638 1621 2668 D.
1641 2636 1783 2669 XLIA'.
1823 2640 1886 2667 F01..
1924 2638 1959 2676 (4
1975 2639 2038 2667 soll.
2062 2648 2116 2666 non
2142 2647 2218 2666 nuin.

384 2684 499 2721 Praei„
522 2684 583 2714 163
606 2685 668 2713 t'oll.
692 2686 877 2714 columnatiin
899 2687 1002 2725 impu,
1040 2686 1056 2717 1
1081 2686 1132 2716 sol.
1162 2696 1217 2713 non
1242 2695 1320 2714 num.
1344 2695 1407 2713 cuin
1430 2682 1557 2721 ancora.)
