2347 3000
73 100 169 137 1209
394 99 484 137 XVI.

68 185 327 220 humanitatem
355 193 389 220 et
413 186 637 221 clementiam
664 187 700 220 in
718 186 879 222 Caesare.
958 191 1059 232 Apud

68 235 178 284 quem]
204 237 409 282 Interpellat
425 250 479 278 se,
503 245 539 272 et
556 238 716 273 Caesaris
743 239 904 284 exemplo
932 239 1057 274 Cacsa-

66 302 140 322 rem
163 289 311 333 mitigat.
390 291 516 323 Passus
543 290 609 334 est]
636 290 758 324 Cicero
785 290 821 323 in
839 290 960 324 Cilicia
986 292 1057 325 sue-

66 347 123 373 rat
138 340 333 384 imperator
347 346 494 384 propter
508 353 563 375 res
580 348 691 385 gestas
707 342 915 386 appellatus.
949 341 1056 375 Istum

66 392 207 425 titulum
227 391 356 424 Caesar
374 391 424 423 illi
443 404 584 438 quoquc
604 392 746 432 tribuit,
774 394 867 426 deun
887 405 924 426 er
943 400 1056 427 waste

67 443 158 482 wol,
187 443 248 475 das
268 440 339 474 ilun
360 443 422 475 der
438 442 561 475 Cicero
579 442 675 477 nicht
692 442 845 477 scbaden
863 445 987 478 kuudt.

168 491 197 537 ἓ.
213 493 247 526 8.
280 496 377 533 Vide,
406 496 541 539 quaeso]
561 494 732 539 Epilogus
750 508 925 529 excursus.
962 495 1054 528 Con-

63 543 179 577 versio
198 550 316 577 autem
336 546 379 576 ad
397 545 637 578 adversarium
661 546 751 579 acris
774 553 843 585 est,
878 552 911 578 et
937 558 954 578 a
981 558 1054 578 ma-

64 596 140 629 iore
157 595 263 628 insert
278 596 408 629 minus.
461 596 574 641 Magis
591 597 685 630 enim
703 596 852 642 quisque
869 597 975 630 celari
991 609 1052 630 sua

64 646 214 680 crimina
238 646 351 691 cupit,
387 658 495 692 quam
520 647 647 682 aliena.
725 647 851 697 Atque]
878 647 985 681 Redit
1008 649 1052 681 ad

62 698 305 732 Tuberonem.
359 697 492 732 Obiicit
509 698 559 731 illi
576 711 680 733 suurn
698 698 844 733 crimen.
896 699 1052 743 Praepa-

61 749 154 782 ratio
173 749 218 781 ad
234 749 573 790 recriminationem,
601 756 635 783 et
651 762 695 783 ne
712 749 874 783 videatur
892 749 974 782 odio
991 756 1052 783 aut

61 800 115 833 ira
134 806 332 834 commotus
348 800 589 841 recriminari,
623 807 657 833 et
675 806 933 834 commemorat
953 800 1051 845 prius

61 852 104 885 de
136 863 171 885 se
202 851 347 891 dixisse,
388 857 421 884 et
453 864 515 886 cur
546 851 678 896 gloriae
708 852 826 885 faveat
847 851 1050 885 Tuberonis

60 902 225 937 ostendit.

163 952 192 997 §-
209 952 244 987 9.
270 954 340 987 Sed
363 953 422 986 hoc
443 952 582 1000 quaero]
611 952 822 993 Contentio,
859 965 949 998 quae
975 959 1048 986 tota

60 1005 97 1037 111
120 1002 433 1049 anticategoriam)
457 1004 698 1045 consumitur,
731 1003 800 1037 nisi
823 1006 920 1049 quod
943 1004 1049 1037 alieni

58 1054 307 1100 deprecatione
332 1054 454 1088 utitur.
534 1056 598 1096 Qui
620 1068 737 1089 sensus
759 1056 850 1100 erat]
876 1055 1048 1100 Apostro-

56 1105 125 1151 phe
147 1119 209 1151 per
226 1105 542 1149 interrogationem
566 1104 724 1139 adhibita
751 1118 852 1139 causa
880 1106 1047 1141 instandi.

57 1159 144 1192 Fab.
166 1158 226 1192 lib.
244 1157 277 1191 9.
306 1169 382 1200 cap.
400 1156 503 1201 2⁷⁰).
555 1157 618 1192 Est
634 1157 717 1191 item
738 1158 931 1202 congeries.
959 1157 1046 1192 Fab.

57 1210 119 1244 lib.
137 1209 171 1243 8.
200 1221 275 1253 cap.
293 1207 394 1252 4.⁷¹).

160 1260 246 1304 Cap.
264 1258 322 1293 IV.
352 1256 381 1302 ξ.
401 1259 457 1292 10.
489 1258 641 1304 Eyzmus]
672 1258 802 1292 scilicet
837 1259 1047 1294 nos'mlui-

56 1323 136 1345 mus
160 1312 308 1356 perdere
331 1309 530 1343 Caesarem.
634 1311 714 1355 Hic]
749 1310 882 1344 scilicet
905 1310 1046 1344 Caesar.

57 1363 219 1407 Quorum]
249 1361 436 1395 Conclusio
454 1360 547 1394 illius
565 1360 834 1405 obiurgationis.
906 1363 1046 1406 Eorum]

58 1414 159 1459 quasi
189 1414 298 1446 dicat:
343 1411 490 1444 minime
520 1412 630 1446 decet.
702 1412 783 1446 Non
815 1412 983 1447 debemus
1013 1419 1045 1446 te

54 1477 178 1499 acuere
195 1466 238 1498 ad
256 1463 520 1503 crudelitatem,
549 1463 609 1508 qui
633 1469 736 1496 antea
759 1470 816 1497 tua
848 1464 1045 1497 misericor-

52 1516 109 1549 dia
131 1516 185 1550 usi
202 1527 332 1550 sumus.
407 1517 517 1560 Atque
533 1516 569 1548 in
585 1512 665 1563 hac]
691 1514 842 1549 Prodest
864 1521 983 1548 tenere
1008 1514 1045 1547 in

54 1567 259 1608 autoribus,
303 1566 486 1611 quomodo
515 1577 638 1599 omnes
668 1572 786 1610 partes
819 1564 1044 1607 cohaereant,

54 1631 144 1664 quae
160 1625 277 1663 partes
294 1617 363 1651 sint
379 1616 602 1661 principales.
655 1615 737 1650 [deo
757 1624 918 1662 repetam
942 1629 1043 1661 supe-

54 1671 174 1710 riora,
207 1676 246 1703 ut
271 1668 358 1702 sciat
383 1667 545 1707 auditor,
578 1669 760 1712 quomodo
787 1669 881 1701 aliud
909 1681 949 1701 ex
972 1668 1042 1701 alio

50 1728 238 1767 sequatur,
274 1719 539 1764 memoriaeque
563 1719 673 1762 possit
697 1721 880 1753 mandare.
949 1719 1041 1753 Nam

52 1771 145 1805 hanc
172 1770 279 1805 habet
306 1770 494 1803 utilitatem
523 1767 609 1802 haec
634 1770 815 1803 dialectica
843 1770 1041 1815 dispositio.

51 1824 213 1857 Priinum
238 1821 303 1855 fuit
325 1820 508 1854 exordium
535 1818 667 1854 habens
689 1821 950 1855 concessionem
976 1821 1041 1854 cri-

51 1875 177 1915 minis,
206 1886 312 1920 quam
331 1872 436 1906 solvit
459 1883 521 1916 per
546 1871 770 1912 instantiam,
804 1879 843 1906 ut
866 1872 1041 1905 dialectici

53 1925 242 1972 dic11nt⁷2)‚
269 1922 336 1957 hoc
354 1929 416 1963 est,
445 1935 534 1968 quae
552 1922 735 1967 mitigatur
750 1923 1039 1956 recrimiuatione

51 1985 85 2012 01
101 1976 361 2022 deprecatione.
406 1973 662 2007 Rccriminatio
681 1981 797 2007 autem
815 1981 952 2008 constat
970 1975 1039 2007 iro-

49 2030 106 2063 nia
119 2056 128 2069 ,
157 2041 246 2074 quae
261 2027 453 2072 plurimum
472 2025 565 2058 valet
582 2025 617 2058 in
633 2023 699 2058 hac
717 2038 818 2059 causa
830 2052 838 2066 ‚
867 2026 948 2071 quia
966 2026 1038 2070 ipse

51 2087 235 2113 accusator
254 2078 414 2112 redditur
433 2076 565 2110 invisus
582 2082 728 2121 propter
744 2076 936 2110 immanem
962 2090 1038 2110 cru-

49 2132 226 2165 delitatem
247 2137 280 2163 et
299 2127 608 2162 inhumanitatem.
668 2128 805 2161 Deinde
829 2128 895 2162 fuit
914 2140 1037 2161 narra-

49 2184 98 2217 tio
117 2182 219 2222 facti,
247 2180 333 2227 quid
357 2179 542 2220 acciderit,
578 2179 614 2211 in
638 2191 706 2224 qua
734 2179 856 2213 Cicero
882 2180 1037 2213 ostendit

46 2234 229 2279 Ligarium
250 2233 357 2267 iustas
374 2229 538 2264 habuisse
554 2242 674 2264 causas
691 2242 775 2264 suae
794 2231 1035 2275 profectionis.

47 2285 171 2319 Tertio
202 2284 269 2318 fuit
307 2281 543 2328 epiphonema
574 2283 616 2314 de
647 2282 831 2315 clementia
863 2282 1034 2322 Caesaris,

44 2338 105 2384 qui
130 2336 286 2382 patiatur
308 2336 401 2379 apud
429 2346 463 2367 se
490 2346 611 2367 causas
636 2332 861 2366 inimicorum
886 2333 972 2373 (lici,
1001 2340 1034 2366 et

44 2390 251 2434 praesertim
268 2399 286 2420 a
300 2386 481 2425 Cicerone,
511 2385 571 2430 qui
589 2384 693 2417 etiam
711 2385 776 2418 suit
793 2382 914 2419 hostis.
956 2384 1032 2418 Hoc

78 2516 125 2544 69)
145 2512 343 2544 anticategoria
364 2508 624 2543 ((ῗνῑικιιτηγορίιι)]
646 2509 694 2532 Ed.
715 2509 788 2533 1568.
809 2508 1010 2541 antIcatigoria.

78 2560 126 2587 70)
146 2559 209 2582 Fal).
231 2556 344 2586 Quintil.
363 2554 449 2579 instit.
470 2554 573 2577 orator.
594 2552 642 2581 IX,
662 2552 688 2583 2,
707 2551 731 2576 7,
750 2552 793 2576 38,

75 2603 123 2629 71)
144 2601 208 2624 Fan.
229 2598 340 2628 Quintil.
359 2598 376 2622 1.
393 2598 411 2621 l.
432 2597 503 2627 vul,
523 2598 549 2625 4,
569 2595 610 2619 27.

74 2645 122 2672 72)
141 2642 274 2667 lnstantia
292 2640 362 2670 apud
389 2639 547 2663 dialecticos
575 2637 713 2668 significat
739 2637 889 2667 exemplum
915 2638 1028 2661 contra-

108 2679 192 2705 rium,
229 2681 279 2706 quo
303 2675 417 2699 vitiatur
441 2674 589 2698 enuntiatio
611 2671 795 2701 uuiversa11s;
832 2672 885 2698 vid.
906 2672 1026 2697 Gesner-i

108 2714 228 2738 thesaur.
249 2717 272 2734 s.
290 2710 315 2732 h.
335 2716 363 2735 v,

535 99 818 137 ENARRATIO
854 99 1115 138 ORATIONIS
1149 102 1400 140 CICERONIS
1433 104 1533 139 PRO
1567 105 1776 143 LIGARIO.

2009 111 2103 146 1210

1112 196 1229 225 autem
1264 191 1411 226 consilio
1441 192 1525 226 facit
1550 191 1695 233 Cicero,
1738 200 1770 226 et
1799 207 1901 228 suum
1934 195 2102 229 delictum

1111 243 1316 283 confitetur,
1343 250 1381 277 ut
1405 256 1468 288 per
1492 242 1583 278 lianc
1608 245 1828 279 occasionem
1855 247 2038 289 perveniat
2059 249 2102 280 ad

1111 293 1312 328 Tuberonis
1329 293 1656 340 reprehensionem.
1709 296 1755 330 Et
1780 296 1837 329 ille
1862 297 1957 331 locus
1980 296 2100 342 pathe—

1111 345 1197 379 ticus
1215 346 1425 391 praecipuus
1445 347 1548 381 estin
1573 360 1696 388 causa,
1733 348 1815 393 quia
1840 348 2014 382 deformat
2039 350 2100 382 ad-

1110 397 1324 437 versarium,
1352 398 1496 443 eiusque
1515 411 1656 433 causam
1674 399 1788 432 reddit
1808 399 1969 433 inrisam.
2023 399 2100 432 Ma-

1109 460 1175 490 gna
1197 447 1290 480 enim
1312 450 1500 484 crudelitas
1518 456 1585 489 est,
1614 463 1692 483 cum
1711 451 1754 484 sit
1773 457 1980 484 consecutus
1997 451 2099 484 mise-

1109 499 1297 531 ricordiam
1317 499 1351 531 in
1369 513 1408 532 ea
1427 513 1528 534 causa
1542 528 1549 541 ,
1580 501 1612 533 in
1633 515 1699 547 qua
1722 503 1794 535 vult
1813 502 1996 534 excludere
2013 502 2097 534 altc—

1107 563 1185 583 rum
1219 550 1262 582 ab
1297 551 1481 584 occasione
1514 554 1782 598 consequendae
1820 553 2097 587 misericordiae.

1106 605 1214 647 Atque
1237 604 1272 635 in
1294 603 1356 636 hac
1375 600 1493 650 causa]
1521 602 1575 634 Ab
1594 603 1831 647 imprudentia
1850 604 2097 638 Tuberonum.

1107 652 1230 686 Cicero
1261 659 1378 685 autem
1409 653 1582 697 potuisset
1603 655 1740 699 egregie
1766 667 1976 698 exaggerare
1999 655 2096 688 illam

1105 702 1422 744 inhumanitatem,
1464 704 1494 738 si
1526 704 1671 739 Tubero
1702 718 1776 739 non
1808 706 1929 740 suisset
1962 706 2095 739 amicus

1105 754 1275 789 Caesaris.
1380 753 1561 803 Desidere]
1594 756 1828 801 Exaggeratio
1854 757 2097 802 turpitudinis,

1104 806 1203 852 quasi
1223 805 1333 839 dicat:
1361 803 1436 850 Ipse.
1454 804 1561 840 habet
1577 820 1699 852 parem
1717 820 1871 848 causam,
1899 815 1929 841 et
1946 808 1997 842 vis
2014 821 2095 842 eum

1104 858 1287 891 excludere
1304 868 1323 888 a
1339 857 1599 892 misericordia.

1205 906 1235 952 §-
1258 908 1315 941 11.
1342 910 1433 942 Haec
1457 907 1610 956 rzo›c⁷³)]
1642 908 1673 941 A
1700 909 1907 942 crudelitate
1932 910 2091 943 Tubero-

1102 971 1200 993 num.
1233 958 1320 992 Fab.
1348 958 1408 993 lib.
1427 958 1461 992 5.
1490 972 1566 1004 cap.
1587 959 1712 1003 13.⁷*²).
1790 962 1952 1005 [vocetur]
1978 961 2091 1004 Exag-

1101 1010 1235 1054 geratio
1256 1010 1489 1044 accusationis
1507 1011 1728 1051 Tuberonis,
1757 1011 1857 1056 quasi
1875 1011 1983 1045 dicat:
2013 1012 2091 1045 Tua

1102 1061 1215 1095 oratio
1231 1073 1305 1094 non
1322 1062 1429 1094 modo
1447 1062 1599 1095 excludit
1616 1075 1633 1095 a
1652 1062 1893 1095 misericordia
1905 1089 1914 1102 ,
1942 1064 2001 1096 sed
2018 1063 2093 1096 vult

1100 1125 1246 1157 prorsus
1277 1113 1425 1156 perdere
1449 1125 1542 1147 eum.
1648 1111 1811 1160 Necemr]
1847 1113 1976 1147 scilicet
2005 1112 2092 1147 haec

1101 1164 1192 1209 agis,
1221 1169 1259 1197 ut
1278 1164 1458 1207 perdatur.
1543 1166 1693 1198 Exterm’
1709 1160 1784 1210 isti]
1812 1164 2002 1199 Dilemma.

1202 1213 1233 1260 ἓ.
1255 1215 1312 1249 12.
1347 1217 1394 1248 At
1418 1216 1525 1255 istud,
1560 1228 1601 1248 ne
1622 1217 1711 1258 apud
1735 1213 1825 1263 eum]
1861 1216 1991 1250 scilicet
2014 1216 2090 1261 Syl-

1101 1266 1183 1300 lam.
1251 1265 1453 1310 Ampliticat
1479 1266 1723 1299 crudelitatem
1750 1266 1952 1301 Tuberonis
1983 1268 2088 1300 colla-

1100 1317 1195 1350 tione
1212 1316 1328 1362 Syllae
1344 1323 1377 1349 et
1395 1316 1565 1351 Caesaris.
1619 1317 1747 1357 ἄλλως.
1802 1318 1974 1359 Collatio,
1997 1330 2088 1364 quae

1099 1368 1205 1401 etiam
1224 1368 1319 1401 valet
1335 1368 1378 1400 ad
1398 1369 1695 1412 exaggerandum.
1772 1366 1997 1417 Dictatorem]
2025 1370 2090 1404 sci·

1098 1419 1179 1452 licet
1202 1419 1347 1464 Syllam.
1417 1419 1529 1463 Saepe
1559 1420 1643 1452 facit
1669 1419 1895 1454 collationem
1919 1421 2089 1454 victoriae

1098 1471 1262 1516 Syllanae
1304 1482 1383 1503 cum
1418 1470 1566 1503 victoria
1603 1471 1782 1513 Caesaris,
1837 1472 1936 1517 quasi
1976 1472 2087 1505 dicat:

1097 1521 1202 1566 Apud
1224 1521 1358 1566 Syllam
1381 1519 1448 1554 hoc
1473 1534 1578 1555 nemo
1601 1522 1771 1563 faciebat,
1812 1535 1918 1556 nemo
1940 1524 2089 1557 acuebat

1097 1585 1178 1607 eum
1201 1573 1246 1606 ad
1269 1573 1524 1608 crudelitatem.
1602 1575 1654 1608 Ab
1677 1574 1753 1618 hoc]
1779 1574 1910 1608 scilicet
1927 1574 2088 1614 Caesare,

1097 1625 1157 1669 qui
1174 1624 1305 1657 multos
1322 1624 1511 1657 damnatos
1528 1636 1545 1656 a
1562 1623 1657 1669 Sylla
1675 1625 1849 1665 restituit,
1875 1632 1913 1658 ut
1923 1625 2088 1660 Cinnam.

1100 1677 1279 1709 Vindio-ula
1296 1672 1361 1722 est]
1390 1674 1520 1708 scilicet
1538 1675 1708 1709 restitutis
1726 1676 1885 1710 exulibus
1909 1678 2087 1711 damnatis

1096 1738 1114 1759 a
1131 1726 1239 1771 Sylla.
1298 1725 1388 1758 Vide
1407 1725 1684 1771 8110101111111175).

1196 1776 1282 1820 Cap.
1298 1776 1341 1811 V.
1365 1775 1394 1821 ἓ.
1421 1777 1477 1812 12.
1504 1774 1654 1824 Postulo]
1677 1777 1809 1811 scilicet
1835 1785 1873 1812 ut
1899 1778 2086 1812 interficia-

1094 1834 1152 1861 tur
1168 1826 1343 1871 Ligarius.
1396 1827 1519 1861 Cicero
1548 1835 1752 1872 exaggerat,
1780 1829 1862 1875 quia
1881 1829 2029 1870 Caesar,
2057 1830 2086 1864 si

1094 1879 1151 1912 fiet
1165 1878 1334 1918 invisior,
1362 1890 1441 1912 eum
1459 1879 1530 1911 vita
1546 1880 1742 1913 mulctabit.

1195 1927 1226 1973 ἓ.
1246 1930 1303 1963 13.
1331 1931 1374 1964 Si
1394 1932 1484 1964 enim
1507 1932 1542 1964 iu
1563 1928 1685 1978 exilio]
1712 1930 1832 1964 Altera
1856 1944 1938 1976 pars
1960 1933 2085 1965 dilem-

1092 1979 1215 2020 matis‚
1242 1982 1386 2014 tendere
1404 1993 1445 2014 eo
1465 1981 1745 2022 accusationem,
1774 1989 1812 2015 ut
1832 1995 1905 2016 non
1924 1983 2084 2027 ignosca-

1092 2037 1149 2064 tur
1173 2030 1330 2075 Ligario.
1413 2034 1488 2073 Αη,
1524 2045 1564 2066 ne
1588 2031 1828 2081 iquoscatur?]
1862 2035 1991 2068 scilicet
2016 2033 2084 2067 1100

1091 2083 1302 2127 postulatur.
1354 2081 1548 2116 Dssemlna:
1587 2084 1771 2119 Crudelius
1796 2092 1847 2119 est
1873 2092 2011 2130 petere,
2038 2099 2082 2119 ne

1090 2134 1316 2174 restituatur,
1357 2147 1464 2180 quam
1492 2141 1531 2167 ut
1557 2134 1799 2170 interficiatur.
1906 2139 1998 2178 Quod
2024 2150 2082 2171 uos

1087 2183 1191 2232 domi]
1219 2184 1455 2229 Exaggeratio
1472 2184 1743 2221 inhumanitatis
1759 2200 1776 2219 a
1794 2188 1893 2227 loco,
1928 2188 1956 2221 si
1982 2189 2080 2220 domi

1090 2236 1279 2280 impedires
1310 2243 1469 2270 nostram
1505 2249 1666 2278 causam,
1710 2245 1797 2272 esset
1831 2236 2081 2274 inhumanum.

1088 2287 1145 2320 Tu
1161 2294 1277 2321 autem
1296 2287 1434 2332 publice
1453 2287 1615 2332 impedis,
1642 2289 1754 2322 multo
1772 2287 2001 2324 inhumanius
2019 2297 2081 2325 est.

1190 2336 1220 2382 ἓ.
1246 2337 1304 2372 14.
1345 2341 1469 2372 Dicam
1489 2340 1604 2384 plane]
1641 2338 1859 2386 ἀποστροφὴ
1887 2341 1932 2373 ad
1954 2341 2080 2375 Caesa-

1086 2401 1180 2429 rem,
1219 2395 1254 2423 et
1274 2395 1325 2423 est
1348 2390 1533 2422 translatio
1560 2391 1710 2435 exempli
1733 2393 1778 2424 ad
1800 2392 2077 2436 rempublicam:

1084 2439 1121 2473 Si
1152 2439 1220 2473 isto
1254 2441 1362 2474 modo
1393 2440 1471 2474 aliis
1494 2441 1616 2475 liceret
1640 2454 1762 2486 agere,
1803 2449 1918 2477 essent
1940 2443 2076 2477 infinita

1116 2564 1165 2593 73)
1187 2563 1267 2589 Haec
1286 2564 1360 2592 nou]
1387 2562 1428 2587 sic
1446 2564 1493 2588 Ed.
1511 2564 1603 2596 1568.;
1634 2565 1684 2591 Ed.
1704 2564 1790 2591 Orell.
1809 2566 1897 2593 Haec.
1922 2567 2009 2597 (cunr.
2029 2574 2075 2592 su-

1150 2604 1200 2629 pra.
1218 2606 1244 2629 p.
1261 2598 1336 2622 1199.
1356 2599 1420 2622 nota
1437 2598 1501 2626 17.).

1114 2651 1163 2678 74)
1182 2650 1247 2674 Fab.
1269 2649 1380 2680 Quintil.
1402 2649 1488 2675 instit.
1512 2652 1582 2674 orat.
1604 2651 1640 2682 V,
1663 2650 1704 2683 13,
1722 2652 1749 2678 5.

1113 2702 1161 2732 75)
1181 2701 1260 2729 conf.
1279 2702 1392 2727 sueton.
1413 2701 1519 2726 Caesar
1544 2702 1582 2727 11.
1603 2702 1644 2727 41.
