2347 3000
74 119 148 157 953

81 207 194 243 causis
227 207 401 240 finalibus.
456 206 613 241 'Naturae
644 205 728 240 satis
759 206 895 245 vixisti,
932 207 1066 249 gloriae

80 258 186 292 etiam
220 259 322 299 satis,
364 258 425 291 sed
454 258 591 302 patriae
626 259 786 290 nondum
821 257 904 291 satis
938 258 1065 292 vixisti.

79 309 328 344 Conclusio
359 307 464 342 huius
489 309 760 342 confutationis:
796 309 916 354 Quare
941 311 1064 342 omitte

77 374 208 407 quaeso
226 361 329 395 istam
346 361 532 394 doctorum
545 359 731 394 hominum
750 361 786 393 in
803 362 1062 394 contemnenda

75 419 191 446 morte
224 412 462 457 prudentiam.
517 412 773 458 Repetitio:
818 412 899 446 Noli
941 419 1063 446 nostro

76 464 231 509 periculo
258 463 398 508 sapiens
423 476 506 497 esse.

177 542 262 586 Cap.
288 540 376 575 Vlll.
407 540 436 585 ᾗ.
462 539 523 577 25.
558 543 666 585 Saepe
687 544 777 576 enim
800 543 887 576 venit
905 543 949 575 ml
965 552 1065 574 aures

77 604 168 626 meas
194 594 274 637 etin]
314 593 379 626 Hic
406 593 711 638 repetitCaesaris
737 606 858 627 xocem
885 592 962 625 aliis
988 603 1063 623 xer—

72 643 146 682 bis,
175 650 209 677 et
233 646 391 678 confutat
416 658 494 678 eam
520 658 560 678 ex
579 645 761 689 superiore
779 645 940 678 oratione
959 644 1062 676 ducta

74 707 93 727 a
120 696 201 730 fine.
256 696 386 730 Caesar
410 698 546 743 inquit,
581 710 615 731 se
639 697 722 730 satis
750 697 811 730 diu
836 696 900 730 sibi
926 694 1063 728 vixisse.

75 746 199 780 Cicero
229 749 404 782 confutat:
440 748 515 781 Imo
540 762 613 782 non
635 749 725 782 vivis
750 748 832 787 tihi,
867 749 924 781 sed
960 746 1064 778 nobis

74 804 108 830 et
130 798 278 842 patriae.
330 799 375 832 Et
392 801 534 834 additur
559 800 667 833 ratio:
698 799 790 844 Quia
816 799 953 843 patriae
975 809 1063 841 opus

76 856 127 883 est
151 857 209 883 tua
235 851 326 890 xita,
360 858 399 884 ut
431 852 594 885 restituas
627 857 757 885 statum
790 850 1005 895 reipublicae
1030 855 1064 881 et

75 902 182 936 totius
201 901 353 946 imperii.
405 902 543 935 Deinde
562 903 706 936 additur
728 902 865 946 egregia
883 900 1061 935 rhetorica

74 952 318 987 correctio.
370 954 483 998 Supra
519 960 739 988 concesserat
765 954 952 987 Caesarem
979 964 1062 986 suae

72 1004 206 1048 gloriae
241 1004 325 1038 satis
355 1005 416 1038 diu
454 1005 591 1040 vixisse.
644 1005 709 1038 Hic
734 1011 903 1038 retractat
927 1011 962 1037 et
987 1016 1063 1037 cor-

71 1056 172 1099 rigit:
200 1055 359 1089 Perfecta
383 1056 495 1100 gloria
521 1063 571 1090 est
588 1057 843 1101 rempublicam
860 1057 1062 1091 restituere;

74 1109 164 1141 aliae
198 1119 251 1141 res
283 1114 400 1152 gestae
434 1110 594 1142 nondum
627 1115 843 1153 pepererunt
871 1109 1061 1152 perfectam

73 1159 236 1204 gloriam.
290 1160 465 1194 Observet
481 1167 598 1194 autem
616 1160 725 1193 lector
750 1158 835 1193 baec
852 1165 1060 1203 argumenta

73 1212 193 1245 omnia
225 1218 309 1244 nata
343 1224 416 1245 esse
447 1213 482 1244 in
508 1212 594 1245 locis
625 1212 891 1245 communibus:
937 1210 1062 1244 Gloria

71 1270 121 1298 est
147 1263 288 1297 virtutis
314 1276 449 1302 comes3
484 1262 602 1298 hostes
630 1263 771 1296 xincere
803 1276 880 1297 011111
906 1262 1063 1307 pernicie

71 1315 209 1361 patrIae
239 1327 314 1349 non
348 1322 397 1348 est
433 1315 562 1355 virtus,
603 1316 662 1349 sed
695 1327 834 1348 summa
866 1314 1062 1358 turpitudo.

70 1367 123 1401 lta
147 1367 256 1411 igitur
276 1367 486 1401 iudicandus
511 1374 561 1400 est
578 1366 708 1400 Caesar
724 1366 852 1399 mereri
870 1366 1061 1410 perfectam

73 1419 223 1464 gloriam
239 1446 247 1459 ,
284 1419 311 1452 si
337 1432 411 1452 non
436 1419 549 1452 solum
575 1416 693 1452 hostes
721 1417 963 1462 superaverit,
1002 1417 1062 1449 sed

72 1471 177 1505 etiam
202 1471 424 1505 constituerit
448 1470 704 1515 rempublicam
735 1470 811 1503 iure
836 1475 870 1502 et
891 1468 1037 1512 legibus.

172 1548 251 1582 Alia
289 1547 519 1582 correctio
556 1546 751 1591 particulae
781 1548 859 1589 diu,
900 1556 990 1590 quae
1030 1551 1063 1577 et

71 1601 146 1644 ipsa
165 1606 305 1644 sumpta
322 1606 372 1633 est
386 1612 426 1632 ex
445 1598 530 1631 locis
548 1597 810 1637 communibus,
827 1598 923 1642 quod
942 1596 1063 1641 magni

72 1652 139 1685 viri
164 1652 316 1684 debeant
342 1649 649 1683 immortalitatem
676 1649 826 1688 intueri,
862 1661 935 1681 non
959 1660 1061 1693 prae-

72 1710 205 1738 sentem
238 1702 369 1742 vitam‚
406 1714 496 1747 quae
530 1701 667 1735 etiamsi
696 1701 838 1745 longior
861 1699 1061 1744 contigerit,

378 119 436 156 IX.
488 117 773 155 ENARRATIO
807 119 1067 156 ORATIONIS
1101 118 1351 155 CICERONIS
1390 120 1489 155 PRO

1086 1678 1090 1727 l
1116 1696 1275 1730 laudavit
1302 1697 1453 1734 factum3
1483 1695 1538 1729 hic
1561 1697 1631 1741 agit
1661 1697 1803 1740 gratias.

1530 120 1806 158 MARCELLO.
2031 125 2106 161 954

1122 212 1239 239 tamen
1281 218 1318 239 re
1365 207 1437 250 ipsa
1474 207 1681 241 brevissima
1723 214 1756 240 et
1787 209 2006 251 fugacissima
2043 218 2105 246 est.

1119 257 1175 289 Sic
1199 257 1306 301 igitur
1330 258 1469 301 corrigit
1498 258 1621 291 Cicero
1650 267 1771 292 vocem
1798 260 1972 293 Caesaris:
2008 260 2103 295 §ihil

1119 314 1188 348 est,
1224 310 1320 354 quod
1348 309 1568 354 disputemus
1592 311 1634 343 de
1657 317 1788 351 aetate,
1822 324 1929 356 quam
1959 313 2018 345 diu
2057 314 2106 345 xi-

1119 371 1200 391 vere
1238 360 1342 399 velis,
1378 361 1459 406 quia
1503 368 1582 394 tuus
1613 362 1753 396 animus
1788 362 1949 406 flagravit
1985 377 2105 397 amore

1941 414 2105 447 Minor:

1118 461 1184 494 Sed
1210 469 1380 506 perpetua
1415 464 1526 505 gloria
1553 464 1637 503 erit,
1675 466 1701 498 si
1733 466 1989 510 rei‘upublicam
2023 478 2106 499 eon-

1117 513 1283 547 stitueris.
1336 513 1435 545 lianc
1467 516 1677 548 senteutiam
1716 517 1818 559 longa
1860 524 1893 549 et
1929 515 2105 551 rhetorica

1119 564 1394 608 amplificatione
1421 566 1562 598 ornavit
1594 579 1655 610 per
1685 568 1910 600 collationem
1942 569 2028 603 alias
2051 582 2106 602 res

1117 622 1251 659 gestas,
1277 628 1488 660 comparans
1515 630 1593 649 eum
1619 619 1734 651 studio
1754 620 2020 653 eonstituendae
2039 621 2106 653 rei-

1118 667 1291 712 publicae,
1346 668 1446 712 Quae
1471 669 1613 713 quidem
1647 670 1706 714 qui
1729 670 1894 711 miretur,
1932 672 2000 704 iam
2036 672 2107 716 pri-

1117 720 1197 751 dem
1212 719 1321 751 multa
1339 717 1456 753 babet.
1490 719 1535 752 Et
1554 722 1677 764 repetit
1697 720 1844 754 eandem
1865 724 2104 756 collationem.

1117 769 1194 803 Erit
1221 770 1415 810 intereos,
1456 771 1517 816 qui
1549 778 1759 811 nascentur,
1800 774 1888 807 sicut
1918 775 2008 808 inter
2040 787 2106 808 nos

1116 822 1183 855 fuit
1206 833 1335 865 magna
1368 822 1552 856 dissensio.
1605 823 1792 856 Postremo
1822 825 1913 857 redit
1945 828 1986 858 ad
2023 839 2106 870 pro—

1116 872 1332 917 positionem
1365 875 1407 906 de
1437 874 1593 914 insidiis,
1630 875 1689 907 ubi
1723 875 1943 910 coniecturas
1975 877 2107 920 colligit

1118 925 1162 957 ad
1186 924 1433 969 probandum,
1471 927 1567 971 quod
1588 938 1661 958 11011
1687 926 1731 959 sit
1763 927 1953 960 verisimile
1983 942 2104 973 quem-

1118 988 1226 1021 quam
1252 976 1413 1009 insidiari
1432 976 1594 1017 Caesari,
1624 978 1705 1023 quia
1728 978 1887 1022 ingratus
1905 979 1988 1012 civis
2007 987 2107 1019 esset,

1118 1027 1179 1072 qui
1212 1034 1283 1060 tam
1315 1028 1522 1061 elementem
1552 1030 1720 1062 xit-torem
1753 1030 1894 1063 odisset.
1980 1029 2108 1074 [ncipit

1118 1085 1236 1111 autem
1266 1080 1375 1122 paulo
1408 1080 1530 1119 altius,
1574 1080 1678 1114 fuisse
1711 1081 1841 1114 bellum
1880 1082 1972 1114 inter
2002 1082 2107 1121 rives,

1117 1130 1289 1162 rictorem
1330 1130 1517 1164 Caesarem
1557 1131 1661 1164 fuisse
1703 1134 1940 1166 moderatum.
2012 1133 2108 1166 Haec

1116 1181 1277 1214 narratio
1312 1181 1358 1214 ita
1391 1184 1480 1215 sacta
1513 1189 1563 1216 est
1594 1183 1700 1226 paulo
1734 1184 1894 1227 longior,
1929 1191 1962 1217 111
1993 1185 2107 1228 magis

1118 1233 1380 1276 conspiceretur
1416 1234 1600 1267 clementia
1634 1234 1806 1268 Caesaris.
1858 1234 2003 1269 Initium
2038 1243 2105 1269 est:

1117 1285 1180 1317 Dix
1191 1296 1288 1317 ersae
1307 1285 1506 1318 xoluntates
1525 1285 1654 1319 cisium
1670 1288 1825 1320 fuerunt.
1878 1287 1986 1320 Aliud
2004 1300 2107 1331 argu-

1118 1343 1278 1369 mentum
1305 1337 1348 1368 ab
1372 1337 1448 1369 utili
1483 1350 1544 1370 seu
1566 1338 1782 1371 necessario:
1819 1338 1893 1372 Nos
1922 1352 1994 1371 non
2026 1352 2105 1383 pos-

1117 1400 1237 1421 sumus
1265 1399 1337 1420 esse
1362 1388 1471 1426 salvi,
1496 1388 1563 1421 nisi
1587 1395 1617 1421 te
1637 1390 1755 1422 salvo:
1783 1402 1866 1433 ergo
1883 1391 2001 1423 nullus
2021 1390 2105 1423 civis

1117 1439 1306 1472 insidiatur
1332 1439 1407 1472 tibi.
1460 1439 1584 1484 Neque
1620 1440 1713 1472 enim
1745 1441 1878 1484 poterit
1910 1454 1982 1475 esse
2012 1448 2107 1474 tran-

1118 1490 1226 1536 quilla
1247 1490 1397 1523 Caesare
1416 1490 1582 1524 extincto.
1633 1491 1900 1525 Conclusio:
1931 1493 2105 1526 Maximus

1117 1542 1179 1575 tibi
1214 1541 1344 1585 gratias
1377 1542 1514 1585 agimus
1546 1555 1680 1577 omnes.
1734 1543 1842 1576 Redit
1871 1545 1916 1576 ad
1944 1544 2107 1577 Marcelli

1116 1605 1258 1627 causam
1281 1593 1317 1625 111
1351 1594 1595 1634 conclusione,
1634 1600 1665 1627 et
1701 1595 1773 1638 agit
1802 1595 1932 1639 gratias
1966 1603 2108 1630 senatus

1116 1652 1149 1678 et
1181 1657 1244 1678 suo
1277 1645 1423 1678 nomine
1457 1657 1522 1689 pro
1552 1646 1715 1679 restituto
1749 1646 1931 1680 Marcello.
1993 1648 2105 1691 Supra

1118 410 1396 445 immortalitatis
1429 419 1458 444 et
1492 420 1682 457 perpetuae
1716 413 1861 457 gloriae.

611 1906 648 1943 5.
703 1903 911 1940 ALIA
963 1900 1565 1948 Disposl'rlow).

175 2011 331 2047 Exordia
364 2009 493 2043 debent
526 2008 657 2042 hahere
697 2009 871 2055 quosdam
906 2008 1062 2047 affectus,

71 2074 105 2100 et
128 2072 246 2099 motus
271 2061 394 2096 animi.

176 2118 208 2152 l.
237 2116 417 2150 Hactenus
432 2113 556 2146 dolore
572 2111 763 2156 impeditus
773 2110 1061 2155 propterbellum

72 2169 179 2204 tacui.
241 2171 276 2203 2.
304 2167 407 2201 Nunc
432 2167 559 2198 iterum
585 2164 684 2204 dico,
718 2163 800 2208 quia
828 2162 962 2195 laetitia
988 2162 1061 2195 affi-

76 2222 149 2255 cior
164 2226 312 2266 propter
331 2217 492 2251 Caesaris
511 2215 746 2249 clementiam.
799 2214 834 2247 3.
863 2213 955 2258 Quia
976 2213 1062 2246 Cae-

74 2285 130 2308 sar
145 2271 301 2307 restituit
318 2269 542 2303 Marcellum.
569 2265 817 2312 Repetitio.
872 2264 906 2299 4.
935 2264 1062 2298 Hacte-

75 2337 141 2358 nus
164 2324 327 2357 dolebam
353 2322 402 2356 M.
426 2320 636 2354 Marcellum
659 2319 790 2352 abesse,
843 2314 877 2351 5.
905 2316 999 2361 Ergo
1020 2329 1060 2350 eo

74 2375 235 2410 restituto
259 2375 408 2419 gaudeo.

178 2427 265 2459 Tra
274 2425 469 2464 nslatio‚
492 2423 546 2457 Ex
564 2423 705 2468 privato
721 2420 863 2465 negotio
880 2421 1061 2465 publicum

74 2478 173 2512 fecit:
211 2478 386 2512 Omnibus
426 2475 596 2510 sustulisti
635 2475 772 2518 signum
804 2473 848 2505 ad
874 2473 962 2506 bene
986 2484 1062 2516 spe—

74 2531 238 2564 randum.

113 2615 159 2642 48)
180 2614 256 2637 lianc
274 2613 399 2642 quartam
417 2609 601 2635 Melanthonis
624 2610 650 2633 in
678 2609 790 2632 eandem
809 2606 961 2631 orationem
981 2607 1061 2631 Cice-

145 2648 222 2672 ronis
247 2647 453 2676 dispositionem
479 2646 540 2669 sola
557 2645 606 2669 Ed.
628 2644 701 2667 1568.
727 2642 864 2671 continet,
890 2642 916 2664 in
943 2647 995 2671 qua
1023 2642 1061 2665 sic

146 2684 187 2707 est
206 2682 352 2711 inscripta:
372 2681 434 2705 Alia
452 2679 595 2709 dispositio
620 2679 740 2702 eiusdem
765 2677 791 2700 in
812 2677 925 2700 eandem
948 2676 1062 2700 cicero-

145 2718 186 2741 nis
205 2716 357 2741 orationeni
376 2721 425 2745 pro
444 2716 478 2739 M.
497 2714 629 2737 Marcello
653 2712 770 2743 privatis
794 2711 934 2740 discipulis
958 2717 1061 2735 memo-

144 2752 203 2776 riae
221 2757 303 2776 eausa
320 2756 392 2775 anno
413 2749 487 2774 1531.
506 2749 667 2779 conscripta.

1219 2004 1374 2038 Ratio:
1416 2004 1509 2050 Quia
1540 2002 1608 2037 hoc
1640 2006 1771 2038 factum
1804 2011 1970 2044 testatur,
2009 2006 2106 2050 quod

1115 2056 1227 2101 pluris
1248 2056 1356 2090 facias
1378 2056 1636 2101 rempublicam
1669 2068 1776 2101 quam
1808 2056 1985 2100 privatam
2009 2057 2105 2100 cupi-

1115 2108 1263 2141 ditatem
1302 2108 1498 2149 vindictae,
1539 2108 1621 2153 quia
1660 2114 1808 2152 propter
1847 2109 2105 2152 rempublicam

1116 2160 1230 2205 parcis
1253 2159 1411 2193 inimico.

1218 2211 1250 2243 A
1270 2223 1467 2255 persona
1486 2209 1664 2243 Marcelli:
1681 2209 1927 2244 Honorificum
1946 2216 1997 2243 est
2009 2209 2105 2242 Mar-

1116 2264 1224 2303 cello,
1253 2263 1315 2308 qui
1340 2276 1420 2296 cum
1446 2261 1584 2307 publica
1607 2261 1740 2294 laetitia
1760 2268 1792 2294 et
1814 2261 1946 2294 iudicio
1963 2267 2104 2294 senatus

1115 2322 1149 2348 et
1173 2314 1334 2348 Caesaris
1358 2314 1568 2348 restituitur.

1218 2365 1556 2410 Amplificatio:
1602 2363 1647 2397 Et
1678 2369 1855 2403 meretur,
1889 2363 1972 2408 quia
1996 2375 2103 2396 nemo

1116 2424 1166 2451 est
1189 2430 1230 2451 eo
1255 2417 1494 2461 praestantior
1520 2415 1718 2449 nobilitate.

1219 2468 1486 2513 Propositio
1520 2480 1582 2512 per
1608 2466 1930 2511 comparationem:
1970 2465 2104 2500 Multas

1115 2521 1316 2565 praeclaras
1342 2533 1396 2554 res
1418 2520 1511 2552 bello
1536 2517 1690 2563 gessisti3
1733 2530 1856 2551 verum
1888 2515 2104 2552 hodiernum

1114 2572 1325 2605 beneficium
1352 2577 1497 2616 superat
1517 2583 1571 2604 res
1596 2569 1689 2603 bello
1716 2576 1840 2613 gestas.

1219 2624 1337 2657 Proh
1350 2623 1460 2656 atio:
1498 2622 1591 2666 Quia
1624 2634 1678 2655 res
1707 2621 1801 2654 bello
1829 2627 1946 2665 gestae
1971 2621 2103 2665 partim

1115 2676 1298 2716 fortunae,
1324 2674 1454 2719 partim
1481 2674 1652 2706 militibus
1677 2673 1943 2710 adscribuntur;
1982 2684 2104 2705 xerum

1118 2728 1308 2760 elementer
1324 2728 1412 2759 facta
1434 2732 1512 2760 sunl
1531 2724 1675 2770 proprie
1693 2731 1764 2758 tua.
1788 2724 2103 2769 Syllogismust
