2347 3000
230 152 300 186 103

229 238 284 281 pia
301 238 429 270 docent
445 243 504 270 aut
521 237 710 269 defendunt
724 263 733 275 ,
754 236 823 270 sint
839 235 1023 268 execrandi
1041 241 1211 278 tanquam

227 287 474 327 anathemata,
500 289 595 321 nulla
617 288 666 321 eis
685 287 913 321 ecclesiastica
935 285 1134 318 ohedientia
1155 287 1212 318 (le-

228 342 339 374 betur.
393 340 579 372 Caeterum
603 345 751 371 ornatur
773 346 806 371 et
837 352 853 370 a
881 338 981 369 nobis
1012 337 1211 370 obedientia

227 391 325 424 omni
344 403 469 433 genere.
495 391 619 424 laudis.
674 390 888 422 praest-nuda
907 395 989 421 sunt
1005 388 1120 421 cixilia
1139 390 1212 422 ossi-

227 444 278 475 cia
303 442 467 484 legitimis
489 442 767 485 magistratibus,
795 441 853 473 sed
870 452 1010 484 semper
1025 441 1144 483 regula
1164 447 1212 473 tc-

229 495 362 533 nenda,
385 500 435 533 ut,
460 493 486 526 si
505 494 587 538 quid
614 493 787 536 imperent
810 490 883 524 lieri
902 498 1023 524 contra
1043 493 1210 524 mandata

231 546 312 585 Dei,
340 545 452 587 magis
468 544 543 576 Deo
565 555 770 588 pareamus,
799 556 905 588 quam
925 541 1141 577 homiuibus.

330 596 442 634 Haec,
471 608 560 640 quae
588 596 629 626 de
657 594 773 626 osticio
795 594 1067 637 magistratuum
1096 595 1129 627 111
1148 593 1212 627 liae

227 646 464 691 disputatione
498 646 641 687 collegi,
669 658 752 678 wera
783 652 816 678 et
847 648 946 679 firma
970 653 1070 686 sunt,
1100 660 1139 678 ac
1162 647 1213 678 ‹li—

226 705 317 731 serte
344 704 377 729 et
400 709 559 740 expresse
587 697 714 730 tradita
738 697 773 729 in
801 698 908 730 xerbo
931 697 1005 731 Dei.
1059 697 1131 732 'Nec
1150 700 1213 731 ‹lu-

226 750 299 782 111111
321 761 359 780 ea
378 760 572 790 congruere
592 749 697 781 etiam
716 761 795 781 cnm
814 749 989 783 veteribus
1006 750 1212 789 canonibus,

226 801 253 834 si
279 802 399 833 dextre
423 799 687 843 intelligantur,
713 813 752 833 ac
779 807 863 845 opto
888 801 1003 834 bonos
1028 801 1124 835 viros
1147 800 1212 834 hac

226 851 471 884 admonitione.
489 851 604 885 adlici.

329 901 415 935 lllud
440 915 524 935 vero
549 915 607 936 0115
633 903 828 947 principes,
858 902 916 948 qui
942 903 1132 936 restituunt
1147 904 1212 936 Ec-

226 954 346 988 etesias
363 981 370 994 ,
415 961 519 987 orant
557 961 591 987 et
625 955 847 987 obtestantur
888 955 980 987 veris
1023 953 1214 1000 lachrymis

227 1017 350 1039 omnes
378 1005 446 1049 pii,
473 1012 512 1038 ut
534 1006 717 1039 literarum
747 1012 780 1038 et
807 1018 929 1038 earum
950 1006 1078 1039 artium
1097 1007 1212 1040 studia

226 1057 394 1091 adiuvent
410 1063 443 1090 et
458 1057 620 1097 excitent,
642 1057 769 1103 quibus
784 1057 958 1090 Ecclesiae
979 1056 1108 1090 Christi
1127 1071 1214 1102 opus

226 1115 294 1149 est,
323 1115 447 1141 curent
470 1109 609 1153 publica
628 1109 839 1141 liberalitate
863 1109 907 1141 ali
928 1109 962 1141 iu
982 1107 1110 1143 scholis
1129 1122 1214 1154 [1311-

228 1173 325 1204 peres
346 1158 592 1200 scholasticos,
620 1167 654 1193 ct
677 1167 769 1193 recte
792 1160 946 1200 crudiri,
975 1173 1014 1193 ac
1035 1174 1088 1194 sex
1100 1161 1214 1193 eriore

226 1211 414 1255 disciplina
428 1212 513 1255 regi.

329 1261 366 1294 111
386 1263 579 1296 Germania
604 1263 800 1296 adversarii
826 1263 909 1295 odio
936 1262 1123 1305 Evangelii
1146 1259 1214 1294 hoc

226 1316 268 1347 110
301 1314 475 1347 industria
508 1320 636 1357 agunt,
671 1320 726 1353 ut,
754 1320 929 1358 quantum
957 1319 1123 1357 possunt,
1153 1325 1215 1357 op-

227 1365 382 1409 primant
416 1371 449 1398 et
479 1365 686 1408 extinguant
719 1364 839 1397 omnia
876 1365 1057 1397 literarum
1087 1364 1215 1404 studia,

225 1417 320 1462 quod
338 1414 400 1449 has
415 1422 543 1461 putant
560 1416 679 1461 aliqua
691 1428 731 1448 ex
748 1422 847 1460 parte
864 1415 1130 1449 monstratrices
1143 1427 1214 1449 esse

225 1481 329 1501 xerae
355 1468 550 1500 doctrinae.
610 1468 661 1499 Ac
684 1468 789 1511 plane
816 1467 863 1499 ita
890 1467 1142 1507 dominantur,
1176 1473 1216 1499 ut

227 1519 374 1552 memini
404 1520 548 1552 abbates
577 1519 749 1563 quosdam
781 1519 918 1558 dicere,
954 1531 990 1551 se
1015 1518 1110 1550 nolle
1134 1530 1215 1551 suos

226 1568 420 1604 monachos
443 1571 577 1603 versari
601 1570 638 1602 iu
661 1570 791 1609 literis,
826 1570 909 1615 quIa
934 1582 1009 1602 non
1035 1569 1216 1613 expediret

226 1623 275 1656 eis
298 1622 410 1655 ullum
431 1619 650 1655 monachum
675 1622 801 1653 abbate
825 1621 1022 1654 doctiorem
1045 1627 1105 1653 aut
1130 1633 1214 1659 csse,

226 1680 287 1707 aut
312 1673 437 1707 videri.
498 1672 560 1706 Est
584 1673 732 1705 omnino
763 1673 900 1706 inscitia
925 1672 1037 1717 magis
1061 1672 1215 1705 obnoxia

227 1725 419 1771 tyrannidi.
472 1723 595 1770 Itaque
619 1731 657 1757 ut
689 1724 889 1757 vastitatem
914 1724 950 1756 in
975 1723 1140 1757 Ecclesiis
1166 1724 1216 1756 fa-

227 1777 324 1810 ciunt
339 1776 384 1822 ⁶⁸)
397 1803 405 1815 ,
434 1777 591 1809 eruditos
616 1788 655 1809 ac.
678 1776 755 1820 pios
773 1777 935 1808 doctores
950 1776 1068 1808 nullos
1085 1776 1216 1814 serunt,

226 1829 273 1862 sic
296 1827 511 1873 cyclopicam
536 1827 738 1860 barbariem
762 1827 799 1860 in
823 1833 896 1860 tota
918 1827 1014 1859 civili
1031 1832 1216 1860 consuetu-

226 1880 307 1912 dine
326 1880 461 1912 efficere
488 1886 674 1913 conantur.
728 1879 875 1912 Utinam
895 1891 980 1911 vero
1001 1878 1115 1910 nostri
1133 1890 1215 1922 pro-

229 1938 304 1976 pter
321 1931 469 1974 gloriam
487 1928 618 1964 Christi
634 1932 717 1963 dent
735 1942 901 1975 operam,
925 1937 964 1964 ut
979 1930 1131 1962 floreant
1145 1935 1216 1962 stn-

227 1983 285 2015 dia
306 1983 502 2015 literarum.

330 2033 425 2067 Dens
445 2033 616 2073 instituit,
645 2039 683 2065 ut
698 2034 818 2077 magni
835 2039 954 2066 coetus
971 2038 1086 2066 essent
1102 2032 1145 2064 ad
1167 2037 1217 2063 ta-

229 2085 478 2124 bernaculum,
505 2097 579 2117 non
607 2084 713 2117 aliam
741 2085 786 2117 ob
813 2096 977 2123 causam,
1010 2083 1078 2117 nisi
1101 2089 1141 2116 ut
1165 2094 1216 2115 es-

228 2143 305 2170 seut
329 2143 500 2182 tanquam
534 2133 694 2176 scholae,
721 2136 782 2169 ubi
800 2135 955 2170 seniores
979 2135 1155 2168 docebant
1184 2139 1217 2166 et

229 2189 437 2221 exercebant
458 2187 614 2233 reliquos
640 2187 676 2219 iu
698 2188 826 2225 literis,
854 2187 891 2219 in
913 2187 988 2231 lege
1013 2186 1153 2225 divina,
1180 2184 1216 2217 in

230 2238 404 2280 historiis,
427 2239 465 2272 in
485 2239 640 2278 musica,
667 2239 704 2271 in
728 2238 916 2272 medicina.
970 2238 1061 2272 Nam
1081 2235 1145 2270 has
1161 2248 1216 2269 ar-

231 2298 278 2324 tes
303 2298 386 2324 tunc
415 2290 617 2324 tractabant
637 2292 856 2329 sacerdotes,
886 2290 933 2323 sic
960 2289 1141 2323 institutus
1166 2294 1217 2321 est

230 2343 389 2381 Samuel,
416 2343 464 2375 sic
487 2349 521 2375 et
537 2339 739 2386 Prophetae
766 2341 992 2376 scholasticos
1017 2347 1137 2374 coetus
1155 2337 1216 2372 ha-

231 2395 402 2433 buerunt,
424 2393 540 2433 Elias,
564 2393 720 2434 Elisens,
741 2392 892 2427 loannes
909 2392 1082 2437 Baptista.
1112 2391 1216 2424 Hunc

231 2457 367 2477 morem
385 2451 419 2477 01
435 2443 594 2479 Christus
612 2445 778 2485 servavit,
797 2453 830 2478 et
849 2444 976 2477 imitati
992 2450 1074 2477 sunt
1089 2443 1216 2476 deinde

230 2496 390 2540 Apostoli
411 2502 444 2528 et
466 2509 589 2529 eornm
613 2497 787 2541 discipuli.
840 2495 991 2529 Ioannes
1005 2493 1137 2540 Ephesi
1156 2492 1216 2527 ha-

231 2547 305 2580 buit
322 2554 433 2580 certos
453 2554 485 2580 et
502 2547 660 2581 assiduos
677 2549 874 2589 auditores,
904 2554 1024 2593 postea
1043 2548 1216 2592 Smyrnae

234 2599 459 2643 polycarpus.

265 2733 312 2762 68)
337 2731 453 2761 faciunt]
479 2732 520 2756 sie
545 2736 620 2756 recte
643 2733 728 2756 Editt.
756 2733 840 2762 pecul.
864 2733 937 2758 15³9.
965 2736 992 2756 et
1020 2732 1095 2758 15⁴0.
1123 2734 1148 2756 et
1169 2732 1216 2755 Ed.

300 2767 370 2798 Epic.
392 2767 480 2797 1540.;
507 2767 554 2791 Ed.
577 2767 651 2791 1546.
671 2767 782 2791 faciant.

508 149 708 184 SCRIPTA
732 149 806 184 PH.
830 148 942 183 MEL.
969 148 1034 181 AD
1060 146 1268 182 ETHICEN
1296 145 1360 180 ET
1387 145 1643 183 POLITICEN
1670 147 1979 184 SPECTANTIA.

2181 150 2251 185 104

1368 234 1418 266 Ac
1444 236 1612 279 proderat
1642 248 1714 269 esse
1734 237 1820 269 tales
1845 242 1983 275 coetus,
2012 241 2050 268 ut
2067 242 2255 273 constaret,

1267 298 1285 318 a
1323 286 1450 331 quibus
1485 287 1690 320 doctoribus
1725 294 1758 320 et
1795 300 1863 332 qua
1900 288 1965 319 lide
1995 293 2254 331 propagaretur

1266 336 1511 379 lixangetium.
1566 338 1639 370 Hac
1658 338 1838 381 diligentia
1860 350 1937 371 cum
1960 351 2049 382 opus
2068 345 2175 378 essct,
2202 338 2255 370 in—

1266 389 1385 421 stituta
1412 394 1491 421 sunt
1517 389 1644 421 deinde
1668 391 1812 431 collegia
1836 391 2111 429 canonicorum,
2140 396 2178 422 nt
2193 389 2256 422 sci-

1267 446 1318 472 ret
1338 440 1542 484 posteritas,
1570 453 1586 472 a
1609 441 1736 486 quibus
1753 442 1952 474 doctrinam
1971 442 2171 485 accepisset.
2204 439 2254 473 lta

1268 491 1478 537 Dionysium
1497 491 1796 531 Alexandrinum,
1824 499 1856 525 et
1873 492 2172 537 Alexandrinum)
2193 505 2253 525 an-

1267 543 1354 575 dixit
1379 541 1605 576 Athanasius.
1660 542 1704 575 Et
1720 543 1872 577 Basilius
1898 545 2024 587 allegat
2051 557 2132 577 suos
2155 555 2255 588 prae-

1267 601 1445 638 ceptores,
1474 595 1522 626 ait
1546 595 1610 628 51111
1637 592 1751 627 adhuc
1776 607 1899 627 eorum
1930 596 2112 629 sententiis
2136 607 2174 627 ac
2194 607 2254 627 vo-

1267 646 1364 679 cibus
1395 659 1497 679 aures
1532 659 1734 690 personare.
1796 647 1865 679 Sed
1893 653 2013 690 postea
2039 647 2073 679 iu
2100 646 2256 689 collegiis

1267 711 1351 742 opes
1384 704 1598 742 pepererunt
1623 698 1762 738 luxum,
1796 697 1924 730 deinde
1948 704 2169 731 accesserunt
2192 698 2254 729 im—

1267 750 1384 794 peria,
1411 762 1501 794 quae
1523 750 1632 793 magis
1655 749 1761 782 etiam
1780 756 1979 782 nocuerunt
1997 750 2133 782 studiis.
2187 748 2255 781 Ita-

1268 814 1335 846 que
1361 806 1400 833 111
1421 801 1570 834 Ecclesia
1601 802 1693 844 apud
1720 802 1907 833 canonicas
1934 801 2083 833 extincta
2110 806 2179 839 est,
2210 800 2254 832 ita

1267 852 1450 885 ‹loctrittae
1470 853 1723 896 possessionem
1746 853 1952 886 amiserunt.

1371 903 1574 936 Curandum
1601 910 1650 936 est
1674 904 1779 946 igitur
1799 904 1963 937 omnibus
1984 903 2071 947 piis,
2100 914 2138 934 ac
2156 913 2255 946 prae-

1268 955 1386 987 sertim
1414 953 1485 995 1115,
1515 956 1574 1000 qui
1596 962 1782 999 praesunt,
1810 962 1848 989 nt
1867 962 1965 988 xetns
1985 954 2184 998 exemplum
2204 965 2256 985 re-

1268 1007 1444 1045 tineatur,
1474 1013 1512 1040 ut
1537 1007 1582 1038 1111
1607 1007 1753 1039 floreant
1777 1007 1917 1045 literae,
1947 1006 2005 1039 ubi
2024 1011 2075 1037 est
2092 1017 2173 1036 vera
2191 1004 2256 1036 Ec-

1269 1058 1382 1091 clesia.

1269 1109 1444 1153 principes
1474 1109 1606 1141 inimici
1630 1109 1826 1151 lixangelio
1854 1110 2054 1150 gloriantur
2078 1120 2112 1140 se
2138 1108 2257 1139 desen-

1268 1162 1350 1193 ‹lere
1377 1167 1530 1192 voterem
1559 1162 1709 1193 sormam
1734 1161 1928 1199 Ecclesiae,
1957 1167 1989 1192 et
2012 1166 2131 1192 tamen
2154 1158 2256 1190 ‹limi-

1269 1218 1349 1244 cant
1371 1218 1509 1244 tantum
1536 1212 1578 1243 de
1605 1212 1690 1244 cibis
1715 1220 1776 1245 ant
1800 1213 1877 1245 aliis
1900 1211 2095 1255 nugacibus
2118 1210 2257 1249 ritibus,

1267 1275 1342 1295 non
1368 1259 1436 1294 hoe
1467 1268 1595 1305 agunt,
1624 1269 1663 1295 ut
1686 1263 1832 1305 collegia
1865 1265 1908 1295 ad
1935 1263 2049 1296 studia
2078 1267 2257 1298 revocent,

1269 1326 1360 1359 quae
1385 1325 1441 1346 res
1464 1313 1653 1357 praecipue
1676 1314 1720 1346 ad
1738 1320 1893 1347 veterem
1912 1316 2065 1347 sormam
2080 1312 2257 1346 Ecclesiae

1270 1365 1482 1409 pertinebat.

1371 1416 1438 1448 Sed
1455 1415 1577 1448 desino
1595 1415 1637 1447 de
1656 1415 1722 1449 illis
1738 1415 1866 1449 dicere.
1894 1416 1967 1450 Nos
1983 1415 2258 1453 consideremus,

1269 1479 1377 1512 quam
1408 1466 1646 1500 necessarium
1679 1473 1711 1499 et
1735 1467 1833 1510 pium
1861 1468 2013 1500 officium
2038 1467 2083 1500 sit
2107 1466 2258 1499 excitare

1269 1518 1396 1552 studia.
1451 1518 1541 1552 lN‘am
1576 1518 1650 1550 sine
1683 1515 1810 1552 scholis
1838 1525 1872 1551 et
1896 1519 1970 1551 sine,
1995 1518 2155 1550 doctrina
2183 1528 2258 1550 non

1268 1576 1385 1614 potest
1410 1569 1595 1613 Evangelii
1622 1570 1756 1613 puritas
1782 1569 1985 1603 conservari
2002 1570 2058 1613 ⁷⁰).
2111 1569 2157 1601 Et
2181 1568 2258 1612 plu-

1270 1622 1399 1654 rimum
1423 1622 1531 1653 refert
1554 1621 1662 1660 scire,
1690 1634 1708 1653 a
1729 1621 1876 1666 quibus,
1906 1628 1939 1654 et
1957 1634 2025 1667 qua
2044 1622 2110 1653 tide
2126 1632 2257 1665 propa-

1269 1679 1348 1717 gata
1380 1673 1435 1706 sit.
1488 1672 1677 1705 Praeterea
1713 1673 1977 1707 controversiae
2006 1671 2257 1705 ecclesiasticae

1268 1725 1428 1770 profecto
1473 1724 1547 1758 sine
1584 1736 1712 1766 magna
1753 1725 1952 1757 eruditione
1983 1723 2152 1768 explicari
2183 1735 2257 1756 non

1270 1782 1428 1821 possunt.

1373 1826 1460 1859 Cum
1490 1832 1607 1859 autem
1632 1826 1735 1870 pauci
1760 1826 1886 1859 divites
1910 1824 1996 1859 haec
2015 1826 2129 1859 studia
2151 1825 2257 1858 eccle-

1270 1878 1407 1912 siastica
1428 1877 1566 1917 colant,
1591 1890 1729 1911 necesse
1748 1885 1799 1911 est
1814 1875 1962 1910 honesta
1980 1877 2155 1921 stipendia
2175 1889 2259 1909 con-

1269 1930 1366 1963 stitui
1396 1929 1596 1974 pastoribus
1621 1928 1882 1968 licclesiarum,
1911 1929 2117 1961 doctoribus
2142 1940 2181 1960 ac
2207 1927 2258 1960 di-

1270 1981 1447 2015 scentibus
1470 1981 1506 2012 in
1523 1978 1663 2014 scholis.
1715 1980 1816 2013 Hanc
1835 1982 1878 2013 ad
1900 1993 1974 2013 rem
1994 1980 2257 2013 transferendae

1270 2039 1352 2066 suut
1378 2045 1461 2077 opes
1487 2031 1736 2075 collegiorum,
1765 2039 1796 2065 et
1818 2032 2139 2071 monasteriorum,
2168 2043 2258 2076 quae

1270 2084 1398 2117 iniuste
1420 2090 1587 2116 tenentur
1613 2089 1643 2115 01
1663 2084 1882 2116 devorantur
1901 2084 1944 2116 ab
1971 2083 2140 2123 indoctis,
2169 2083 2258 2116 otio-

1270 2136 1336 2176 sis,
1364 2135 1517 2180 denique
1535 2135 1577 2167 ab
1596 2132 1755 2168 hostibus
1772 2135 1970 2179 Evangelii.

1373 2187 1477 2232 Quod
1505 2184 1664 2219 Christus
1695 2186 1729 2219 in
1758 2187 1933 2220 sententia
1960 2185 2105 2219 extremi
2138 2183 2259 2217 iudicii

1271 2238 1387 2283 inquit
1414 2236 1560 2284 (Matth.
1583 2236 1650 2277 25,
1675 2237 1772 2283 35.),
1802 2251 1836 2272 se
1863 2237 2078 2271 circurniisse
2102 2235 2257 2269 esurien-

1271 2297 1341 2323 tem
1375 2302 1414 2322 ac
1441 2289 1637 2322 sitientem:
1673 2289 1742 2322 iam
1769 2290 1923 2333 cogitent
1947 2288 2142 2333 principes,
2175 2299 2257 2319 vere

1271 2354 1350 2374 eum
1369 2341 1556 2374 circumire
1577 2341 1788 2374 esurientem
1808 2354 1848 2374 ac
1870 2341 2066 2379 sitientem,
2095 2338 2196 2385 queri
2212 2338 2258 2383 τι)

1270 2394 1312 2426 de
1343 2393 1521 2438 tyrannis,
1557 2392 1617 2437 qui
1646 2393 1723 2437 pios
1749 2392 1986 2430 interficiunt,
2021 2392 2063 2424 de
2090 2389 2258 2433 collegiis.

1270 2446 1384 2490 deque
1410 2444 1488 2477 aliis
1515 2443 1650 2484 avaris,
1676 2445 1738 2491 qui
1761 2446 1934 2478 devorant
1951 2442 2083 2476 reditus
2102 2453 2257 2474 necessa-

1438 1058 1532 1103 Quid
1557 1065 1606 1091 est
1631 1059 1835 1097 absurdius,
1865 1071 1971 1103 quam
1993 1057 2089 1102 qnod
2109 1068 2206 1099 reges
2224 1061 2256 1087 1-1

1303 2578 1351 2603 69)
1371 2578 1537 2602 Alexander.
1558 2579 1924 2608 episcopusAlexandrinus.
1945 2579 1970 2601 in
1986 2578 2062 2601 cuius
2078 2578 2258 2601 toeumAttta-

1340 2613 1435 2635 nasius
1452 2613 1510 2637 326.
1532 2614 1676 2636 successit.

1303 2654 1349 2685 70)
1370 2655 1475 2684 puritas
1490 2655 1666 2683 conservari]
1686 2655 1725 2678 sic
1739 2655 1821 2678 Editt.
1836 2655 1906 2684 Epit.
1925 2655 1999 2679 15⁴0.
2019 2657 2046 2677 01
2062 2655 2151 2683 15⁴6.;
2175 2654 2258 2678 Editt.

1339 2690 1425 2719 pecul.
1448 2689 1521 2713 1539.
1542 2692 1569 2713 et
1589 2690 1679 2713 1540.:
1702 2689 1807 2719 puritas
1827 2689 1951 2713 doctrina
1970 2690 2138 2714 conservari.

1304 2731 1351 2762 71)
1371 2730 1462 2763 queri]
1482 2732 1523 2755 sic
1542 2734 1617 2755 reete
1635 2731 1721 2755 Editt.
1740 2732 1826 2760 pecul.
1848 2732 1921 2756 1539.
1942 2733 1968 2755 et
1987 2731 2060 2755 1540.
2080 2733 2105 2755 et
2125 2732 2172 2756 Ed.
2188 2732 2257 2762 Epi«.

1341 2766 1435 2795 1546.;
1460 2767 1510 2791 Ed.
1530 2767 1602 2797 Epit.
1624 2767 1697 2790 ¹540.
1719 2766 1821 2796 quaeri.
