2347 3000
95 134 162 168 101
642 130 668 166 Ι.

93 219 210 252 minus
234 217 406 252 attribuit.
459 216 629 261 Superior
652 215 836 261 prohibuit
851 217 1077 257 mutationes,

93 277 264 316 tanquam
288 270 325 302 in
343 268 572 313 praefecturis
588 267 671 302 suis.
723 268 818 311 Ergo
835 269 909 302 sine
927 268 1000 302 eius
1017 281 1077 300 vo-

92 322 229 355 luntate
246 333 319 354 non
335 320 495 353 facienda
512 326 562 353 est
582 319 743 354 mutatio.

194 372 250 405 Ad
283 371 456 404 maiorem
488 372 706 415 respondeo,
740 371 784 405 sit
811 383 894 404 sane
926 382 1006 403 xera
1035 370 1076 402 de

93 423 302 457 utilitatibus
327 429 361 456 et
383 422 554 456 fructibus
581 422 738 456 ditionis.
791 422 906 454 Habet
931 421 1077 460 reditus,

93 473 198 508 habet
222 475 408 507 connnoda
427 474 593 513 inferior,
618 486 707 518 quae
732 474 893 506 concedit
915 473 1076 517 superior

92 526 269 559 dominus.
311 526 380 559 Sed
398 538 471 558 non
493 532 542 559 est
561 537 641 557 vera
660 526 702 557 de
721 525 940 558 consessione
959 524 1076 556 livan-

92 577 190 621 gelii,
219 583 279 610 aut
302 577 382 610 ullis
407 577 572 621 operibus
598 589 616 608 a
641 576 714 608 Deo
741 575 929 609 mandatis.
984 575 1076 607 Con-

92 628 195 661 fessio
222 635 272 661 est
295 641 399 673 supra
418 635 451 660 et
469 635 564 661 extra
583 639 705 660 omnes
722 627 799 660 illos
817 628 945 670 gradus
961 624 1076 658 homi-

92 692 196 719 num,
233 680 368 723 pariter
393 679 521 718 servis,
556 678 634 711 siliis
659 678 895 717 familiarum,
929 677 1075 721 prixatis

92 738 125 763 et
148 731 411 774 magistratibus
428 729 600 774 praecipit
616 729 709 762 Deus
733 729 1008 768 consessionem,
1035 735 1075 761 ut

91 779 219 815 Matth.
241 783 306 822 10,
326 782 419 828 (37.)
449 787 611 814 testatur:
641 780 713 825 Qui
739 787 835 813 amat
858 787 994 824 patrem
1015 786 1075 812 aut

91 839 241 866 matrem
265 834 342 876 plus
366 845 471 878 quam
492 844 567 871 me,
594 844 669 863 non
694 838 744 864 est
766 845 820 865 me
845 832 982 875 dignus.
1036 830 1097 863 ln·

91 884 223 917 familia
246 884 404 916 confiteri
427 883 660 927 Evangelium
686 883 791 915 etiam
817 883 909 916 servi
935 883 1075 923 debent,

92 942 129 968 ut
154 933 279 979 loseph
302 936 487 968 dominum
507 947 607 968 suum
634 935 678 966 ad
696 947 815 967 seram
836 935 901 967 Dei
925 934 1074 975 agnitio-

91 999 171 1019 nem
197 987 362 1020 traduxit.
414 986 573 1019 Danielis
599 986 684 1018 socii
699 985 766 1028 6ίί),
793 998 997 1031 quanquam
1024 998 1075 1019 es-

91 1043 167 1071 sent
189 1037 301 1078 serxi,
338 1044 455 1070 tamen
479 1038 577 1081 regio
604 1037 717 1070 edicto
742 1039 783 1070 de
807 1044 921 1071 statua
951 1039 1074 1069 adver-

91 1089 156 1122 sati
173 1095 265 1122 sunt.

191 1140 323 1173 Pleuae
359 1147 441 1173 sunt
476 1140 718 1183 exemplorum
746 1152 865 1172 sacrae
892 1137 1074 1177 historiae,

93 1203 182 1236 quae
210 1191 400 1224 ostendunt
418 1191 600 1224 inferiores
618 1204 689 1223 non
707 1191 819 1224 solum
840 1203 924 1222 soce
942 1191 1074 1234 profes-

91 1255 147 1275 sos
172 1255 264 1281 esse,
291 1249 330 1275 ut
351 1249 511 1286 oportet,
539 1242 737 1274 doctrinam
762 1241 966 1282 lixangelii,
993 1254 1074 1273 con—

93 1301 144 1326 tra
167 1293 277 1326 edicta
297 1306 416 1336 regum
438 1300 470 1325 et
487 1294 757 1336 imperatorum,
779 1293 839 1325 sed
856 1292 960 1324 etiam
982 1291 1072 1324 idola

95 1345 256 1377 manibus
281 1344 458 1376 evertisse.
511 1342 550 1375 ln
575 1344 706 1387 oppido
727 1344 881 1388 quodam
898 1341 1074 1387 Phrygiae

93 1395 288 1438 praefectus
306 1395 503 1434 Adauctus,
526 1401 684 1438 tempore
704 1394 935 1432 Diocletiani,
953 1393 1073 1425 onmia

94 1446 186 1478 idola
213 1446 357 1484 evertit,
386 1452 417 1478 et
436 1445 609 1489 persuasit
633 1445 711 1477 unix
722 1457 818 1478 ersae.
842 1445 1074 1484 multitudini,

91 1503 129 1528 ut
156 1494 285 1529 Christi
316 1496 515 1528 doctrinam
549 1496 748 1540 acciperent
763 1496 821 1539 ⁶⁷).
882 1495 1000 1540 Quam
1029 1496 1073 1528 ob

92 1559 233 1580 causam
255 1547 382 1579 deinde
406 1553 577 1592 tyrannus
602 1547 799 1591 oppugnari
822 1547 1012 1591 oppidum,
1041 1553 1075 1579 et

92 1598 182 1631 cives
201 1610 323 1631 onmes
344 1598 513 1631 trucidari
530 1598 640 1632 iussit.

191 1649 366 1693 Apollinis
399 1647 653 1683 simulachrum
682 1648 810 1683 Iuliani
842 1656 1002 1693 tempore
1036 1649 1074 1682 in

89 1700 217 1733 sacello
239 1701 399 1733 omnium
418 1707 500 1734 tunc
519 1701 749 1734 celeberrimo
762 1728 770 1739 ,
797 1714 870 1733 non
888 1701 1012 1746 procul
1030 1701 1073 1734 ab

88 1749 297 1791 Antiochia,
339 1752 429 1786 filius
465 1750 593 1785 ethnici
628 1753 815 1786 sacrificuli
849 1753 1009 1786 avulsum
1053 1765 1071 1785 a

89 1803 164 1836 basi
181 1803 318 1837 collisit.

190 1854 469 1888 Declaraverunt
497 1862 530 1888 et
558 1856 696 1899 puellae
723 1856 834 1889 robur
858 1855 940 1888 fidei
966 1855 1074 1888 simili

88 1905 331 1949 magnitudine
366 1906 488 1939 animi.
548 1907 637 1939 Filia
672 1906 801 1939 Licinii
835 1907 1073 1951 imperatoris,

88 1956 206 1997 Irene,
234 1955 322 1990 nihil
342 1958 452 1990 verita
467 1959 718 1991 truculentiam
736 1958 867 2003 patris,
894 1959 955 2004 qui
972 1957 1073 1991 Chri-

89 2008 203 2041 stiano
223 2009 361 2041 nomini
378 2009 639 2043 inimicissimus
655 2017 750 2049 erat,
779 2011 868 2043 lares
886 2017 918 2043 et
937 2010 1072 2055 reliqua

89 2058 300 2093 simulachra
325 2060 361 2093 in
385 2061 539 2104 paternis
564 2062 708 2095 aedibus
734 2061 906 2105 singulari
933 2062 1073 2095 sortitu-

89 2112 170 2144 dine
188 2111 355 2144 contrivit
371 2118 405 2144 et
423 2112 560 2146 abiecit.

190 2162 386 2207 Praecipue
403 2176 486 2196 vero
504 2164 541 2196 in
558 2163 777 2197 consessione
801 2163 1003 2208 principum
1020 2164 1072 2197 lu-

90 2226 166 2247 cere
190 2215 319 2247 debent
344 2215 522 2258 exempla,
556 2228 646 2260 quae
671 2216 881 2248 confirment
904 2222 1073 2255 caeteros,

89 2272 128 2298 ut
148 2265 202 2298 vir
224 2265 352 2299 nobilis
373 2266 407 2298 ln
426 2266 512 2299 urbe
530 2266 751 2306 Nicomedia,
769 2267 987 2310 inspectante
1010 2280 1074 2311 po-

88 2317 192 2360 pulo,
227 2317 425 2361 concerpsit
458 2317 615 2361 publicas
647 2317 767 2351 literas
800 2330 818 2350 a
848 2318 1072 2352 Diocletiano

90 2368 287 2412 propositas
307 2376 428 2402 contra
447 2367 686 2403 Christianam
704 2369 924 2414 religionem.

191 2419 492 2460 Valentiniarms,·
516 2421 575 2466 qui
602 2427 722 2465 postea
747 2421 942 2465 imperator
962 2423 1073 2455 sactus

91 2476 159 2510 est,
186 2483 264 2504 cum
289 2479 377 2505 essct
400 2472 562 2506 tribunus
584 2472 756 2512 militum,
783 2473 978 2506 sacrificulo
998 2471 1073 2506 eth-

90 2521 169 2553 nico
192 2523 351 2556 afferenti
380 2524 559 2557 lustralem
583 2537 730 2569 aquam,
759 2522 947 2568 colaphum
964 2525 1073 2569 impe-

124 2654 172 2681 66)
192 2653 233 2677 nii
255 2655 311 2677 tres
329 2654 472 2678 lsi-aelitae
491 2662 516 2685 p.
537 2655 593 2677 100.
614 2656 677 2677 nota
695 2655 736 2678 65.
756 2654 892 2678 nominati.

126 2705 173 2730 ⁰7)
192 2705 360 2734 acciperent]
379 2706 419 2729 sic
438 2706 518 2730 Editt.
540 2706 610 2735 Epit.
633 2706 705 2729 1540.
726 2708 751 2729 et
775 2706 862 2731 1546.:
883 2705 964 2730 Editt.
986 2707 1072 2735 pecul.

163 2739 235 2763 1539,
256 2742 281 2762 et
308 2740 379 2764 1540.
400 2741 560 2770 reciperent.

720 129 1068 165 PHILOSOPHIAE
1096 127 1309 164 MORALIS
1334 127 1561 164 EPITOME.

2046 136 2118 172 102

1131 217 1198 260 git,
1225 222 1407 260 praesente
1424 215 1560 250 Iuliano
1579 216 1807 260 imperatore.
1835 217 1982 252 Talibus
2001 233 2116 254 exem-

1131 268 1196 311 plis
1214 265 1251 300 hi
1266 267 1443 313 principes
1461 268 1567 301 etiam
1586 274 1744 302 caeteros
1762 268 1890 313 impios
1906 272 2114 305 confirmare

1131 320 1332 353 voluerunt.

1233 371 1321 403 Cmn
1338 369 1444 413 igitur
1459 369 1554 404 Deus
1573 370 1706 414 flagitet
1724 372 1979 405 consessionem
1998 373 2114 407 Evan-

1130 420 1208 463 gelii
1237 422 1280 453 ab
1307 421 1471 455 omnibus
1493 423 1639 455 summis
1662 429 1696 455 et
1715 422 1862 463 infimis,
1891 425 1934 455 ab
1951 425 2115 459 omnibus

1130 470 1315 504 hominum
1348 473 1531 506 ordinibus
1565 480 1598 506 et
1624 474 1808 515 gradihus,
1843 487 1861 506 a
1887 475 2006 509 liberis
2039 483 2069 509 et
2095 490 2112 509 a

1129 524 1251 561 semis,
1268 535 1341 554 non
1359 530 1409 556 est
1428 522 1495 556 huc
1514 526 1702 558 adserenda
1722 525 1779 558 illa
1799 526 1987 567 cavillatio,
2005 540 2115 572 quan-

1130 580 1203 606 tum
1232 574 1380 606 inferior
1404 575 1489 608 iuris
1515 573 1654 610 habeat.
1710 577 1892 611 Confessio
1918 578 2052 622 pariter
2072 581 2112 611 ad

1130 638 1252 658 omnes
1269 626 1397 668 gradus
1415 626 1577 669 pertinet.

1230 676 1367 708 Deinde
1386 677 1548 720 superior
1566 678 1731 712 dominus
1755 681 1929 714 mandans
1948 682 2114 718 officium,

1128 740 1201 759 non
1217 733 1331 771 potest
1349 740 1425 759 eam
1445 735 1599 771 partem,
1628 743 1717 774 quae
1737 737 1787 763 est
1802 732 1907 763 officii
1926 733 2113 777 praecipua

1129 784 1162 811 et
1180 780 1223 811 ad
1241 778 1314 811 eius
1330 779 1562 812 substantiam
1582 780 1656 813 inre
1673 781 1794 813 divino
1813 788 1846 814 et
1863 785 2018 816 naturali
2037 797 2115 828 per-

1130 829 1236 869 tinet,
1264 828 1466 874 prohibere.
1522 830 1669 864 Constat
1692 838 1809 865 autem
1833 835 1951 867 onmia
1974 836 2113 879 politica

1129 894 1277 914 numera
1302 882 1455 914 conferri
1475 882 1601 915 dehere
1620 884 1664 915 ad
1681 883 1829 926 gloriam
1849 884 1926 919 Dei.
1980 886 2114 920 Omnes

1128 933 1354 976 magistratus
1379 933 1580 977 superiores
1608 940 1642 966 et
1669 934 1854 969 inferiores
1877 949 1940 969 suo
1967 938 2114 983 quisquc

1128 984 1205 1016 loco
1237 985 1366 1016 debent
1398 997 1523 1028 parere
1554 987 1707 1018 secundo
1741 988 1910 1019 mandato
1944 989 2114 1033 decalogi,

1128 1033 1195 1068 hoc
1222 1042 1292 1074 est,
1322 1042 1484 1070 externas
1507 1034 1762 1080 blasphemias,
1791 1038 1918 1083 quihus
1935 1040 2031 1074 Deus
2056 1042 2115 1073 ad-

1128 1087 1244 1120 ficitur
1263 1087 1497 1127 contumelia,
1525 1086 1714 1132 prohibere
1733 1095 1765 1121 et
1783 1090 1922 1133 punire.
1965 1092 2037 1125 Nec
2055 1093 2115 1124 ob-

1128 1139 1398 1182 temperandum
1420 1145 1469 1172 est
1487 1140 1663 1183 superiori
1685 1141 1853 1181 domino,
1882 1142 1908 1174 si
1930 1140 2020 1175 lianc
2037 1156 2115 1187 par-

1128 1196 1196 1221 tem
1227 1190 1329 1221 officii
1358 1190 1448 1222 nolit
1472 1191 1644 1231 exerceri,
1670 1198 1707 1224 ut
1734 1192 1760 1225 si
1786 1192 1978 1236 flagitiosas
1999 1195 2114 1226 libidi-

1129 1254 1189 1273 nes
1208 1242 1382 1284 approbet
1401 1253 1439 1273 ac
1457 1242 1623 1276 stabiliat.

1230 1291 1407 1324 Hactenus
1426 1293 1540 1325 maior
1558 1295 1755 1337 argumenti
1780 1295 1864 1329 satis
1881 1297 2032 1330 refutata
2053 1304 2116 1331 est.

1128 1341 1180 1374 De
1198 1342 1335 1374 minore
1354 1340 1443 1375 nihil
1461 1344 1669 1387 disputabo,
1696 1353 1866 1389 praesunt
1884 1348 1921 1379 in
1937 1361 2000 1380 suo
2020 1349 2115 1391 prin-

1128 1393 1240 1436 cipes,
1269 1400 1303 1425 et
1321 1391 1454 1426 liabent
1470 1395 1669 1428 dominium
1690 1397 1796 1436 utile,
1824 1398 1910 1430 etin
1929 1399 2051 1442 primis
2071 1401 2113 1432 ad

1127 1443 1286 1487 ipsorum
1319 1445 1473 1477 osticium
1510 1446 1683 1489 pertinet,
1718 1460 1791 1479 non
1818 1450 2042 1492 permittere,
2078 1458 2115 1483 nt

1127 1494 1288 1539 tyrannis
1315 1495 1563 1530 constituatur.
1621 1497 1724 1530 Nunc
1754 1499 1894 1539 nescio,
1923 1512 1968 1532 an
1992 1502 2115 1534 memi-

1127 1546 1247 1578 nerint
1264 1558 1298 1578 se
1316 1546 1446 1579 liberos
1464 1560 1547 1581 esse.

1229 1597 1332 1630 Multi
1349 1598 1457 1638 enim,
1475 1599 1535 1644 qui
1553 1611 1626 1631 non
1642 1601 1854 1643 profitentur
1864 1614 1989 1646 puram
2000 1603 2117 1636 Exan-

1127 1647 1206 1689 gelii
1243 1649 1463 1689 doctrinam,
1500 1650 1564 1683 etsi
1598 1651 1801 1685 desiderant
1828 1655 2113 1688 emendationem

1126 1699 1316 1739 Ecclesiae,
1344 1707 1377 1733 et
1393 1701 1599 1746 improbant
1614 1703 1871 1745 crudelitatem,
1899 1712 2018 1738 tamen
2035 1714 2115 1740 sunt

1128 1751 1232 1784 otiosi
1264 1758 1502 1796 spectatores,
1544 1753 1665 1787 sinunt
1702 1756 1854 1798 grassari
1887 1758 2112 1801 tyrannidem

1127 1802 1201 1835 sine
1223 1804 1312 1841 fine,
1342 1817 1419 1836 cum
1444 1817 1505 1838 sua
1530 1805 1721 1838 autoritate
1750 1807 1935 1851 episcopos
1959 1815 1990 1841 ct
2015 1821 2115 1852 reges

1127 1855 1172 1886 ad
1193 1855 1499 1895 moderationem,
1534 1858 1578 1889 ad
1602 1857 1843 1900 cognitionem
1868 1872 1989 1892 veram
2012 1873 2113 1893 revo-

1127 1917 1205 1937 care
1237 1907 1417 1940 deberent.
1479 1907 1554 1939 Iloc
1584 1909 1751 1941 convenit
1782 1907 1934 1943 heroicis
1958 1912 2114 1949 familiis,

1126 1957 1211 1989 sicut
1229 1956 1382 1991 Achilles
1406 1958 1517 2003 inquit
1536 1973 1540 1991 :
1569 1957 1617 1991 lta
1638 1972 1672 1992 se
1691 1960 2019 2005 ol›temperaturum
2041 1977 2112 1997 csse

1126 2008 1278 2047 Atridis,
1319 2009 1347 2041 si
1380 2007 1526 2042 honesta
1559 2010 1722 2051 iubeant,
1758 2012 1813 2045 sin
1844 2019 1961 2046 autem
1995 2015 2111 2059 turpia

1128 2060 1365 2103 praecipiant,
1394 2074 1428 2094 se
1447 2073 1519 2093 non
1540 2062 1867 2106 oldemperaturum
1889 2077 1972 2098 esse.

1230 2111 1336 2156 Quod
1362 2124 1444 2145 vero
1469 2113 1685 2156 amplificant
1711 2115 1932 2150 obedientiae
1957 2117 2112 2155 laudem,

1127 2174 1292 2206 magnam
1325 2176 1396 2196 esse
1427 2163 1615 2207 pietatem,
1644 2165 1787 2198 obedire
1814 2166 2008 2207 Ecclesiae,
2037 2181 2110 2200 ma-

1127 2226 1234 2257 gnum
1259 2215 1364 2248 decus
1390 2215 1547 2259 imperiis
1574 2228 1717 2260 parere,
1746 2215 1831 2250 haec
1856 2218 2011 2262 speciosa
2032 2232 2110 2251 ora-

1127 2265 1176 2297 tio
1212 2266 1430 2309 praetexitur
1464 2279 1623 2300 sunnnae
1658 2269 1891 2311 turpitudini,
1932 2268 2109 2314 Epicureo

1127 2317 1347 2361 contemptui
1371 2317 1563 2361 religionis.
1615 2318 1698 2352 Non
1722 2320 1815 2352 enim
1840 2326 1935 2353 recto
1960 2322 2108 2355 consilio

1126 2368 1333 2412 praedicant
1349 2369 1587 2402 obedientiam
1601 2397 1609 2407 ,
1628 2371 1685 2403 sed
1705 2377 1765 2403 aut
1782 2371 2007 2416 tyrannidem
2026 2386 2108 2406 con-

1127 2421 1266 2452 firmare
1284 2427 1477 2460 conantur,
1500 2427 1556 2454 aul
1578 2427 1752 2466 quaerunt
1767 2423 2027 2457 excusationem
2044 2425 2108 2457 im-

1128 2471 1266 2515 pietatis
1294 2478 1355 2503 aut
1380 2471 1576 2504 timiditatis
1607 2485 1646 2504 ac
1668 2472 1842 2515 ignaviae.
1902 2475 1986 2508 Pius
2010 2477 2104 2509 decet

1126 2522 1326 2555 meminisse
1343 2523 1437 2556 iocis
1456 2523 1668 2566 apostolicae
1697 2524 1789 2569 (Act.
1806 2523 1848 2565 5,
1864 2525 1960 2570 29.);
1991 2527 2108 2571 Opor-

2013 2579 2106 2611 Olw-

1127 2625 1256 2657 dientia
1291 2625 1520 2658 ecelesiastica
1551 2638 1777 2672 nequaquam
1813 2635 1863 2661 est
1890 2630 2104 2673 conspiratio

1127 2677 1168 2708 ad
1196 2676 1437 2717 idololatriae,
1474 2677 1682 2718 libidinum,
1717 2685 1751 2711 et
1774 2679 2000 2713 Neronianae
2028 2694 2104 2714 cru-

1126 2727 1277 2761 delitatis
1301 2727 1552 2762 defensionem.
1607 2728 1696 2763 Cum
1718 2731 1920 2774 pontifices,
1956 2732 2016 2777 qui
2041 2733 2104 2766 im—

1434 2779 1490 2812 7*

1128 2580 1173 2606 tet
1192 2573 1267 2606 Deo
1294 2573 1405 2614 magis
1428 2574 1589 2613 obedire,
1618 2588 1723 2620 qnam
1744 2574 1959 2610 bominibus.
