2347 3000
54 144 127 178 317
420 140 476 176 III.

55 236 163 263 tatem
190 230 356 261 admonet
378 227 584 261 Aristoteles
607 233 737 259 metam
761 226 940 259 actionum
967 238 1037 258 non

55 294 129 314 esse
147 281 368 313 medietatem
387 277 646 311 arithmeticam
659 304 668 317 ‚
699 290 787 323 quae
806 284 856 311 est
875 278 1038 310 immula-

54 333 153 371 bilis,
188 331 366 370 xidelicet,
405 330 441 362 in
468 342 536 375 qua
562 329 719 362 inedium
744 329 949 374 aequalibus
975 341 1037 362 nu-

54 384 160 416 meris
182 383 287 416 distat
309 381 352 413 ab
381 381 566 421 extremis,
599 387 655 421 ut,
683 381 716 414 3.
734 378 768 414 5.
789 380 822 414 7.
877 380 941 412 llic
964 392 1036 411 nie-

54 435 151 467 dium
177 432 443 466 immutabiliter
468 433 573 466 distat
597 433 639 464 ab
663 432 838 466 extremis.
899 431 984 464 Item
1009 430 1037 463 si

55 491 314 529 componantur
332 485 476 517 extremi
494 484 646 524 numeri,
664 489 697 516 et
711 482 943 527 coi'npositum
961 494 1036 514 rur-

54 550 110 570 sus
135 536 313 568 ‹lixidalur
337 536 371 568 in
393 537 463 569 duo
491 535 665 581 aequalia.
725 535 914 573 Medietas,
947 544 1036 577 quae

54 594 104 621 est
128 587 376 625 immutabilis,
421 594 471 620 est
498 587 555 619 ille
579 587 653 629 ipse
685 586 821 618 medius
853 583 1034 616 terminus.

53 639 147 671 Haec
173 639 342 671 medietas
368 638 493 680 igitur,
534 637 615 682 quia
647 647 721 668 non
752 641 868 679 potest
891 634 1035 672 mutari,

52 690 266 734 relinquitur
296 687 362 722 boc
392 690 470 721 loco
502 689 545 720 ab
579 685 787 725 Aristotele,
842 685 922 731 quia
961 698 1034 717 non

53 741 145 774 idem
177 747 225 773 est
258 741 410 773 medium
444 738 663 771 liberalitatis
697 749 825 780 egenae
850 735 1033 781 xillusiofss‘)

53 799 85 824 el
106 791 370 835 Szilliiiiliiiis⁴³³).
421 789 501 822 Alia
524 796 574 823 est
594 788 700 832 igitur
723 795 815 821 meta
841 788 1034 827 actionum,

54 843 214 876 videlicet
231 841 416 879 medietas,
445 852 534 885 quae
557 846 705 873 vocatur
730 839 963 883 geometrica,
998 839 1032 871 id

54 901 124 933 esl,
164 893 222 926 ubi
253 904 324 924 non
355 903 586 925 numerorum
619 891 813 936 aequalitas
844 897 1033 934 spectatur,

53 946 111 979 sed
127 942 388 987 proportionis,
417 949 473 983 ut,
501 943 590 976 sicut
611 954 646 975 se
671 941 777 975 habet
792 942 962 975 Salomon
988 942 1031 973 ad

52 995 144 1027 mille
177 991 380 1033 dmi-lunas,
421 993 467 1027 ita
502 1006 536 1027 se
567 992 673 1027 babet
704 994 809 1026 vidua
848 1006 956 1037 egena
989 993 1032 1025 ad

48 1057 155 1078 unam
193 1042 410 1078 drachmam.
472 1045 536 1078 Hic
564 1051 724 1079 servatur
757 1045 1031 1089 proportionum

49 1096 263 1141 aequalitas,
292 1109 364 1128 non
382 1109 634 1135 numerorum,
658 1103 715 1135 ut,
742 1097 831 1129 sicut
850 1109 884 1129 se.
903 1094 1033 1129 liabent

48 1147 97 1181 30
115 1148 157 1179 ad
176 1146 241 1186 15,
269 1147 316 1180 sic
335 1160 369 1180 se
387 1145 516 1181 babent
531 1149 552 1182 8
573 1149 616 1181 ad
638 1146 671 1181 4.
712 1147 844 1192 Estque
866 1160 906 1180 eo
927 1147 1032 1180 eliam

47 1196 113 1231 bac
131 1199 556 1242 proportioneutendum,
576 1200 657 1245 quia
675 1196 729 1231 hic
746 1199 780 1231 fit
799 1198 939 1231 collatio
958 1198 1033 1241 plu-

48 1250 139 1282 riuni
159 1262 392 1293 personarum
412 1257 445 1283 et
461 1263 600 1291 rerum,
630 1256 663 1283 et
685 1249 852 1295 inquisita
879 1249 1033 1294 aequali-

48 1307 119 1333 tate
146 1301 429 1345 proporlionum
452 1302 542 1335 inter
570 1313 740 1346 personas
769 1307 802 1333 et
825 1313 898 1341 res,
942 1306 1033 1333 meta

47 1364 108 1386 seu
126 1352 280 1385 medium
302 1353 538 1387 constituitur.

240 1444 299 1476 De
325 1444 603 1477 definitione
633 1443 835 1478 virtutiS.

148 1513 278 1556 Magna
308 1513 384 1546 laus
407 1505 458 1546 est
481 1511 698 1551 Aristotelis,
740 1513 834 1557 quod
862 1525 952 1545 unus
984 1511 1031 1544 ita

46 1564 211 1597 describit
246 1563 411 1604 xirtules‚
454 1571 493 1597 ut
528 1563 621 1596 dIcat
652 1576 723 1596 esse
759 1563 1032 1597 mediocritates.

44 1616 137 1651 Nam
163 1615 410 1648 universaliter
434 1627 556 1647 verum
586 1621 637 1648 est
661 1615 703 1647 de
733 1615 897 1647 omuibus
924 1615 1032 1647 actio-

44 1668 148 1700 nibus
171 1666 427 1705 animantium,
457 1673 623 1710 appetere
651 1678 708 1699 eas
734 1666 1031 1705 mediocritatem,

43 1726 83 1753 ut
107 1718 143 1750 in
167 1730 289 1757 cursu,
323 1723 436 1757 tactu,
472 1718 570 1757 visu,
605 1723 666 1749 aut
688 1717 840 1750 aliorum
864 1730 1029 1751 sensuum

1 1788 2 1791 ¹
43 1769 241 1804 actionibus
268 1769 503 1801 aiiiiliallx·e1·ti
528 1774 661 1812 potest,
703 1775 737 1801 et
762 1769 866 1812 vulgo
891 1768 1030 1802 dicitur.

43 1821 224 1855 Excellens
258 1820 421 1853 sensibile
463 1819 660 1863 corrumpit
700 1831 852 1853 sensum.
930 1818 1030 1858 Item,

0 1872 2 1878 '
43 1873 156 1906 coctio
180 1871 330 1916 requirit
354 1871 531 1903 mediocre
560 1870 831 1904 nutrimentum.
891 1870 1029 1903 Deinde

41 1936 115 1956 non
147 1923 260 1956 solum
294 1923 330 1954 in
366 1923 563 1955 actionibus
586 1921 824 1954 animantium
850 1921 1029 1966 appetitur

2 1991 3 1995 ¹
41 1973 286 2012 mediocritas,
320 1974 379 2007 sed
405 1973 510 2007 etiam
537 1973 705 2013 artifices,
741 1973 800 2018 qui
825 1985 931 2016 opera
958 1974 1028 2005 essi-

42 2026 159 2066 ciunt,
200 2024 481 2058 mediocritatem
516 2031 711 2070 quaerunt,
750 2030 787 2056 ut
818 2024 933 2068 pictor
965 2037 1028 2057 nec

4 2099 5 2105 κ
39 2077 147 2110 nimis
166 2076 327 2119 gracilia,
353 2088 416 2108 nec
434 2076 539 2110 nimis
559 2075 701 2120 pinguia
728 2087 876 2119 corpora
903 2075 1026 2120 pingit.

2 2147 5 2163 s
40 2128 113 2163 Nec
140 2127 236 2160 nulla
268 2134 476 2160 ornamenta
510 2128 625 2168 addit,
669 2139 733 2159 nee
766 2126 872 2159 nimis
903 2127 1027 2160 multa.

5 2211 6 2214 ,
40 2179 116 2213 Etsi
145 2184 261 2211 autem
297 2176 382 2211 haec
409 2180 451 2211 de
483 2179 617 2212 artibus
638 2178 727 2212 belle
754 2178 905 2221 cogitata
933 2184 1026 2218 sunt,

39 2238 159 2264 tamen
193 2242 275 2262 vera
307 2235 340 2262 et
375 2229 521 2274 proprIa
552 2230 643 2263 ratio
677 2236 746 2267 est,
789 2241 851 2261 cur
879 2228 1026 2262 virtutes

4 2311 7 2316 ,
40 2282 152 2315 dictae
167 2281 237 2314 sint
254 2280 533 2321 mediocritates,
561 2281 642 2326 qnia
670 2280 707 2312 in
732 2280 896 2313 omnibus
917 2280 1025 2313 actio-

4 2336 7 2377 ]
39 2333 143 2366 nibus
160 2332 415 2372 animantium,
440 2339 588 2365 naturae
605 2331 771 2365 convenit
787 2331 1024 2371 mediocritas,

40 2390 98 2423 ut,
132 2383 169 2415 in
193 2383 370 2423 coctione,
407 2396 528 2423 cursu,
562 2389 675 2423 tactu,
708 2382 795 2415 visu.
865 2383 921 2416 Sic
944 2395 1021 2416 cum

6 2461 7 2469 1
39 2434 152 2467 virtus
168 2441 324 2468 versetur
343 2435 433 2467 circa
454 2435 618 2474 affectus,
654 2433 715 2479 qui
741 2439 823 2467 sunt
844 2440 961 2467 motus
987 2434 1022 2466 in

38 2483 204 2524 homine,
233 2492 266 2518 et
291 2486 546 2525 animantibus,
575 2485 764 2519 conveniat
784 2485 1022 2525 mediocritas,

8 2551 9 2583 J
39 2542 316 2570 consentaneum
342 2544 410 2578 est,
453 2544 487 2572 et
517 2535 582 2571 llos
613 2543 731 2570 motus
759 2541 842 2569 tunc
872 2543 1021 2569 naturae

72 2662 120 2690 52)
140 2661 218 2685 Cous.
237 2662 319 2684 Mare.
340 2660 380 2691 ¹2,
399 2661 440 2685 42.

72 2712 119 2744 53)
141 2711 292 2735 salomonis
314 2710 463 2734 liberalitas
482 2710 508 2734 in
528 2711 627 2740 templo
643 2709 865 2742 splendidissime
879 2709 1019 2733 aedificato

106 2747 235 2770 narratur
259 2746 279 2770 1.
294 2745 361 2776 Βοὲς.
376 2745 403 2775 5,
424 2745 463 2768 10.
479 2759 510 2763 —
525 2746 551 2776 6,
569 2745 604 2769 3&

526 138 807 176 ENARRATIO
842 138 968 172 Llssnl
997 138 1036 173 ll.
1071 137 1359 172 ETHICORUM
1394 137 1716 175 ARISTOTELIS.

2006 144 2078 177 318

1093 231 1194 268 aptos
1213 237 1297 263 esse,
1317 237 1393 258 cuin
1409 223 1524 270 siffis)
1542 226 1747 265 mediocres,
1772 227 1856 259 sicul
1879 229 2075 263 etGalenus

1091 275 1193 308 dicit:
1229 276 1383 310 Allectus
1407 277 1600 310 mediocres
1624 290 1695 311 esse
1717 277 1914 326 ἑνέργειας,
1953 279 2076 311 immo-

1091 327 1230 360 deratos
1259 339 1341 359 xero
1372 340 1444 361 esse
1471 340 1525 361 res
1559 329 1751 369 xiolenlas,
1794 330 1949 363 exitiales
1973 338 2075 363 natu-

1482 380 1576 413 Haec
1601 382 1642 413 de
1668 382 1763 413 sonte
1783 379 1886 414 buius
1904 381 2076 415 Aristote-

1089 427 1148 459 lici
1165 429 1301 460 consilii
1320 430 1403 463 satis
1419 430 1459 463 sil
1479 432 1668 465 monuisse.

1092 389 1170 416 rae,
1198 389 1257 409 seu
1274 380 1430 413 morbos.

1722 431 1809 465 Illud
1829 439 1945 465 autem
1966 433 2074 465 maxi-

1089 490 1145 511 me
1165 491 1286 512 omnes
1305 481 1502 515 meminisse
1520 484 1699 523 debemus,
1728 484 1817 516 utin
1837 491 1907 516 tota
1925 484 2014 520 xiia,
2042 491 2069 515 el

1089 529 1126 561 in
1143 529 1307 563 omnibus
1329 532 1545 572 actionibus,
1575 535 1609 567 in
1635 533 1723 566 banc
1747 535 1858 579 ipsam
1887 536 2074 568 mediocri-

1089 586 1195 613 tatem
1230 581 1444 616 intueamur.
1512 584 1611 617 llam:
1645 586 1856 627 inlelligere,
1892 598 2011 619 amare
2042 594 2070 618 el

1088 638 1268 675 praestare
1302 632 1492 673 discanms,
1534 649 1597 669 nec
1627 637 1783 670 sinamus
1813 638 1923 670 animi
1957 644 2073 671 molus

1088 683 1212 726 procul
1238 684 1281 714 ab
1303 696 1340 716 ea
1370 683 1532 728 prox'ebi.
1607 688 1723 730 Scipio
1753 690 1903 723 srenaxit
1935 690 2074 721 iracun-

1087 734 1202 774 diam,
1230 734 1408 769 lacessitus
1426 748 1444 768 a
1464 737 1614 770 tribunis
1634 739 1754 781 plebis.
1815 739 1902 773 Aiax
1918 753 1992 773 non
2007 742 2074 773 sre-

1087 785 1206 824 naxit,
1235 786 1295 830 qui
1316 786 1425 820 iratus
1443 794 1594 821 mortem
1613 789 1678 821 sibi
1698 790 1877 824 conscixit.

1189 837 1261 870 tx'ec
1286 838 1420 872 Marius
1442 839 1594 872 frenavit
1618 840 1859 881 iracundiam,
1896 842 1955 887 qui
1980 844 2075 887 cupi-

1087 887 1194 920 ditate
1220 887 1395 922 vindictae
1417 890 1547 923 bellum
1568 891 1668 923 cixile
1693 892 1876 931 excitaxit,
1905 899 1935 925 el
1953 896 2074 927 erude-

1086 939 1216 972 lissime
1235 941 1426 985 praecipua
1444 942 1577 974 lumina
1599 943 1644 974 cix
1658 944 1748 976 itatis
1767 944 1951 978 interii-cit.

1424 1014 1729 1051 Definitio.

1185 1072 1350 1117 Vol-garis
1378 1081 1412 1107 et
1438 1076 1620 1120 perspicua
1648 1077 1806 1110 delinitio
1833 1084 1893 1111 est.
1953 1077 2074 1111 Vislus

1087 1130 1136 1157 est
1155 1121 1295 1157 habitus
1314 1126 1525 1165 voluntalis,
1562 1128 1735 1162 inclinans
1758 1131 1801 1161 ad
1826 1130 2000 1173 agendum
2025 1142 2075 1162 se-

1087 1177 1240 1208 cundum
1276 1183 1408 1210 rectam
1438 1178 1625 1212 rationem.
1687 1180 1777 1213 Vere
1805 1181 1911 1225 igitur
1937 1187 1969 1213 et
1994 1193 2075 1225 pro-

1088 1227 1175 1270 prie,
1203 1227 1352 1260 utPlato
1374 1228 1501 1273 inquil,
1530 1237 1578 1263 est
1600 1231 1820 1271 obedientia,
1849 1244 1955 1277 quani
1974 1244 2074 1275 prae-

1087 1284 1155 1311 stat
1172 1279 1336 1311 voluntas
1356 1286 1387 1311 et
1406 1287 1562 1313 caeterae
1580 1282 1682 1321 xires,
1705 1289 1799 1315 recto
1819 1283 1962 1323 iudicio,
1979 1285 2072 1328 quod

1087 1329 1182 1361 Deus
1200 1329 1377 1373 impressit
1394 1332 1571 1365 mentibus
1585 1359 1593 1371 ,
1628 1340 1665 1365 ut
1684 1334 1727 1367 sit
1745 1333 1924 1367 actionum
1942 1335 2073 1375 regula.

1087 1380 1186 1411 Hanc
1202 1381 1438 1413 obedientiam
1458 1383 1559 1415 Plato
1580 1391 1683 1416 xocat
1698 1385 1867 1417 iustitiam
1892 1385 2073 1419 unixersa-

1086 1431 1154 1462 lem
1173 1430 1346 1465 videlicet.
1398 1433 1647 1467 ()l›scrv;÷l›unt
1667 1436 1772 1478 igitur
1787 1436 1935 1469 studiosi
1955 1438 2074 1481 appel—

1087 1481 1235 1515 lationes
1251 1483 1322 1514 sere
1340 1495 1442 1526 pares
1459 1496 1531 1517 esse
1552 1498 1564 1516 x
1577 1485 1691 1519 irlutis
1708 1493 1741 1519 et
1758 1487 1910 1520 iustitiae
1932 1489 2010 1520 unix
2022 1500 2074 1520 er-

1086 1532 1178 1566 salis.

1086 1596 1157 1616 esse
1177 1584 1415 1618 obedientiam
1428 1613 1436 1625 ‚
1472 1593 1503 1619 et
1522 1587 1692 1622 intuearis
1710 1590 1871 1621 ordinem
1891 1602 1908 1622 a
1924 1590 2000 1622 Deo
2022 1591 2073 1622 in-

1085 1635 1245 1668 stitutum
1259 1662 1267 1674 ,
1296 1643 1334 1669 ut
1352 1637 1478 1670 nolitia
1496 1645 1588 1671 recta
1607 1640 1830 1683 praeluceat,
1865 1648 1899 1673 et
1916 1649 2072 1674 caeterae

1085 1686 1177 1719 vires
1194 1687 1452 1731 obtemperent.
1506 1690 1554 1722 Ut
1572 1697 1687 1723 autem
1707 1691 1841 1736 alioqui
1863 1693 1997 1726 bonum
2022 1693 2073 1725 di-

1085 1737 1175 1770 citnr
1192 1739 1407 1774 conveniens
1423 1747 1590 1774 naturae:
1630 1742 1677 1774 ita
1703 1743 1837 1775 morale
1861 1744 1994 1777 bonum
2023 1751 2073 1777 est

1085 1789 1299 1824 conveniens
1315 1797 1484 1830 naturae,
1514 1792 1607 1825 iuxta
1633 1791 1724 1826 banc
1748 1794 1912 1827 notitiam
1938 1802 2070 1828 rectam

1084 1841 1358 1883 praelucentem.
1421 1842 1632 1885 Congruunt
1649 1851 1765 1877 autem
1784 1846 1974 1879 xocabula:
2010 1847 2071 1879 bo-

1082 1904 1190 1931 num,
1233 1894 1390 1933 morale,
1432 1892 1640 1935 honestum,
1684 1902 1839 1937 rectum,
1881 1898 2070 1935 laudabile,

1082 1942 1229 1985 dignum
1259 1945 1539 1988 approbatione,
1582 1947 1663 1991 quia
1689 1948 1854 1991 congruit
1877 1950 1921 1981 ad
1946 1962 2068 1982 verum

1083 1993 1264 2034 iudicium,
1282 1996 1507 2030 Aristotelica
1525 1998 1684 2031 definitio
1701 2011 1846 2042 prorsus
1864 1999 1957 2033 idem
1975 2001 2070 2034 dicit.

1081 2044 1149 2077 Sed
1168 2047 1313 2079 modum
1335 2047 1452 2087 addit,
1479 2048 1628 2088 scilicet,
1656 2050 1752 2094 quod
1768 2057 1862 2083 recta
1885 2052 1977 2084 ratio
1998 2054 2068 2085 effl-

1081 2095 1149 2128 ciat
1170 2097 1464 2133 mediocritatem.
1517 2099 1580 2133 Est
1596 2107 1713 2133 aulem
1735 2101 1892 2135 definitio
1911 2103 2067 2136 causalis.

1080 2146 1229 2181 Habitus
1246 2156 1297 2183 est
1313 2162 1433 2193 genus.
1487 2150 1626 2184 Deinde
1643 2152 1862 2185 differentiae
1879 2161 2068 2187 sumuntur

1079 2210 1098 2230 a
1123 2200 1246 2233 causis.
1309 2200 1581 2247 προαιρετικὸς,
1624 2205 1720 2248 quod
1746 2211 1926 2237 xerlerimt
1952 2206 2067 2238 electi-

1079 2262 1182 2290 vum,
1211 2251 1247 2283 id
1265 2258 1333 2292 est,
1362 2252 1423 2297 qui
1440 2253 1574 2297 regitur
1592 2254 1867 2295 deliberatione,
1897 2263 1930 2288 et
1954 2257 2065 2289 libera

1079 2301 1259 2335 voluntate
1278 2303 1478 2347 suscipitur.
1514 2304 1607 2349 Quid
1627 2306 1720 2337 enim
1741 2313 1921 2350 nuncupet
1938 2307 2064 2354 προαί-

1078 2363 1195 2397 ρεσιν,
1240 2360 1361 2397 postea
1393 2355 1521 2389 dicam.
1587 2356 1637 2388 Ac
1660 2357 1750 2388 libro
1777 2364 1872 2390 sexto
1898 2359 1989 2391 clare
2012 2359 2065 2391 in-

1077 2403 1169 2447 quit:
1206 2403 1416 2450 προαίρεσις
1444 2404 1714 2450 comprehendit
1738 2405 1851 2455 λόγον
1875 2416 1908 2442 et
1931 2409 2062 2456 ὄρεξιν,

1077 2454 1111 2486 id
1135 2461 1205 2494 est,
1239 2456 1414 2489 rationem
1441 2463 1475 2489 et
1496 2458 1715 2491 voluntateri]
1745 2459 2063 2504 obtemperantem.

1074 2504 1184 2538 Libro
1202 2507 1307 2539 tertio
1325 2507 1493 2540 discernit
1516 2508 1673 2542 actiones
1692 2510 1729 2542 in
1745 2511 1897 2554 speciem
1918 2513 2061 2547 similes.

1075 2556 1228 2601 Quidam
1258 2564 1385 2590 natura
1412 2564 1493 2592 sunt
1520 2560 1701 2599 duriores,
1736 2568 1775 2594 ut
1801 2561 1910 2603 Cato,
1953 2577 1992 2597 ac
2018 2577 2063 2597 ne

1074 2608 1216 2653 quidem
1233 2607 1441 2649 flectuntur,
1469 2610 1529 2642 ubi
1553 2622 1642 2655 opus
1668 2618 1729 2646 est.
1786 2612 1858 2646 Alii
1881 2622 1961 2648 sunt
1982 2628 2061 2659 per<

1072 2659 1234 2692 suasione
1250 2660 1377 2700 fortes,
1404 2666 1442 2693 ut
1459 2660 1608 2695 Brutus:
1645 2669 1747 2706 putat
1763 2665 1856 2698 enim
1875 2666 1939 2700 sihi
1960 2679 2060 2711 prae-

1240 1532 1285 1565 Et
1310 1546 1365 1567 res
1388 1535 1523 1569 facilius
1547 1537 1688 1579 agnosci
1715 1544 1849 1581 potest,
1889 1539 1917 1571 si
1943 1539 2072 1579 ‹uigili-s

1105 2743 1136 2772 ἵ)
1155 2743 1226 2772 sint]
1243 2743 1283 2767 sie
1303 2743 1352 2767 Ed.
1370 2744 1460 2775 ¹54⁶&
1486 2745 1535 2769 Ed.
1551 2745 1624 2770 1515.
1645 2747 1719 2770 sunt.
