2347 3000
315 107 389 144 Vll.
442 104 828 142 COMMENTARIUS
863 103 911 139 [N

88 112 162 147 873

87 197 132 230 Et
151 196 312 230 Socrates
332 194 426 238 apud
444 193 648 226 Platonem:
683 191 797 225 Nemo
823 196 939 236 potest
967 190 1004 223 in
1032 203 1073 224 eo

89 260 162 282 csse
180 248 348 292 eloquens
359 272 367 285 ‚
397 245 492 290 quod
508 255 583 276 non
599 242 829 289 intelligit‘fl).

190 298 352 342 Denique
376 294 462 328 haec
485 300 558 327 tota
584 294 697 334 ratio,
729 294 910 339 quomodo
935 292 979 326 sit
1004 292 1074 325 cffi-

90 349 213 382 rienda
246 347 438 392 probabilis
474 345 609 385 oratio,
656 345 807 391 requirit
846 344 1073 389 prudentiam

89 398 439 443 circumspectionem
461 403 495 429 et
517 396 700 430 consilium
722 397 889 437 dicentis,
923 408 986 428 nec
1011 407 1074 438 po-

89 458 155 485 test
172 447 424 494 compieliendi
442 459 566 492 praece
571 448 649 492 ptis.

190 502 274 544 Cap.
292 499 349 533 V.l
384 498 413 543 ἓ.
432 500 492 534 20.
534 501 686 533 lllusiiis
717 504 827 532 (tutem
857 499 964 532 oratio
992 493 1073 542 es1.]

89 552 255 596 Sequitur
273 551 368 583 aliud
388 563 441 594 pr
433 556 615 594 acceptum
633 551 674 581 de
693 549 819 583 illustri
843 560 983 593 genere.
1035 545 1074 579 ld

89 602 255 636 discernit
280 601 352 646 ipse
379 601 502 634 Cicero
528 614 547 633 a
574 601 748 640 dilucido,
782 613 842 634 seu
867 598 1072 643 perspicuo:

88 654 154 693 sic,
180 660 219 687 ut
236 654 428 685 admoneat
446 653 580 685 illustre
602 652 680 696 plus
707 664 778 684 esse
802 650 1010 695 perspicuo,
1039 649 1074 681 id

89 711 158 744 est,
185 704 331 737 nitidius
350 710 383 736 et
401 703 629 747 splendidius.
683 702 829 746 Semper
852 701 1074 733 efficiendum

89 761 158 796 est,
182 762 222 789 ut
239 755 284 788 sit
298 754 483 799 perspicua
501 754 628 787 oratio.
681 754 749 785 Sed
766 759 804 785 ut
819 752 864 786 sit
879 751 1076 795 splendida,

91 813 217 840 oruata
243 803 482 849 metaphoris,
525 802 805 848 hypotyposihus
828 808 863 835 et
883 801 1075 846 amplifica—

91 857 264 896 tionibus,
299 868 373 888 non
399 866 538 898 semper
561 854 797 887 necessarium
825 859 887 887 est.
948 852 1075 885 Graeci

90 908 310 951 distinguunt
332 904 399 938 lioc
423 906 543 938 modo.
596 905 829 949 Perspicuum
856 910 985 936 vocant
1012 915 1077 937 σα-

91 958 170 1005 φέςς
198 964 233 990 at
251 956 473 1002 splendidum
496 968 558 989 seu
582 956 716 989 illustre
740 961 869 988 vocant
892 953 1075 999 λαμπρόν.

89 1009 207 1042 Facile
228 1014 279 1041 est
296 1014 413 1040 autem
430 1007 587 1051 exempla
603 1005 707 1040 liuius
722 1008 859 1039 formae
878 1006 1076 1044 ostendere,

87 1059 295 1105 praesertim
315 1059 408 1103 apud
425 1064 559 1102 poetas.
601 1057 732 1091 Statius
749 1057 948 1090 describens
958 1054 1077 1088 Achil-

88 1112 157 1144 lem
176 1110 434 1142 inflammatum
460 1121 580 1141 amore
605 1109 742 1153 puellae
766 1108 902 1151 regiae,
936 1113 1077 1151 poterat

90 1160 446 1206 simpliciterdicere:
482 1160 564 1193 {Non
588 1161 673 1192 latet
698 1158 843 1193 haustus
868 1171 988 1196 amor;
1016 1159 1075 1190 sed

92 1225 230 1246 rursum
250 1211 404 1255 erumpit
420 1212 455 1243 in
474 1211 588 1255 ipsum
605 1211 754 1244 vultum.
814 1210 914 1242 Hanc
939 1216 1077 1242 senteu-

92 1264 176 1296 tiam
193 1264 266 1307 ipse
284 1275 347 1306 per
363 1260 623 1307 hypotyposin,
652 1274 774 1294 causas
792 1268 825 1294 et
851 1261 995 1294 effectus
1022 1273 1077 1293 ex-

91 1315 322 1359 primentem,
350 1313 595 1346 venustissime
614 1312 828 1358 ornavitw):

133 1372 253 1411 Non‘ffl)
277 1373 350 1400 latet
372 1372 492 1400 haustus
514 1379 611 1405 amon
634 1371 685 1399 sed
706 1371 756 1399 fax
779 1371 890 1399 vibrata
912 1370 1056 1398 medullis-

134 1426 167 1452 ln
190 1424 286 1451 vultus
309 1430 397 1460 atque
420 1432 470 1451 ora
492 1422 584 1459 redit,

135 1474 309 1513 Fingit⁵⁰)‚
332 1480 360 1502 et
383 1474 536 1512 impulsam
560 1474 642 1502 tenui
663 1473 769 1501 sudore
792 1478 941 1511 pererrat:

613 1423 769 1459 lucemque
791 1431 932 1460 genarum

134 1528 242 1555 Lactea
263 1527 443 1563 Massagetae
467 1526 556 1553 veluti
578 1534 643 1553 cum
667 1525 771 1562 pocula
793 1524 907 1552 fuscant

135 1578 282 1615 Sanguine
305 1576 446 1614 puniceo,
477 1576 524 1604 vel
547 1577 619 1604 ebur
641 1576 836 1613 corrumpitur
858 1581 944 1605 ostro,

90 1630 139 1662 Ac
157 1628 280 1662 similis
296 1634 346 1661 est
365 1627 562 1660 differentia
580 1627 672 1659 inter
696 1627 919 1671 perspicuam
944 1633 978 1659 et
1001 1626 1079 1660 illu-

92 1687 197 1714 strem
213 1679 364 1711 sormam
377 1705 386 1718 ,
410 1685 450 1711 ut
468 1678 559 1710 inter
577 1683 718 1710 tenuem
735 1683 768 1710 et
784 1678 968 1722 grandem.
1004 1677 1079 1711 Hae

93 1737 209 1764 autem
229 1729 416 1762 diiudicari
432 1729 532 1762 facile
551 1735 710 1772 possunt.

195 1781 357 1814 Primum
382 1780 479 1813 iubet
503 1779 668 1824 graviora
695 1779 803 1812 verba
833 1779 925 1823 eligi.
991 1779 1080 1813 Sunt

96 1838 215 1866 autem
237 1831 402 1875 graviora
428 1831 482 1863 vel
508 1831 655 1875 propria
684 1831 740 1863 vel
768 1831 951 1864 translata.
1004 1830 1081 1864 Etsi

95 1890 212 1916 autem
229 1882 428 1915 differentia
452 1881 563 1925 magis
588 1881 744 1924 conspici
767 1887 884 1925 potest
906 1882 942 1914 in
967 1888 1080 1915 trans—

94 1934 189 1968 latis:
217 1939 336 1966 tamen
352 1940 385 1966 et
401 1933 545 1978 propria
565 1932 633 1965 alia
653 1932 729 1964 aliis
744 1938 826 1965 sunt
841 1932 1002 1977 pleniora
1020 1939 1081 1966 aut

95 1984 285 2019 atrociora.

198 2035 237 2068 Iu
258 2035 435 2068 translatis
450 2033 585 2078 insigne
603 2033 800 2078 exemplum
817 2039 884 2067 est:

224 2093 371 2122 Invadunt
393 2094 494 2122 urbem
517 2103 617 2121 somno
640 2094 765 2130 vinoque
786 2093 930 2130 sepultam
940 2091 997 2131 ⁶¹).

93 2147 133 2181 ld
148 2146 261 2180 multo
284 2146 362 2190 plus
390 2152 460 2184 est,
497 2158 603 2190 quam
628 2145 742 2178 dicere
766 2144 931 2188 sopitam.
997 2144 1081 2178 Plus

97 2204 159 2238 est,
175 2198 203 2231 si
213 2198 326 2231 dicas:
351 2193 599 2241 Sycopliantae
611 2196 834 2228 inflammant
849 2195 938 2229 odiis
956 2208 1078 2239 regum

98 2249 235 2283 animos
253 2249 421 2282 adversus
448 2248 543 2292 piam
569 2247 789 2287 doctrinam,
822 2259 928 2292 quam
953 2247 981 2281 si
1006 2253 1081 2280 tan-

134 2372 181 2401 47)
199 2371 403 2396 Piat.P11ae‹1i-.
424 2372 482 2400 (op
509 2371 550 2394 ed.
571 2371 604 2394 Η
624 2369 990 2409 step1=.T0m.llt.p.262
1006 2376 1028 2393 c.
1047 2382 1081 2387 —

168 2407 209 2430 ed.
220 2406 323 2435 Bipont.
344 2406 406 2428 Vol.
416 2405 451 2430 Χ
471 2412 496 2434 p
505 2406 594 2433 354.:)
614 2404 671 2436 Ab)
674 2411 719 2427 ωι
736 2402 790 2435 ἄρα
809 2403 922 2434 τέχιην,
941 2412 961 2427 ω
981 2402 1080 2435 gratos,

166 2438 179 2463 ὁ
199 2438 248 2478 πιέν
272 2436 402 2469 ‹Uaj'hmi
425 2437 462 2471 μή
489 2436 580 2468 εἶδος,
613 2437 659 2467 dd}
662 2447 693 2465 τις
717 2435 744 2461 δὲ
769 2436 940 2469 τεῦηοιικως,
970 2438 1082 2470 yklffotuv

165 2472 243 2503 τινὰ,
266 2471 301 2500 ὦς
319 2472 402 2503 ἔοικε,
421 2472 466 2496 καὶ
485 2471 603 2504 cingam)
620 2473 773 2504 πιιιιέξεταε.

132 2526 180 2554 48)
199 2526 267 2549 Stat.
286 2525 381 2549 Achill.
400 2524 421 2554 1,
440 2524 598 2549 304-308.

129 2578 177 2635 49¹)
196 2576 272 2633 I'N'otn]
284 2575 337 2632 §ic
360 2575 402 2599 liic
426 2576 592 2605 Comment.;
621 2575 726 2599 Statius
752 2574 809 2603 (ed.
834 2573 919 2600 Basil.
939 2574 1014 2601 1531.
1039 2575 1080 2603 8.)

172 2616 259 2635 iam:
310 2615 349 2633 eo.

130 2662 179 2692 50)
196 2660 304 2692 Fingit]
322 2660 360 2684 sic
378 2659 420 2684 hio
438 2661 603 2693 Comment.;
629 2661 750 2686 statius:
775 2659 876 2691 Tingit.

128 2711 175 2743 51)
194 2711 274 2743 Virg.
291 2711 359 2736 Aen.
377 2710 412 2743 11,
427 2710 487 2738 265.

953 103 1201 140 CICERONIS
1235 102 1556 138 PARTITIONES
1591 102 1880 138 ORATORIAS.

2033 102 2110 136 874

1127 197 1202 224 tum
1223 190 1333 223 dicas:
1359 189 1526 222 Alienant
1540 201 1661 232 regum
1682 189 1832 222 animos.
1876 188 1926 221 lta
1946 190 1987 221 de
2003 195 2112 220 meta-

1126 240 1250 286 phoris
1274 242 1431 285 exempla
1455 247 1537 274 sunt
1557 240 1718 274 illustria.
1770 240 1838 271 Sed
1864 246 1981 272 tamen
2006 240 2111 272 etiam

1127 293 1272 337 propria
1306 292 1485 325 interdum
1511 292 1578 324 alia
1603 292 1680 325 aliis
1705 291 1881 323 atrociora
1913 297 2014 329 sunt,
2056 296 2112 322 ut:

1128 344 1350 377 Contumelia
1370 344 1445 387 plus
1467 341 1574 375 hahet
1597 342 1812 383 atrocitatis,
1841 354 1951 387 quam
1972 341 2114 374 iniuria.

1127 395 1209 428 Plus
1226 401 1275 427 est
1291 395 1319 427 si
1335 394 1448 428 dicas:

1127 452 1206 478 cent
1224 445 1260 477 in
1279 445 1454 488 captivos;
1494 458 1601 490 quam
1620 446 1648 479 si
1665 445 1777 478 dicas:

1128 502 1336 529 tractantur.

1229 547 1430 580 Secundum
1450 553 1696 591 praeceptum:
1727 547 1908 579 Utendum
1933 552 1983 580 est
2009 545 2115 577 inter-

1127 599 1211 631 dum
1237 596 1461 642 hyperbolis3
1496 595 1560 632 has
1586 598 1709 630 Cicero
1736 604 1839 631 vocat
1861 599 2052 641 superlata,
2078 602 2117 629 ut

1128 649 1223 682 Dido
1243 648 1430 694 iiiqiiit⁵²):

1255 708 1367 736 Littom
1390 707 1534 735 littoribus
1557 708 1717 744 contraria,
1738 707 1873 736 fluctibus
1896 707 1998 735 undas-

1128 759 1213 791 Vult
1231 758 1337 791 etiam
1364 769 1424 797 ea,
1460 770 1550 802 quae
1574 770 1678 791 sensu
1703 765 1841 798 carent,
1876 758 1968 791 inter
1991 770 2025 791 se
2052 754 2116 789 ho-

1128 810 1220 844 stilia
1253 810 1335 842 odia
1367 821 1548 849 exercere,
1586 816 1620 842 et
1642 809 1776 842 dicere:
1817 809 1967 842 fulmina
1992 809 2118 841 verho-

1128 859 1285 905 rum53),
1314 872 1396 904 pro:
1425 858 1627 893 vehementi
1644 861 1819 894 oratione.

1230 911 1395 944 Tertium
1425 918 1671 955 praeceptum:
1716 912 1897 945 Utendum
1927 917 1978 944 est
2011 910 2119 943 inter-

1129 962 1213 995 dum
1233 962 1363 995 crebris
1382 960 1562 1006 epitlietis3
1597 960 1682 995 llaec
1701 963 1795 996 enim
1813 961 1911 995 haud
1929 961 2034 994 dubie
2056 975 2117 993 vo-

1129 1019 1185 1045 cat
1208 1015 1253 1046 ad
1282 1025 1414 1046 nomen
1439 1014 1626 1054 adiuncta,
1671 1021 1710 1047 ut
1740 1014 1817 1058 plus
1843 1020 1911 1053 est,
1952 1013 1981 1046 si
2006 1013 2117 1046 dicas:

1128 1064 1374 1098 Neronianam
1399 1064 1607 1104 saevitiam,
1638 1078 1745 1110 quam
1769 1065 1797 1098 si
1821 1064 2028 1109 simpliciter
2055 1076 2117 1096 no-

1129 1115 1242 1149 mines
1269 1115 1526 1149 crudelitatem.
1593 1116 1669 1149 Huc
1701 1123 1734 1149 et
1766 1114 1990 1161 periphrases
2013 1114 2120 1159 perti—

1130 1173 1216 1199 nent
1233 1173 1267 1199 et
1284 1167 1544 1211 metonymiae,
1571 1173 1609 1200 ut
1624 1179 1689 1211 pro
1709 1167 1846 1208 xivere,
1873 1169 2000 1200 ducere
2019 1166 2122 1210 spiri-

1130 1224 1219 1251 tum.
1271 1218 1327 1251 Sic
1348 1230 1451 1261 saepe
1468 1230 1533 1262 pro
1553 1218 1630 1250 Deo
1650 1219 1800 1252 dicimus
1826 1224 1981 1252 mentem
2008 1224 2119 1249 aeter-

1130 1280 1235 1308 nam,
1263 1268 1492 1301 conditricem
1511 1276 1544 1302 et
1561 1270 1856 1302 conservatricem
1881 1269 2041 1302 omnium
2067 1280 2120 1300 re-

1130 1332 1222 1354 rum.
1290 1319 1359 1353 Sed
1387 1320 1582 1363 plurimum
1605 1321 1691 1354 lucis
1714 1318 1846 1354 habent
1868 1319 2121 1365 metonymiae,

1131 1377 1170 1404 ut
1184 1382 1249 1414 pro
1266 1370 1447 1404 luxurioso
1459 1397 1467 1410 ,
1496 1371 1610 1404 dicere
1626 1372 1928 1417 Sardanapalum,
1963 1377 2023 1404 aut
2035 1370 2121 1414 Api-

1131 1421 1242 1460 cium;
1283 1434 1350 1465 pro
1383 1422 1536 1461 crudeli,
1575 1420 1804 1456 Phalaridem
1829 1430 1890 1456 aut
1915 1422 2122 1467 Cyclope1113

1131 1485 1197 1517 pro
1221 1478 1356 1513 astuto,
1383 1472 1558 1517 Ulyssem.

1232 1523 1409 1568 Quartum
1428 1530 1676 1568 praeceptum:
1709 1523 1890 1558 Interdum
1907 1524 2120 1569 repetitione

1132 1576 1316 1609 utendmn.
1390 1574 1487 1608 Haec
1520 1575 1679 1620 intelligo
1715 1576 1837 1609 vocari
1872 1576 2050 1621 duplicata
2084 1582 2122 1608 ut

1130 1626 1308 1659 Aeneidos
1325 1625 1359 1659 4.
1368 1626 1431 1671 54):

1303 1684 1469 1723 1mprecor,
1490 1694 1571 1713 arina
1595 1686 1694 1716 armis.

1234 1736 1408 1781 Quintum
1432 1743 1679 1780 praeceptum:
1722 1736 1905 1770 Utendum
1929 1750 1969 1769 ea
1996 1738 2121 1780 figura,

1133 1799 1224 1833 quae
1240 1793 1390 1820 vocatur
1415 1787 1681 1831 interpretatio,
1708 1800 1788 1821 cum
1812 1788 2020 1833 synonymis
2049 1801 2122 1820 rre-

1132 1839 1196 1872 scit
1216 1838 1344 1872 oratio,
1397 1837 1484 1871 Item
1501 1839 1790 1879 coacervatione,
1817 1846 1857 1872 ut
1874 1839 2120 1884 interpretatio

1134 1896 1186 1923 est
1207 1888 1407 1933 Philippica
1436 1890 1572 1922 decima
1606 1890 1708 1922 tertia
1727 1890 1789 1936 5“'):
1842 1890 1957 1935 Quem
1989 1891 2122 1923 discor-

1133 1941 1191 1973 dia
1201 1940 1267 1986 56),
1293 1953 1397 1985 quein
1416 1942 1538 1974 caedes
1554 1941 1703 1981 civium,
1739 1954 1844 1987 quem
1866 1942 1996 1975 bellum
2021 1942 2121 1973 eixile

1134 1992 1299 2024 delectat:
1345 1991 1479 2038 eums'b')
1511 2004 1551 2025 ex
1583 2004 1733 2025 numero
1767 1991 1955 2026 hominum
1983 1993 2122 2025 eiicien-

1135 2044 1239 2083 dum,
1284 2055 1325 2076 ex
1349 2043 1477 2077 finibus
1505 2041 1683 2076 humanae
1708 2050 1857 2077 naturae
1887 2044 2123 2077 exterminan-

1134 2096 1218 2127 dum
1237 2100 1336 2138 puto.
1388 2094 1453 2126 Hic
1470 2095 1554 2128 satis
1572 2101 1746 2139 apparent
1763 2096 2010 2140 synonymiae,
2039 2095 2120 2140 quia

1133 2147 1265 2179 bellum
1290 2145 1390 2178 civile
1415 2158 1489 2178 non
1513 2146 1629 2187 aliud,
1657 2146 1725 2179 nisi
1748 2147 1960 2187 discordias,
1988 2153 2019 2179 et
2046 2158 2122 2179 cae-

1134 2199 1194 2231 des
1219 2197 1348 2230 civium
1371 2197 1556 2241 significat.
1622 2198 1853 2231 Coacervatio
1885 2204 1951 2231 est:
1993 2197 2122 2231 Verres

1133 2249 1262 2282 iniuste
1286 2248 1415 2281 invasit
1439 2249 1475 2280 in
1497 2249 1658 2283 fortunas
1682 2249 1976 2293 provincialium;
2004 2249 2124 2292 rapuit

1134 2301 1328 2333 multorum
1347 2299 1512 2344 coniuges·
1530 2313 1568 2333 ae
1586 2300 1691 2339 iilias;
1727 2300 1933 2333 innocentes
1956 2299 2121 2335 incitatus

1477 394 1587 426 'I'urci
1605 395 1798 426 immanem
1816 393 1999 426 saevitiam
2019 403 2115 423 exer—

1815 444 1956 489 Captivi
1980 443 2115 476 duriter

1166 2434 1215 2462 52)
1234 2434 1313 2465 Virg.
1332 2436 1400 2459 Aen.
1420 2435 1470 2466 lv,
1487 2435 1547 2459 628.

1167 2487 1215 2514 53)
1236 2486 1291 2509 Cic.
1311 2486 1390 2515 epist.
1411 2487 1443 2509 ad
1465 2486 1548 2510 famil.
1565 2486 1614 2513 IX,
1633 2485 1674 2509 21.
1695 2485 1767 2508 inim
1794 2485 1919 2509 Insanire
1938 2486 1984 2508 tibi
2004 2486 2117 2510 videris.

1203 2521 1272 2550 quod
1291 2520 1397 2544 imitere
1417 2522 1562 2543 verborum
1581 2526 1717 2547 nieorum,
1737 2522 1764 2542 ut
1784 2519 1896 2549 scribis,
1917 2519 2051 2545 fulmina?

1166 2572 1214 2600 54)
1234 2572 1313 2602 virg.
1333 2573 1401 2596 Aen.
1421 2572 1470 2599 IV,
1489 2572 1547 2595 (329.

1165 2624 1213 2651 55)
1233 2623 1288 2647 Cic.
1308 2624 1378 2647 orat.
1398 2623 1512 2652 Philipp.
1531 2622 1605 2652 xiil,
1628 2623 1650 2651 1,
1673 2623 1694 2647 l.

1165 2673 1212 2705 56)
1232 2673 1371 2697 discordia
1389 2692 1396 2699 .
1417 2692 1423 2698 .
1443 2692 1450 2697 .
1470 2692 1477 2698 .

1201 2708 1355 2733 discordiae
1374 2724 1380 2731 .
1400 2725 1406 2732 .
1426 2726 1433 2734 .

1497 2675 1571 2701 euin]
1602 2673 1642 2697 sie
1669 2672 1710 2697 hic
1736 2672 1902 2704 Comment.;

1453 2725 1460 2732 .
1478 2714 1602 2739 eumque.

1939 2673 1989 2700 Ed.
2015 2676 2090 2700 Orell
2112 2686 2116 2700 z
