2347 3000
238 116 314 152 943

240 202 347 237 officii
363 212 488 240 causa,
515 212 559 232 ne
585 198 742 244 periculo
769 198 843 231 eius
865 199 984 231 deesse
1013 196 1151 229 viderer
1169 196 1229 243 ²⁵),

736 248 986 282 Gratissimum
1003 249 1110 292 igitur
1127 249 1230 281 nobis

242 305 410 339 iudicium
431 316 502 336 esse
523 310 620 335 tuum
648 300 770 339 debet,
805 301 901 344 quod
925 314 965 332 eo
992 300 1094 333 nobis
1118 299 1231 341 ‹ligni-

243 362 350 388 tatem
383 355 518 391 reddis,
554 352 636 397 quia
670 363 733 383 nos
764 352 892 384 scelere
924 364 1053 384 vacare.
1086 351 1232 385 iudicas.

242 407 314 440 lam
336 407 418 439 illud
440 404 502 437 tibi
521 401 810 435 honestissimum
839 409 890 436 est
915 404 1012 448 quod
1038 415 1093 435 res
1117 408 1232 435 osten-

242 459 314 497 dit,
342 465 374 490 te
398 455 561 488 maluisse
584 466 727 497 pacem,
761 466 839 486 cum
866 455 960 498 pacis
985 460 1126 487 autores
1151 465 1233 485 con-

447 507 538 540 [Nam
572 505 741 537 Marcello
781 505 877 538 testis
913 518 1013 543 sum,

244 573 324 593 eum
352 571 370 591 a
394 557 557 590 violentis
582 556 737 589 consiliis
761 555 1006 594 ablmrruisse,

241 255 301 300 qui
320 266 390 286 non
410 252 577 285 defuisset
594 263 684 282 meo.

1064 512 1098 538 et
1130 504 1232 536 initio

1049 562 1082 587 et.
1112 561 1231 599 postea

733 607 940 645 Postremo,
975 608 1069 652 qnod
1099 607 1133 639 iu
1155 607 1234 639 uni-

244 674 383 694 versum
411 666 489 703 post
514 659 698 691 victoriam
724 659 901 691 neminem
928 659 1100 691 inermem
1128 657 1234 690 truci-

244 713 354 751 dasti,
399 711 494 755 quod
525 722 647 754 pacem
681 716 754 741 toto
786 712 870 742 orbe,
902 717 1078 743 terrarum
1112 708 1234 741 [eristi.

1109 759 1234 792 Memi-

244 814 361 846 ulmus
388 813 481 845 enim
508 812 635 849 Marii,
674 812 788 856 Syllae
814 819 846 845 ct
870 813 1021 844 aliorum
1049 811 1235 843 crudelita—

244 872 337 904 tem,
366 864 426 909 qni
445 863 536 895 cives
561 863 712 895 inermes
736 863 771 895 iu
796 864 882 896 urbe
910 864 999 895 inter
1023 875 1102 895 aras
1129 874 1235 906 pena-

244 916 333 948 tium
344 915 389 960 Ι36)
408 927 553 947 suorum
575 914 791 947 occiderunt.

244 967 296 1000 ria
316 966 437 999 mitior
457 965 523 998 illis
537 966 655 997 sutura
679 973 765 998 erat.
827 966 947 1009 Quare
972 978 1049 997 cum
1075 965 1116 996 de
1144 963 1235 995 exitu

245 1017 413 1050 victoriae
444 1016 581 1059 cogito,
624 1028 726 1059 saepe
761 1017 858 1048 scuit
883 1015 971 1048 mibi
1003 1016 1038 1047 in
1069 1022 1237 1052 mentem,

245 1069 397 1101 extitisse
417 1065 482 1099 lloc
500 1067 651 1105 bellum,
678 1073 715 1098 ut
732 1067 854 1099 civitas
873 1067 1075 1111 aliquorum
1094 1065 1237 1097 delicto-

248 1132 327 1152 rum
350 1130 483 1162 poenas
503 1117 574 1149 Deo
599 1117 717 1151 darct2
753 1123 873 1160 postea
899 1123 1016 1148 tamen
1035 1116 1150 1148 [Deum
1176 1115 1238 1146 mi-

245 1177 376 1203 sertum
395 1166 499 1201 lmius
515 1167 655 1211 imperii
676 1167 862 1200 victoriam
893 1168 941 1199 illi
966 1169 1135 1206 donasse,
1178 1165 1237 1211 qui

245 1234 307 1254 sua
325 1220 484 1253 bonitate
503 1230 709 1251 communes
730 1219 890 1252 miserias
910 1219 1046 1252 leniret.

243 522 373 542 servits.

244 623 346 654 saepe
372 622 494 653 pacem
520 607 680 641 suasisse.

246 763 321 795 Hoc
344 774 428 794 vero
454 768 505 794 est
534 761 655 801 iugens
673 768 705 792 et
723 761 923 793 immortale
941 763 1057 794 decus.

852 915 922 947 hoc
940 913 1102 958 Pompeii
1128 913 1236 944 wirto-

610 1303 873 1338 Conclusio.

347 1372 520 1406 Gratulor
542 1371 649 1415 igitur
672 1371 735 1403 tibi
760 1377 896 1403 tantam
921 1370 1089 1403 virtutem
1114 1376 1147 1403 et
1170 1370 1240 1403 sor—

247 1430 392 1463 tunam,
425 1435 575 1467 cumque
593 1422 787 1466 praestanti
807 1428 840 1454 ct
857 1434 986 1465 magno
1008 1422 1084 1454 xiro
1105 1421 1240 1465 praeci-

247 1488 317 1519 pua
336 1475 499 1518 voluptas
515 1474 578 1513 sit,
607 1486 679 1505 uon
697 1474 870 1517 applausu
888 1473 1034 1517 populi,
1068 1485 1141 1505 non
1165 1473 1240 1516 opi-

246 1527 311 1559 bus
331 1532 364 1558 et
381 1525 540 1571 potentia
559 1525 712 1557 maxime
730 1525 914 1563 delectari,
948 1525 1008 1557 sed
1025 1524 1239 1568 conscientia

247 1583 340 1610 recte
356 1578 548 1609 factorum:
580 1582 617 1607 tn
634 1588 775 1621 quoque
794 1573 887 1608 lumc
909 1576 1061 1608 sructum
1091 1588 1131 1607 ex
1158 1588 1239 1607 con—

247 1628 395 1661 servatis
412 1627 546 1659 civibus
565 1627 693 1669 capies.
740 1626 830 1660 lN'am
851 1626 887 1658 in
903 1624 970 1658 boc
989 1626 1159 1658 beneficio
1181 1633 1238 1658 tua

247 1679 389 1712 bonitas
405 1685 437 1710 et
453 1678 624 1721 sapientia
643 1678 771 1710 lucent.
826 1677 921 1720 Opes
941 1683 973 1709 et
991 1677 1148 1720 potentia
1168 1690 1240 1708 ma—

247 1730 298 1773 gis
331 1730 494 1762 fortunae,
529 1728 678 1760 arbitrio
713 1728 957 1771 contigerunt,
999 1740 1062 1759 nec
1097 1740 1241 1771 prorsus

248 1787 331 1814 sunt
362 1781 398 1813 in
425 1786 484 1813 tua
513 1785 698 1824 potestate.
759 1779 878 1822 Quare
891 1805 900 1817 ,
934 1785 973 1811 ut
997 1778 1099 1818 sacis,
1137 1791 1241 1822 perge

249 1843 461 1865 conservare
481 1831 572 1863 cives
591 1836 623 1863 et
642 1830 762 1863 omnia
778 1830 862 1862 belli
879 1830 1038 1869 vulnera,
1067 1836 1241 1874 qnantum

250 1889 349 1927 potes
361 1910 370 1923 ,
398 1889 457 1916 tua
476 1881 647 1926 sapientia
665 1888 699 1914 et
716 1881 960 1913 moderatione
977 1892 1103 1914 sanare
1113 1880 1172 1926 27).

413 1967 614 2000 Secunda
644 1978 747 2011 pars
776 1964 1084 2011 orationisw).

352 2035 513 2068 Alterum
530 2035 713 2079 negotium
732 2032 836 2068 huius
865 2033 1038 2066 orationis
1062 2039 1113 2066 est
1140 2031 1245 2068 δικα-

250 2082 368 2122 νικόν.
447 2087 581 2129 Purgat
617 2086 712 2119 enim
747 2085 985 2130 suspicionem
1020 2085 1243 2120 insidiarum.

252 2137 371 2171 Status
396 2144 447 2171 est
475 2137 734 2170 coniecturalis.

603 2218 887 2264 Propositio.

356 2288 439 2322 Non
472 2293 524 2321 est
552 2287 719 2321 credibile
742 2298 959 2332 quemquam
984 2285 1145 2319 insidiari
1169 2285 1245 2320 tibi.

254 2340 513 2384 Argumentum
544 2350 564 2371 a
596 2339 778 2372 voluntate
806 2344 987 2382 sumptum
1017 2343 1087 2378 est,
1129 2343 1162 2370 et
1196 2344 1247 2371 cst

257 2391 478 2423 enumeratio
496 2389 672 2434 partium,
702 2401 765 2422 nec
783 2395 862 2422 tuos
877 2401 941 2421 nec
958 2388 1092 2422 alienos
1111 2395 1245 2423 struere

258 2442 402 2475 insidias
417 2441 588 2486 suspicor.
641 2442 710 2475 Sed
727 2440 811 2486 qula
835 2440 945 2473 altera
970 2452 1052 2485 pars
1076 2447 1128 2474 est
1150 2441 1246 2473 infir—

292 2551 341 2578 25)
360 2551 482 2580 viderer]
504 2551 543 2574 stc
561 2552 637 2575 recte
656 2549 740 2575 Editt.
756 2549 843 2579 ¹553..
863 2549 956 2579 1554.;
975 2549 1026 2574 Ed.
1039 2549 1115 2573 1568.
1135 2550 1246 2580 typogr.

328 2592 437 2609 errore:
466 2587 579 2609 videret.

292 2628 340 2655 26)
359 2628 512 2657 penatium]
531 2629 567 2650 sic
589 2629 635 2651 Ed.
653 2628 744 2655 1568.;
777 2627 859 2650 Editt.
877 2626 950 2650 1⁵53.
962 2642 969 2653 ,
991 2626 1063 2650 155⁴.
1085 2625 1247 2655 poenatimn.

294 2671 342 2697 27)
363 2672 476 2697 sanare]
497 2671 535 2693 Sit*
555 2673 630 2694 ret-te
650 2672 731 2694 Editt.
752 2670 843 2693 1553..
865 2669 955 2695 1554.;
988 2669 1036 2692 Ed.
1054 2669 1126 2691 1568.
1145 2669 1247 2692 sanari.

293 2714 341 2740 28)
361 2713 518 2740 orationis]
540 2714 578 2736 sic
600 2715 645 2737 Ed.
665 2714 755 2739 hwa:
781 2713 806 2736 in
826 2712 908 2735 Editti
924 2711 1015 2739 1553..
1037 2712 1109 2735 1554.
1130 2712 1213 2735 deest.

812 111 934 146 PHIL.
967 111 1078 145 MEL.
1116 109 1316 144 SCRIPTA
1351 111 1688 148 PHILOLOGICA.

2187 117 2262 152 944

1283 197 1396 238 mior,
1424 199 1523 232 addit
1539 199 1793 233 correctionem
1809 227 1818 240 ‚
1847 206 1881 233 et
1898 202 2063 234 transfert
2086 203 2268 246 negotium

1284 250 1326 281 ad
1350 251 1618 294 rempublicam.
1680 251 1763 284 lude
1789 252 1897 285 sumit
1919 253 2144 296 splendidum
2168 266 2270 297 argu-

1284 307 1459 333 mentum:
1497 302 1589 345 Quia
1607 303 1820 346 rcipublicae
1841 304 2003 343 interest,
2039 311 2077 337 ut.
2093 305 2135 337 sit
2152 317 2271 348 super-

1285 357 1352 385 stes
1369 352 1517 384 Caesar:
1548 353 1626 385 ideo
1646 354 1872 396 prudentium
1891 355 2018 387 eixium
2041 362 2112 395 est,
2140 368 2272 400 nequa-

1287 416 1393 447 qnam
1428 410 1549 447 optare
1580 410 1732 436 mortem
1758 404 1928 439 Caesaris.
1989 406 2033 438 lit
2058 406 2272 450 reipublicae

1287 466 1389 487 causa
1416 454 1546 487 Caesar
1570 455 1641 498 ipsc
1667 455 1868 497 diligentius
1891 463 2008 489 tuetur
2030 457 2138 489 xitam
2163 470 2276 490 suam.

1287 505 1541 537 Commoratur
1556 512 1671 538 autem
1692 507 1726 538 in
1745 507 1804 538 illo
1822 507 1944 540 dolore
1970 509 2185 541 necessitatis
2215 521 2275 551 pu-

1469 569 1619 601 eumqne
1655 557 1878 590 ornatissime
1912 560 2113 602 amplilirat.
2183 559 2274 592 hain

1288 607 1495 649 magnitudo
1533 620 1657 641 causae
1697 609 1900 652 suppeditat
1941 610 2162 653 splendidam
2198 622 2277 642 ora-

1288 665 1434 692 tionem.

1287 557 1418 596 blicae‚

1625 750 1946 796 Parapbrasis.

1390 829 1531 868 Restat,
1572 835 1611 861 ut
1643 830 1684 861 de
1714 829 1855 874 querela
1887 836 1945 862 tua
1972 830 2105 867 ‹lic.'un,
2148 830 2183 862 in
2210 842 2277 875 qua

1290 881 1574 913 commemorasti
1602 881 1793 913 nonnullos
1817 881 1975 913 insidiari
1999 881 2091 913 vitae
2115 888 2147 914 et
2174 882 2277 925 capiti

1291 939 1362 965 tuo.
1417 932 1524 964 (jutus
1542 938 1657 963 autem
1687 932 1840 975 tanta23’)
1868 938 1918 964 est
1943 938 2090 964 naturae
2116 933 2279 965 immani—

1291 990 1342 1015 tas
1360 989 1393 1015 et
1411 982 1611 1021 crudelitas,
1635 988 1674 1014 ut
1693 994 1771 1013 cmn
1791 983 2012 1015 clementiam
2034 983 2151 1015 xideat
2170 990 2280 1021 tuam,

1291 1047 1368 1065 cum
1395 1046 1412 1064 a
1440 1040 1497 1065 tua
1522 1033 1633 1063 salute
1661 1033 1951 1076 tranquillitatem
1978 1034 2072 1067 orbis
2104 1041 2276 1066 terrarum

1292 1085 1445 1127 pendere
1471 1083 1661 1123 intelligat,
1703 1089 1822 1114 tamen
1850 1083 2042 1116 extinctum
2068 1090 2100 1115 te
2125 1097 2196 1118 esse
2222 1098 2279 1117 cu-

1294 1135 1362 1178 piat
1377 1134 1391 1166 ἰ)
1443 1133 1565 1178 Itaque
1588 1133 1649 1165 etsi
1676 1131 1764 1165 banc
1782 1134 2016 1177 suspicionem
2045 1134 2186 1167 inanem
2209 1147 2280 1167 esse

1292 1198 1416 1229 spero,
1445 1192 1564 1217 tamen
1588 1197 1664 1216 eam
1690 1192 1852 1217 accurate.
1875 1185 2009 1218 diluere
2038 1185 2134 1218 nolo.
2193 1185 2281 1217 Dili-

1293 1237 1445 1278 gentiam
1465 1236 1557 1268 enim
1580 1235 1615 1267 in
1633 1242 1665 1267 te
1685 1236 1935 1269 custodiendae
1956 1236 2048 1269 ritae
2066 1248 2194 1279 augere
2217 1249 2281 1268 no-

1293 1288 1366 1321 lim.
1420 1288 1542 1332 Neque
1560 1299 1644 1319 vero
1664 1287 1829 1319 credibile
1847 1294 1894 1320 est
1916 1300 1995 1327 eos,
2023 1287 2082 1332 qui
2103 1294 2160 1320 tua
2180 1287 2277 1331 signa

1292 1338 1402 1372 secuti
1428 1345 1527 1377 sunt,
1569 1338 1632 1369 tibi
1655 1338 1799 1371 exitium
1823 1339 1964 1378 moliri,
2000 1351 2078 1371 cum
2105 1345 2162 1371 tua
2189 1339 2282 1371 salus

1293 1390 1470 1434 praesidio
1485 1389 1533 1422 eis
1551 1389 1596 1422 sit
1612 1390 1654 1421 ad
1674 1389 1895 1423 retinendam
1909 1389 2117 1432 dignitatem
2136 1396 2170 1422 et
2185 1401 2282 1433 opes,

1294 1454 1380 1486 quas
1396 1447 1428 1473 te
1446 1441 1580 1473 victore
1600 1441 1776 1473 consecuti
1793 1448 1885 1475 sunt.
1938 1441 2054 1474 Porro
2076 1442 2186 1473 multo
2204 1441 2283 1484 plus

1294 1493 1424 1525 debent
1441 1492 1505 1524 tibi
1524 1491 1602 1531 alii,
1631 1492 1779 1536 quibus,
1812 1506 1891 1525 cum
1918 1492 1953 1525 in
1978 1490 2133 1525 hostium
2160 1491 2282 1524 castris

1294 1545 1457 1583 fuissent,
1502 1543 1611 1575 vitam
1638 1543 1797 1583 donasti,
1841 1550 1874 1576 et
1907 1543 2056 1587 patriam
2087 1541 2284 1575 reddidisti.

1294 1596 1375 1628 Non
1406 1595 1561 1627 arbitror
1585 1600 1702 1626 antem
1726 1595 1830 1628 ullius
1855 1601 1992 1627 tantum
2017 1606 2088 1627 esse
2112 1595 2284 1631 furorem,

1295 1653 1364 1678 tam
1381 1658 1521 1677 saevam
1542 1651 1727 1685 naturam,
1755 1652 1794 1677 ut
1819 1651 1917 1677 tanto
1943 1645 2088 1678 affectus
2111 1644 2281 1677 beneficio

1295 1694 1409 1728 adbuc
1426 1708 1506 1739 erga
1524 1702 1556 1728 te
1573 1692 1692 1727 hostili
1709 1696 1829 1728 animo
1847 1696 1901 1729 sit.
1956 1696 2025 1729 Sed
2041 1696 2211 1741 quoniam
2231 1695 2283 1727 in-

1295 1748 1391 1780 finita
1418 1754 1467 1780 est
1492 1747 1708 1789 ingratitudo
1733 1753 1764 1779 ct
1789 1747 1935 1791 perfidia
1960 1745 2170 1786 bominum,
2212 1758 2284 1778 non

1297 1799 1456 1842 purgabo
1481 1796 1544 1830 has
1569 1798 1785 1841 suspiciones
1809 1797 2030 1841 diligentius3
2070 1798 2143 1830 imo
2168 1803 2200 1830 te
2225 1799 2285 1829 ad-

1296 1848 1488 1887 bortabor,
1517 1855 1556 1881 nt
1581 1848 1717 1881 maiore
1744 1861 1826 1881 cura
1846 1855 1878 1881 te
1896 1849 1998 1882 nobis
2015 1855 2048 1881 et
2069 1848 2284 1893 reipublicae

1296 1912 1436 1934 servare
1454 1900 1606 1933 studeas.
1659 1899 1748 1944 Quis
1766 1906 1816 1933 est
1834 1900 1927 1933 enim
1955 1906 2026 1932 tam
2052 1899 2227 1944 vecorsm)
2251 1905 2284 1931 et

1296 1951 1476 1995 stupidus,
1503 1957 1631 1983 utnon
1653 1950 1826 1994 intelligat
1852 1952 2108 1995 rempublicam
2133 1951 2201 1984 nisi
2226 1957 2283 1983 tua

1297 2003 1486 2035 autoritate.
1510 2002 1746 2042 instauretur,
1785 2003 1943 2036 funditus
1973 2003 2169 2047 perituram
2201 2013 2286 2040 esse,

1297 2060 1331 2086 et
1347 2054 1542 2086 exorituras
1561 2052 1687 2085 iterum
1708 2054 2026 2087 turbulentissimas
2050 2059 2285 2098 tempestates,

1297 2105 1325 2138 si
1342 2106 1411 2137 sata
1431 2104 1534 2138 nobis
1551 2103 1673 2149 iniqua
1692 2110 1724 2136 te
1741 2105 1919 2149 eriperent
1940 2105 2060 2145 terris,
2095 2111 2284 2149 antequam

1298 2163 1433 2189 certum
1449 2163 1483 2189 et
1497 2155 1692 2188 durabilem
1712 2156 1926 2200 reipublicae
1942 2163 2072 2189 statum
2088 2156 2285 2189 constituis-

1298 2207 1376 2241 ses?
1429 2207 1520 2241 Nam
1538 2207 1631 2239 bello
1650 2206 1763 2247 cixili,
1791 2215 1830 2241 nt
1846 2209 1902 2248 sit,
1934 2208 2051 2251 legum
2080 2214 2113 2240 ct
2136 2206 2283 2240 iudicio-

1299 2271 1376 2291 rum
1395 2258 1566 2292 autoritas
1583 2258 1791 2291 labefactata
1807 2266 1877 2299 est,
1905 2265 2070 2303 corrupta
2088 2258 2286 2302 disciplina,

1298 2322 1426 2353 magna
1452 2309 1616 2349 licentia,
1653 2307 1816 2344 homines
1844 2311 1992 2343 audaces
2023 2316 2056 2342 et
2082 2309 2287 2347 facinorosi,

1299 2361 1451 2394 violatae
1480 2367 1514 2394 et
1542 2360 1750 2403 religiones,
1792 2368 1825 2394 et
1858 2362 2007 2394 lacerata
2037 2360 2285 2404 coniugiorum

1299 2413 1396 2453 iura,
1422 2413 1559 2446 deserta
1577 2412 1811 2455 agricultura,
1838 2412 1970 2445 abiecta
1989 2412 2103 2445 studia
2123 2410 2286 2445 honesta-

1300 2476 1378 2497 rum
1396 2464 1539 2497 artium.
1583 2463 1729 2498 Nullum
1747 2464 1839 2497 enim
1859 2476 1967 2507 genus
1985 2463 2195 2496 calamitatis
2213 2475 2285 2495 non

1336 2592 1384 2620 29)
1404 2592 1493 2615 autem
1512 2592 1604 2619 tanta]
1629 2590 1668 2614 sic
1687 2590 1769 2615 Editt.
1793 2590 1883 2619 1.·›53.2,
1911 2591 2001 2620 155-‡.;

1367 2628 1466 2649 antem.

2038 2591 2086 2614 Ed.
2110 2591 2183 2616 1568.
2209 2593 2285 2615 tanta

1334 2677 1382 2703 30)
1404 2677 1469 2705 Quis
1489 2677 1531 2698 est
1551 2675 1620 2698 enim
1639 2676 1693 2697 tam
1713 2676 1824 2704 vecors]
1846 2675 1886 2697 sic
1907 2676 1986 2700 Folia.
2004 2676 2096 2707 t553.,
2117 2676 2208 2707 155⁴.;
2236 2677 2284 2701 Ed.

1373 2711 1445 2733 15⁶8.
1467 2710 1533 2737 Quis
1554 2710 1622 2732 enim
1643 2711 1696 2731 tam
1719 2716 1813 2732 recora
1833 2712 1882 2734 cst.
