2347 3000
97 144 170 180 145

93 232 225 265 dantur
248 231 292 264 ad
314 228 576 268 necessitatem,
613 226 680 261 hoc
707 234 776 268 est,
812 229 855 260 ad
877 240 979 261 nsum
1004 234 1081 261 tan-

92 290 167 317 tum
181 309 190 322 ,
215 293 290 315 non
313 287 353 316 ut
374 292 456 325 pars
473 280 517 313 ad
537 285 723 326 quaestum
747 280 970 319 conferatur,
997 279 1078 324 quia

92 335 141 368 ita
165 333 420 367 defraudantur
445 331 576 377 reliqui
600 343 787 376 pauperes.
854 332 923 364 Sed
946 331 1080 364 reditus

91 384 327 419 Ecclesiarum
352 389 435 417 sunt
462 383 722 428 eleemosynae:
759 395 841 426 ergo
866 394 939 415 non
964 387 1080 426 potest

92 437 129 470 in
149 436 197 470 eis
215 434 381 469 constitui
394 435 606 469 usufructus.
666 434 741 467 Hoc
759 440 1007 478 argumentum
1027 432 1078 465 di-

92 488 201 521 luitur
224 485 439 519 10ἢεί11110ηο
462 486 627 526 maioris,
655 486 738 531 quia
764 485 800 518 in
826 485 902 518 aliis
929 485 1078 518 elcemo-

91 538 186 583 synis
210 551 312 577 usus,
340 537 377 570 in
401 537 477 571 aliis
499 538 699 571 usufructus
723 536 967 576 constituitur,
995 547 1077 567 nam

89 589 245 622 Ecclesia
278 588 365 622 alias
395 590 456 622 dat
486 589 725 633 eleemosynas
752 594 921 632 tanquam
946 586 1078 630 stipen-

90 641 210 680 dium,
244 647 284 674 ut
316 639 488 674 ministris
509 639 696 683 Evangelii
725 638 933 671 docentibus
962 643 996 670 et
1026 637 1078 670 di-

90 692 288 731 scentibus,
311 692 397 724 alias
415 693 475 724 dat
501 691 741 734 eleemosynas
759 689 867 733 gratis
892 690 936 721 ad
960 701 1077 722 neces-

91 743 230 777 sitatem
267 743 467 785 egentibus,
511 754 664 787 quorum
700 753 774 773 non
810 740 921 773 utitur
957 751 1076 784 opera.

90 794 185 827 Haec
205 794 383 827 distinctio
412 794 605 825 admodum
639 792 826 824 commoda
858 798 892 824 et
925 791 980 835 pia
1014 797 1076 830 est,

92 846 174 892 quia
205 851 327 877 monet
357 844 508 883 otiosos,
556 856 599 876 ne
631 843 824 876 Ecclesiam
855 843 1076 881 defraudent,

90 898 151 930 sed
179 896 250 929 sint
281 895 428 928 modicis
457 895 688 939 eleemosynis
712 894 881 928 contenti.
941 893 1077 927 Rursus

90 948 196 980 etiam
221 953 343 980 monet
367 946 602 980 necessarium
627 958 666 979 ac
692 945 849 978 debitum
877 957 965 989 opus
992 957 1076 983 esse,

90 997 277 1032 honestam
294 999 490 1031 mercedem
511 998 595 1030 dare
618 997 826 1030 docentibus
851 1010 890 1029 ac
914 996 1076 1029 discenti-

88 1051 164 1084 bus.
217 1049 299 1083 Non
318 1055 366 1082 est
384 1049 491 1093 igitur
512 1049 588 1081 leve
606 1049 735 1088 scelus,
770 1046 859 1080 1111111
885 1049 972 1080 velle
994 1060 1076 1081 con-

88 1102 180 1134 ferre
204 1101 247 1133 ad
272 1101 416 1134 alendos
441 1100 622 1133 ministros
645 1099 849 1141 Evangelii,
881 1105 943 1132 aut
968 1100 1074 1132 etiam

91 1152 327 1186 Ecclesiarum
346 1151 528 1185 facultates
546 1151 712 1195 diripere,
740 1163 829 1195 quae
848 1163 921 1183 uon
939 1157 1073 1183 tantum

89 1210 170 1237 sunt
187 1204 428 1248 eleemosynae
447 1203 656 1235 constitutae
675 1202 796 1235 otiosis
816 1202 994 1243 gentibus,
1015 1203 1074 1234 sed

89 1255 207 1299 potius
231 1267 358 1298 magna
385 1267 425 1287 ex
448 1260 548 1297 parte
572 1259 653 1286 511111
677 1253 849 1297 stipendia
871 1253 987 1285 debita
1014 1253 1076 1285 do-

90 1306 247 1338 centibus
272 1318 310 1338 ac
333 1305 546 1338 discentibus
564 1304 772 1342 constituta,
801 1304 844 1335 ad
865 1316 1076 1336 conservan-

90 1358 172 1389 dam
208 1356 406 1389 doctrinam
434 1355 608 1388 Ecclesiae
644 1355 889 1388 necessariam.
957 1354 1075 1398 Quare

91 1408 224 1441 discant
242 1405 297 1440 hic
313 1408 493 1439 moderata
515 1406 673 1449 ingenia,
702 1406 784 1450 quid
805 1405 957 1437 debeant
972 1405 1075 1437 mini-

92 1459 172 1491 stris
195 1458 389 1500 Evangelii.
450 1457 581 1490 Paulus
604 1456 719 1501 inquit
742 1457 793 1500 (1.
813 1456 906 1488 Tim.
925 1453 960 1495 5,
982 1456 1073 1500 17.):

90 1509 233 1553 Duplici
264 1506 400 1540 honore
430 1507 528 1551 digni
557 1513 656 1547 sunt,
698 1507 759 1551 qui
782 1507 871 1539 bene
895 1513 1075 1550 praesunt,

90 1561 126 1592 id
143 1566 211 1598 est,
238 1559 394 1603 primum
416 1559 519 1592 detur
543 1558 591 1592 eis
614 1556 748 1597 honos,
782 1557 908 1591 deinde
926 1556 1074 1591 honesta

90 1622 235 1643 merces.

190 1658 358 1693 Ezechias
382 1660 564 1700 laudatur,
599 1661 695 1706 quod
718 1660 906 1704 dlligentcr
931 1672 1075 1693 curave-

88 1713 146 1753 rit,
162 1719 202 1746 ut
220 1712 372 1756 populus
391 1712 492 1744 daret
508 1711 750 1746 sacerdotibus
768 1711 965 1755 portiones,
988 1724 1074 1757 quas

90 1763 173 1808 ipsis
197 1764 252 1796 lex
268 1763 440 1796 attribuit.
499 1762 544 1795 Et
569 1763 617 1795 ait
642 1769 755 1797 textus
777 1766 812 1798 2.
830 1763 987 1807 Paralip.
1014 1764 1074 1803 31,

90 1815 161 1860 (4.)
174 1842 183 1855 ,
202 1821 241 1848 ut
260 1821 404 1859 possent
420 1826 545 1846 vacare
561 1814 627 1858 legi
640 1814 718 1848 Dei.
770 1815 951 1858 SignIficat
968 1815 1075 1857 igitur

90 1865 181 1900 lianc
199 1866 449 1898 liberalitatem
469 1865 549 1898 ideo
573 1866 711 1910 placere
730 1865 826 1906 Deo,
855 1866 936 1911 quia
957 1879 1073 1899 neces-

88 1918 180 1951 saria
198 1924 249 1951 est
267 1919 311 1950 ad
335 1917 577 1950 conservanda
602 1917 717 1950 studia
739 1917 931 1961 religionis.
985 1918 1073 1950 Pro-

89 1968 215 2013 phetae
232 1968 337 2001 etiam
355 1968 523 2001 atrociter
541 1968 726 2002 minantur
747 1969 893 2013 populo,
912 1975 1072 2013 propter—

89 2034 128 2053 ea
161 2020 257 2065 quod
284 2032 358 2052 non
389 2020 529 2053 solvant
560 2020 801 2053 sacerdotibus
821 2032 882 2059 ca,
910 2032 1001 2066 quae
1019 2021 1073 2053 lex

88 2072 137 2105 eis
148 2071 320 2111 attribuit,
337 2077 375 2104 ut
386 2071 542 2115 Haggaei
554 2072 766 2117 1,(6—11.)
783 2071 914 2110 scribit,
931 2085 1070 2105 causam

90 2136 182 2163 esse,
211 2135 320 2168 quare
346 2123 437 2155 male
457 2123 669 2167 proveniant
694 2124 830 2166 fruges,
860 2123 941 2168 quia
961 2135 1072 2167 popu-

89 2175 142 2208 lus
166 2186 240 2207 non
264 2174 434 2213 solveret,
469 2186 558 2219 quae
583 2175 715 2219 templo
740 2174 958 2219 111-1101111165).
1028 2174 1072 2207 Et

89 2223 241 2259 Malach.
259 2226 294 2265 3,
313 2224 423 2270 (10.):
454 2224 583 2258 Inferte
601 2238 743 2259 omnem
764 2226 936 2259 decimam
957 2232 1020 2260 etc.
1039 2233 1071 2259 cl

89 2277 249 2321 aperiam
267 2277 368 2310 vobis
388 2283 582 2310 cataractas
601 2277 700 2311 coeli.

191 2328 287 2361 Haec
311 2328 511 2361 testimonia
530 2328 676 2368 (100001,
705 2340 812 2373 quam
835 2327 1070 2362 necessarium

90 2379 242 2412 officium
266 2379 310 2412 sit
333 2379 503 2414 ministris
519 2379 750 2424 Ecclesiae‘ffi)
773 2381 971 2413 mercedem
995 2380 1072 2412 red-

89 2431 183 2463 dere.
236 2430 341 2475 Quod
365 2437 404 2464 ut
426 2431 555 2463 maiori
578 2432 644 2464 fide
662 2437 900 2474 praestemus,
933 2429 1072 2464 hortari

89 2494 155 2515 nos
181 2482 309 2514 debent
331 2482 559 2525 gravissimae
583 2482 897 2523 comminationes,
934 2489 968 2515 et
988 2495 1072 2526 pro-

91 2532 274 2566 missiones
290 2533 448 2574 (111-111110,
476 2546 566 2580 quae
591 2546 669 2567 cum
689 2546 811 2567 omnes
835 2541 1006 2574 monent,
1034 2540 1073 2567 ut

122 2666 172 2695 65)
193 2666 320 2695 debebat]
340 2666 379 2690 sie
396 2666 446 2690 Ed.
467 2667 556 2693 1546.:
577 2667 643 2692 Edd.
663 2666 737 2690 1533.
758 2668 784 2690 et
806 2667 878 2690 1540.
897 2666 1037 2691 dehebant.

124 2717 172 2744 66)
193 2716 346 2745 Ecclesiae]
370 2717 409 2741 sic
436 2718 502 2741 Edd.
523 2718 598 2742 1538.
618 2720 645 2742 et
666 2718 756 2749 ¹540.;
789 2719 836 2743 Ed.
858 2717 933 2742 1546.
963 2719 1072 2750 typogr.

160 2757 270 2775 errore:
297 2752 429 2776 Ecclesia.

92 2793 272 2824 MELANTH.
289 2793 394 2824 open.
426 2795 508 2826 Vor.
526 2795 615 2825 XVI.

654 141 680 177 Ι.
723 140 1072 176 PHILOSOPHIAE
1097 139 1308 176 MORALIS
1332 139 1561 176 EPITOME.

2048 142 2119 178 146

1133 228 1262 272 singuli
1286 240 1351 272 pro
1377 227 1564 260 vocatione
1578 226 1625 273 67)
1652 233 1685 260 01
1709 227 1933 262 facultatibus
1957 227 2117 264 iuvemus

1131 279 1307 313 Ecclesiae
1323 279 1524 319 ministros,
1552 285 1626 312 tum
1648 291 1733 311 vero
1757 286 1878 313 x‘etant
1900 280 2117 324 direptiones

1132 331 1339 364 facultatum
1362 330 1623 369 Ecclesiarum,
1659 332 1754 376 quod
1789 331 1932 377 quidem
1964 344 2038 365 non
2068 339 2117 365 cst

1131 381 1279 426 simplex
1297 382 1418 416 scelus.
1457 382 1619 415 Primum
1636 381 1744 415 laedit
1760 382 1909 425 gloriam
1927 382 2005 423 Dei,
2034 384 2116 429 quia

1131 445 1211 466 cmn
1229 435 1380 466 deerunt
1394 440 1566 478 sumptus,
1583 432 1737 466 defuturi
1755 433 2006 469 suntEcclesiis
2022 435 2117 467 docti

1132 491 1165 517 et
1192 484 1311 517 idonei
1338 485 1503 518 ministri.
1564 484 1703 518 Deinde
1728 486 1986 519 ‹lesrau‹la11tnr
2012 493 2045 519 01
2067 486 2118 518 illi

1131 535 1210 579 ipsi,
1227 535 1288 580 qui
1305 542 1387 569 sunt
1403 536 1438 568 111
1456 536 1670 577 ministeriis,
1686 543 1719 570 et
1738 535 1866 571 borum
1885 538 1986 582 parvi
2004 538 2116 576 liberi,

1132 587 1192 631 qui
1209 588 1468 630 propemodum
1488 588 1580 620 same
1599 595 1781 623 necantur.

1233 637 1391 671 Sciamus
1418 638 1523 681 igitur
1540 636 1646 679 haec,
1674 653 1764 684 quae
1782 640 1953 674 ministris
1974 641 2117 677 dantur,

1131 690 1308 722 mercedes
1328 701 1416 728 esse,
1443 702 1552 734 quare
1578 688 1709 723 habent
1734 692 1953 725 usufructum
1970 704 2114 725 suorum

1130 739 1321 773 redItuum.
1374 739 1420 772 Et
1443 741 1612 773 admonet
1635 754 1699 774 nos
1721 740 2041 787 haecdisputatio,
2079 750 2114 775 ut

1130 791 1333 834 diligentius
1363 791 1542 825 solvamus
1584 792 1756 826 ministris
1784 793 2022 828 Ecclesiarum
2064 808 2115 833 011,

1131 854 1221 888 quae
1246 843 1294 876 eis
1319 842 1507 876 constituta
1533 850 1626 877 sunt.
1680 843 1754 876 Imo
1780 845 1907 888 singuli
1925 846 2054 885 sciant,
2082 860 2116 880 50

1131 894 1264 938 aliquid
1284 895 1445 927 conferre
1469 895 1597 927 debere
1622 896 1666 928 ad
1690 895 1927 929 Ecclesiarum
1956 904 1987 929 et
2014 897 2117 930 mini-

1129 945 1226 978 sterii
1245 946 1571 986 conservationem,
1598 946 1687 980 sicut
1703 947 1836 980 Paulus
1854 947 1969 993 inquit
1986 950 2028 981 ad
2048 950 2117 981 Ga-

1129 997 1218 1030 latas
1249 997 1309 1042 (6,
1336 997 1405 1040 6,);
1452 998 1700 1031 Communicet
1745 998 1936 1043 discipulus
1976 1001 2115 1033 docenti

1129 1047 1376 1090 Evangelium.
1431 1049 1476 1082 Et
1495 1049 1666 1082 Salomon
1686 1050 1862 1093 (Prov.3‚
1879 1050 2016 1095 9.10.):
2046 1051 2117 1083 Ho-

1129 1112 1217 1132 nora
1243 1100 1358 1132 Deum
1382 1100 1424 1132 de
1449 1101 1516 1134 tuis
1538 1101 1783 1141 facultatibus,
1818 1108 1851 1134 et
1874 1102 2118 1145 implebuntur

1129 1149 1257 1183 horrea
1282 1157 1339 1184 tua
1365 1158 1428 1185 etc.
1493 1151 1662 1196 intelligit
1684 1153 1779 1185 enim
1802 1153 1992 1193 beneficia,
2027 1167 2116 1199 quae

1130 1203 1362 1235 conferuntur
1380 1204 1423 1235 ad
1440 1204 1747 1238 conservationem
1765 1205 1964 1238 ministerii.

1129 1306 1263 1337 Iurene
1283 1300 1477 1347 interfecit
1496 1304 1602 1337 Mars
1621 1305 1792 1348 Neptuni
1807 1303 1942 1351 filium,
1969 1311 2118 1350 propter

1280 1366 1453 1405 stuprum
1473 1363 1646 1406 Alcippes
1669 1362 1774 1410 filiae
1796 1363 1965 1399 Martis?

1231 1427 1359 1460 Graeci
1385 1428 1523 1471 fingunt
1548 1428 1583 1460 in
1600 1428 1789 1473 Areopago
1808 1430 1903 1464 Deos
1925 1433 2117 1467 exercuisse

1129 1479 1199 1512 (luo
1218 1478 1346 1512 iudicia
1364 1478 1539 1522 capitalia.
1578 1478 1618 1512 In
1636 1480 1747 1513 altero
1770 1481 1870 1515 aiunt
1884 1483 2036 1516 Martem
2064 1497 2118 1516 ac—

1129 1537 1287 1563 cusatum
1305 1542 1377 1563 esse
1404 1542 1423 1562 a
1439 1530 1628 1574 Neptuno,
1655 1531 1753 1565 Mars
1776 1533 1870 1565 enim
1895 1534 2114 1567 interfecerat

1128 1579 1417 1614 Halirrhothium
1438 1580 1505 1627 6S),
1546 1581 1705 1626 Neptuni
1722 1582 1768 1629 ⁶⁹)
1798 1584 1928 1625 fllium,
1971 1593 2118 1630 propter

1128 1639 1290 1677 stuprum
1317 1632 1475 1665 oblatum
1501 1633 1592 1666 filiae
1616 1633 1781 1678 Alcippcs
1794 1635 1851 1681 ⁷⁰).
1913 1635 1976 1669 Est
2000 1645 2116 1670 autem

1128 1684 1225 1717 Mars
1248 1684 1430 1717 absolutus
1451 1683 1612 1717 Deorum
1638 1686 1779 1719 iudicio,
1843 1687 1907 1719 Hic
1935 1689 2118 1733 quaeritur

1128 1737 1171 1768 de
1189 1735 1301 1779 stupri
1318 1748 1431 1779 poena
1447 1749 1451 1768 :
1481 1747 1526 1768 an
1544 1736 1641 1769 Mars
1666 1737 1820 1780 potuerit
1839 1745 2001 1783 stuprum
2027 1741 2116 1773 filiae

1128 1789 1255 1831 punire
1272 1788 1387 1820 caede.
1442 1787 1622 1826 Secundo,
1650 1788 1679 1821 si
1702 1789 1914 1832 supplicium
1939 1791 2003 1824 fuit
2023 1798 2116 1824 atro-

1128 1839 1200 1871 cius
1220 1839 1324 1877 iusto,
1350 1850 1395 1870 an
1412 1836 1539 1871 habeat
1558 1839 1832 1880 excusationem,
1852 1842 1949 1886 quod
1965 1849 2115 1886 paterno

1127 1890 1250 1922 dolore
1275 1889 1404 1922 iniuria
1438 1890 1530 1922 filiae
1562 1888 1804 1925 vehementius
1834 1900 2032 1927 commotus
2062 1895 2116 1928 sit.

1128 1941 1246 1986 Quare
1265 1941 1301 1972 in
1319 1938 1384 1973 hac
1403 1941 1609 1986 quaestione
1626 1943 1696 1975 duo
1721 1943 1840 1975 insunt
1866 1944 1935 1976 loci
1959 1958 2116 1979 commu-

1126 2005 1188 2025 nes
1206 1992 1398 2036 praecipui,
1417 1992 1505 2025 alter
1523 1994 1564 2025 de
1582 2005 1695 2037 poena
1715 1994 1841 2038 stupri,
1865 1995 1953 2029 aller
1972 1998 2114 2042 quando

1127 2045 1248 2077 caedes
1274 2041 1403 2076 habeat
1427 2044 1700 2078 excusationem.

1228 2094 1281 2127 De
1298 2095 1417 2139 priore
1434 2095 1524 2129 loco.
1579 2096 1684 2128 Ratio
1703 2097 1874 2130 naturalis
1893 2098 2023 2130 iudicat
2045 2105 2114 2131 stu-

1126 2158 1187 2190 pra
1201 2159 1319 2179 severe
1335 2146 1513 2190 punienda
1527 2160 1609 2180 esse.
1633 2146 1670 2179 Id
1682 2154 1717 2181 ut
1729 2148 1966 2191 significarent
1976 2149 2114 2187 Graeci,

1126 2199 1301 2231 finxerunt
1329 2196 1420 2230 hanc
1453 2210 1606 2242 poenam
1638 2200 1869 2243 stupratoris,
1905 2207 1937 2232 et
1970 2201 2113 2245 quidem

1126 2249 1241 2281 Deum
1265 2256 1426 2282 1111101001
1450 2249 1613 2293 supplicii
1638 2251 1814 2289 fecerunt,
1849 2257 1886 2284 ut
1914 2259 2113 2291 monerent,

1125 2300 1241 2333 Deum
1260 2300 1404 2339 offendi,
1422 2301 1450 2334 si
1466 2298 1670 2334 huiusmodi
1686 2302 1855 2345 supplicia
1874 2315 1947 2335 non
1962 2303 2112 2347 punian-

1158 2420 1207 2447 67)
1226 2424 1276 2448 111-0
1294 2417 1452 2445 vocatione]
1477 2415 1516 2439 sic
1542 2416 1607 2438 Edd.
1630 2416 1703 2439 1538*
1722 2418 1748 2439 et
1770 2416 1860 2446 1540.;
1893 2417 1939 2441 Ed.
1962 2417 2035 2444 1546,
2064 2422 2110 2449 ty—

1193 2459 1270 2483 pogr.
1288 2457 1398 2475 errore:
1425 2450 1630 2480 provocatione.

1158 2496 1205 2527 (58)
1226 2494 1451 2522 Halirrhothium]
1466 2493 1532 2516 Edd.
1548 2492 1622 2518 15:3³.
1638 2494 1665 2516 ct
1682 2493 1753 2517 1540.
1773 2494 1958 2525 Alcirotaum;
1977 2496 2109 2519 Ed.1546.

1192 2531 1365 2560 Alyrotamn.

1159 2573 1206 2605 69)
1226 2571 1342 2602 Neptuni
1361 2572 1388 2593 et
1407 2571 1528 2600 Eum-tes
1547 2570 1681 2600 nymphae
1701 2569 1774 2593 filius
1794 2572 1862 2594 erat.

1158 2616 1205 2647 70)
1226 2615 1338 2644 Alcippe
1356 2613 1454 2636 Martis
1475 2614 1501 2635 et
1519 2613 1635 2641 Aerauli
1655 2613 1719 2637 filia.
1739 2626 1774 2630 —-
1810 2614 1850 2637 De
1869 2614 1917 2637 hac
1936 2620 2019 2638 causa
2037 2617 2105 2640 conf.

1193 2648 1352 2679 Apollodori
1371 2647 1487 2671 biblioth.
1508 2647 1579 2672 l.lll.
1603 2648 1676 2670 014.
1697 2647 1768 2676 S.2.,
1789 2648 1941 2672 Pausaniae
1960 2649 2106 2679 descriptio

1195 2685 1327 2709 Graeciae
1346 2682 1361 2706 l.
1382 2682 1400 2705 1.
1427 2688 1450 2704 c.
1467 2682 1508 2705 21.
1534 2682 1559 2711 S.
1583 2683 1607 2705 4.
1627 2683 1653 2705 ct
1672 2688 1693 2706 0,
1713 2682 1752 2705 28.
1773 2682 1798 2711 g.
1817 2683 1856 2707 5..
1878 2684 2029 2713 Stephanus
2048 2686 2105 2714 By-

1193 2718 1323 2743 zantinus
1341 2723 1361 2740 s.
1382 2723 1407 2740 v.
1424 2714 1529 2747 ’Λρειος
1547 2714 1650 2747 πάγος,
1670 2718 1696 2739 et
1715 2716 1820 2740 Libanii
1838 2717 1983 2747 sophistae
2002 2719 2105 2741 oratio-

1195 2760 1244 2777 nes
1264 2754 1290 2776 et
1309 2751 1520 2776 declamationes
1539 2751 1579 2776 ed.
1599 2751 1710 2775 Beiske.
1731 2751 1793 2775 Vol.
1814 2751 1861 2776 lv,
1881 2758 1903 2781 p.
1924 2752 2080 2777 402—419.

1450 2787 1495 2819 10
