2347 3000
238 109 311 145 463

344 195 531 230 Caeterum
546 192 717 238 disputari
736 197 852 235 posset
873 201 892 222 a
915 188 1152 233 sapientibus,
1179 198 1224 220 an

241 248 290 281 ita
315 254 405 280 recte
430 246 672 279 consuleretur
695 240 914 276 conscientiis
941 240 1048 272 ctiam
1070 239 1108 271 in
1132 238 1224 271 iura-

242 298 368 332 mentis
389 304 486 330 metu
508 295 673 333 extortis,
706 293 735 326 si
758 293 811 325 lex
835 290 1042 334 simpliciter
1066 300 1226 334 pronun-

242 350 347 382 tiaret
372 348 571 382 iuramenta
595 344 792 378 latronibus
817 343 899 374 data
923 353 997 374 non
1019 341 1157 379 valere,
1193 345 1228 372 et

243 398 447 444 prohiberet
475 397 564 432 solvi
593 393 785 439 promissa,
827 392 915 426 sicut
949 399 982 425 et
1011 392 1048 425 in
1078 391 1226 426 Numer.

244 464 319 495 cap.
337 451 397 489 30,
423 447 581 494 (4-9.)
606 445 776 489 scriptum
807 449 874 477 est:
917 442 1006 477 Cum
1037 449 1138 487 pater
1169 447 1229 474 aut

243 502 390 534 maritus
408 497 655 532 contradicunt
671 495 811 528 mulieri
831 494 1039 539 iuranti‘n),
1071 505 1146 526 non
1171 505 1230 524 va-

243 554 314 586 lere
337 552 595 587 iuramentum,
637 553 671 579 et
695 558 772 579 eam
796 557 869 578 non
891 545 967 578 fieri
992 557 1110 582 ream,
1150 555 1228 576 cum

243 615 315 636 uon
332 607 449 635 servat
465 600 719 632 iuramentum.
772 596 841 631 Sed
868 594 958 629 hanc
982 594 1226 641 quaestionem

245 653 322 686 aliis
337 651 502 696 relinquo
527 649 753 694 cogitandam
778 653 980 681 reverenter
1004 648 1046 681 de
1070 657 1108 679 re
1133 651 1230 678 tanta

246 703 494 738 iudicantibus.

346 797 408 830 De
443 792 834 838 interpretatione
864 790 1126 825 iuramenti.

346 873 428 908 Non
446 869 628 916 loquimur
645 870 687 901 de
704 866 902 912 sophisticis
919 867 1145 905 iuramentis,
1172 864 1234 898 uhi

245 925 380 961 luditur
406 921 634 964 ambiguitate
659 921 870 959 verborum,
913 925 952 951 ut
980 918 1091 951 multa
1115 921 1235 950 extant

246 975 406 1020 exempla
431 974 467 1006 in
490 970 663 1011 historiis,
696 977 736 1003 ut
762 970 820 1016 qui
847 975 967 1014 pactus
996 970 1140 1012 triginta
1163 967 1235 1000 die-

248 1040 328 1063 rum
352 1024 530 1063 inducias,
564 1028 671 1055 noctu
694 1021 933 1066 populabatur
955 1019 1125 1064 agros‘25).
1184 1017 1235 1049 lbi

247 1080 379 1114 dictum
409 1074 589 1108 communi
612 1085 711 1105 more
739 1079 829 1105 recte
856 1071 1078 1116 loquentium
1103 1068 1235 1113 perspi-

249 1141 353 1165 cuum
381 1134 448 1165 est,
491 1125 551 1158 scd
576 1124 791 1157 calumniose
815 1124 1049 1166 depravatur,
1093 1126 1126 1152 et
1150 1119 1235 1151 tales

249 1178 460 1229 praestigiae
478 1188 550 1208 non
570 1180 717 1219 possunt
734 1174 862 1217 regulis
880 1169 1147 1215 comprehendi,
1176 1169 1236 1202 sed

249 1231 438 1267 autoritate
462 1226 685 1270 superiorum
711 1225 885 1257 tollendae
915 1229 1007 1256 suut.
1078 1221 1146 1254 Sed
1176 1220 1237 1253 ubi

252 1283 358 1317 verba
379 1277 561 1325 perspicua
582 1283 681 1315 sunt,
710 1282 743 1308 et
762 1275 857 1308 nulla
882 1272 1060 1306 cavillatio
1086 1278 1156 1311 est,
1185 1271 1237 1304 in-

249 1335 389 1369 terdum
415 1329 579 1363 accedere
607 1327 938 1371 interpretationem
971 1329 1123 1369 oportet.
1190 1322 1238 1356 Ut

250 1383 378 1431 aliquis
408 1381 501 1414 iurat
532 1391 566 1413 se
599 1380 766 1412 daturum
799 1377 899 1410 alteri
921 1382 1052 1409 certam
1078 1375 1238 1413 domum,

249 1436 336 1471 haec
352 1435 478 1467 domus
496 1430 586 1475 perit
606 1429 787 1469 incendio,
814 1427 870 1463 hic
892 1426 1156 1473 impossibilitas
1178 1426 1239 1458 ad-

253 1489 305 1522 dit
327 1485 419 1520 hanc
444 1482 797 1526 interpretationem,
825 1480 974 1518 scilicet,
1009 1479 1037 1511 si
1059 1490 1113 1511 res
1140 1488 1239 1509 man-

254 1539 339 1574 serit
356 1537 392 1568 in
409 1534 532 1567 eodem
555 1540 666 1571 statu,
695 1538 727 1564 et
744 1533 780 1564 fit
801 1532 897 1564 irrita
917 1529 1117 1574 promissio.

355 1585 487 1620 Milites
520 1585 727 1617 iuraverunt
760 1595 794 1616 se
823 1582 903 1615 duci
932 1582 1240 1624 obtemperaturos

255 1653 348 1680 esse,
383 1639 468 1671 duce
493 1641 613 1680 capto,
649 1634 845 1666 liberantur
869 1634 911 1665 ab
936 1630 1000 1663 hac
1029 1630 1240 1663 obedientia.

254 1692 305 1726 lta
322 1689 432 1724 facilis
450 1694 499 1721 est
514 1684 772 1730 interpretatio,
799 1683 859 1717 ubi
875 1696 912 1717 re
932 1687 1066 1715 mutata
1083 1680 1241 1725 sequitur

256 1739 530 1787 impossibilitas.

356 1790 536 1824 Interdum
560 1799 708 1832 sequens
726 1785 897 1819 iniustitia
918 1783 1015 1817 addit
1033 1783 1242 1826 interpreta-

257 1845 402 1878 tionem.
455 1840 504 1874 Ut
526 1839 655 1873 iuravit
673 1836 799 1882 aliquis
815 1849 850 1869 se
873 1836 1093 1868 redditurum
1103 1833 1148 1877 26)
1172 1844 1242 1865 esse

257 1895 433 1940 gladium,
459 1904 533 1924 non
549 1890 698 1923 reddens
713 1888 847 1922 furioso
866 1893 958 1919 recte
977 1885 1072 1919 facit.

363 1943 461 1977 Talis
481 1949 530 1976 est
553 1953 650 1974 casus
666 1939 832 1978 Davidis,
867 1937 928 1983 qui
955 1937 1049 1970 iurat
1077 1948 1112 1969 se
1139 1935 1244 1967 inter-

258 1998 432 2030 fecturum
450 2006 521 2027 esse
541 1992 654 2026 Nabal
670 1997 702 2024 et
724 1991 796 2024 eius
817 1989 990 2022 familiam
1000 1988 1067 2033 27),
1103 1992 1137 2019 et
1162 1985 1243 2030 quia

260 2060 321 2082 rex
342 2053 435 2085 erat,
468 2051 502 2077 et
528 2044 729 2076 defenderat
755 2053 874 2084 greges
893 2039 1027 2077 Nabal,
1061 2037 1247 2070 videbatur

262 2100 389 2133 iustam
405 2098 480 2129 irae
499 2106 640 2128 causam
659 2091 806 2129 habere;
841 2091 900 2124 sed
918 2103 995 2123 cum
1017 2088 1247 2122 interveniret

262 2147 483 2194 deprecatrix
499 2145 656 2189 Abigail‚
684 2155 830 2188 prorsus
855 2141 975 2174 abiicit
990 2140 1107 2173 David
1135 2138 1248 2172 consi-

261 2201 348 2234 lium
372 2200 415 2233 de
441 2197 614 2235 vindicta,
650 2194 787 2228 etiamsi
812 2193 914 2226 aliter
938 2193 1127 2225 iuraverat.
1180 2189 1248 2223 Sed

263 2252 352 2284 vidit
381 2255 580 2284 secuturam
610 2258 681 2279 esse
716 2244 945 2283 iniustitiam,
980 2243 1109 2277 iniuste
1143 2242 1249 2274 inter-

263 2303 399 2336 fecisset
413 2300 505 2333 illius
523 2309 669 2332 uxorem
689 2303 888 2329 matronam
917 2301 1094 2333 sanctam,
1123 2299 1157 2326 et
1180 2305 1249 2325 ser-

299 2421 348 2447 2⁴)
369 2419 482 2445 iuranti]
503 2417 540 2439 sic
559 2416 632 2439 recte
651 2414 722 2437 Edit.
741 2412 831 2441 15523

338 2454 409 2477 1560.
428 2452 543 2475 iurandi.

301 2503 349 2532 25)
372 2503 450 2527 Couf.
468 2506 550 2530 supra
569 2507 593 2529 p.
611 2499 669 2523 400.
689 2499 753 2521 nota
767 2497 808 2520 20.

303 2553 349 2583 26)
374 2551 555 2578 redditurum]
586 2550 626 2572 sic
653 2549 737 2571 Editt.
761 2546 853 2571 1552..

339 2588 411 2610 156⁰.
432 2588 542 2615 typogr⁴
562 2589 672 2607 errore:
702 2581 860 2605 rediturum.

868 2411 894 2435 in
914 2411 996 2435 Editt.
1013 2411 1103 2438 1554.,
1133 2409 1205 2433 1557.
1226 2411 1251 2433 et

893 2546 965 2569 1554.
993 2548 1019 2569 et
1050 2544 1139 2575 2557.;
1182 2544 1254 2570 Edit.

303 2638 349 2667 27)
372 2639 392 2661 1.
411 2638 481 2660 Sam.
496 2635 540 2658 25.
558 2634 592 2657 22
608 2640 663 2663 sqq.
707 2632 746 2656 De
765 2633 813 2655 hoc
832 2631 945 2654 navidis
969 2631 1118 2654 iuramento
1138 2630 1255 2654 disseri-

339 2675 382 2695 tur
410 2671 437 2693 in
465 2669 573 2692 Decreti
600 2667 718 2690 secunda
746 2667 839 2695 parte,
870 2670 953 2688 causa
972 2665 1058 2688 XXH.
1084 2666 1188 2694 quaest.
1207 2664 1255 2690 lv.

341 2713 361 2730 e.
376 2705 400 2729 6.
421 2703 516 2734 (Coi-p.
537 2702 588 2726 iur.
605 2707 698 2725 canon.
719 2700 759 2723 ed.
779 2700 890 2724 Richter
909 2699 937 2724 Ρ.
951 2699 970 2723 1.
989 2706 1012 2728 p.
1028 2698 1112 2729 755.).

523 106 724 143 SCRIPTA
747 105 821 141 PH.
846 104 956 139 MEL.
982 103 1046 137 AD
1067 100 1275 136 ETHICEN
1300 101 1364 137 ET
1385 101 1639 139 POLITICEN
1665 101 1971 138 SPECTANTIA.

2185 106 2258 140 454

1277 201 1359 229 vos,
1387 201 1539 234 quorum
1563 189 1673 235 aliqui
1700 195 1791 223 certe
1815 188 1896 222 iusti
1922 194 2044 228 erant,
2079 195 2112 222 et
2135 190 2170 223 in
2196 189 2262 224 hoc

1278 252 1359 273 casu
1376 239 1591 273 innocentes.
1644 239 1691 273 Et
1713 241 1844 274 sciebat
1869 240 1906 272 in
1926 239 2261 276 comminationibus

1279 290 1392 334 excipi
1413 291 1689 334 poenitentiam,
1725 291 1814 325 sicut
1837 290 1932 324 Deus
1958 290 2031 334 ipse
2054 290 2200 335 excipit,
2225 300 2264 326 ut

1281 341 1434 375 ostendit
1450 339 1597 374 historia
1614 340 1719 374 Ionae
1749 342 1800 386 (3,
1823 342 1909 388 10.).

1383 392 1598 437 Quanquam
1617 398 1735 424 autem
1758 392 1871 426 Nabal
1889 404 1962 425 non
1985 391 2057 435 agit
2083 391 2266 435 poeniten-

1282 443 1387 482 tiam,
1410 449 1530 476 tamen
1544 441 1681 487 reliqua
1699 442 1833 475 familia
1847 450 1897 477 est
1914 443 2063 486 placata,
2092 442 2171 476 ideo
2187 453 2267 487 par-

1283 494 1329 527 cit
1344 492 1610 527 honestissimae
1626 498 1811 526 matronae
1821 492 1879 538 ¹²⁶⁹),
1904 500 1937 527 et
1952 493 2124 534 familiae,
2146 500 2179 527 et
2190 493 2267 527 Deo

1283 545 1413 589 gratias
1437 544 1527 589 agit,
1553 544 1649 590 quod
1678 543 1908 577 interveniret
1930 544 2088 588 Abigail,
2115 556 2159 578 ne
2184 545 2268 590 quid

1284 596 1407 630 durius
1424 596 1553 629 faceret
1575 595 1627 637 (1.
1645 594 1739 628 Sam.
1756 593 1818 633 25,
1834 594 2040 639 32—34.).

1386 645 1533 679 Iuliane
1549 645 1761 679 sententiam
1787 645 1909 678 dicunt
1935 645 2191 687 iurisconsulti,
2217 647 2269 680 iu-

1284 704 1444 731 ramenta
1463 698 1579 730 calore
1599 696 1803 729 iracundiae
1820 697 1930 735 facta,
1958 708 2031 728 non
2056 693 2186 730 habere
2209 709 2269 731 au-

1286 749 1477 782 toritatem.
1526 748 1630 793 Quod
1648 747 1780 780 dictum
1798 753 1916 780 tamen
1934 758 2013 780 suas
2027 753 2138 781 metas
2154 745 2272 788 babet,

1286 807 1323 834 ut
1341 812 1413 833 non
1431 799 1567 838 valent,
1594 811 1672 831 cum
1691 804 1852 831 secutura
1871 805 1921 831 est
1939 797 2120 832 iniustitia.

1390 850 1452 883 Est
1476 856 1594 883 autem
1628 846 1866 893 pulcherrima
1897 849 2014 893 imago
2047 849 2082 882 in
2115 850 2274 894 exemplo

1286 901 1425 945 Abigail
1437 900 1494 946 Ἦ).

1389 952 1444 985 Sic
1462 951 1756 984 comminationes
1773 950 1915 984 divinae
1933 950 2178 993 intelliguntur
2194 963 2272 984 cum

1288 1003 1491 1047 exceptione
1516 1002 1777 1046 poenitentiae,
1813 1014 1891 1034 cum
1915 1001 2069 1034 Ecclesia
2092 1002 2128 1034 fit
2151 1003 2276 1045 ‹lepre-

1288 1054 1411 1092 catrix,
1439 1053 1534 1086 Deus
1551 1051 1670 1084 multis
1692 1051 1822 1095 parcit,
1851 1058 1884 1084 et
1900 1058 2019 1084 tamen
2035 1063 2097 1084 suo
2116 1058 2275 1098 tempore

1289 1104 1401 1138 'Nabal
1428 1104 1581 1142 tollitur,
1618 1101 1780 1134 videlieet
1805 1101 1881 1142 isti,
1917 1102 1978 1147 qui
2001 1102 2181 1147 praecipui
2206 1103 2276 1136 suis

1288 1154 1467 1188 furoribus
1483 1153 1624 1186 irritant
1641 1152 1730 1186 iram
1748 1152 1832 1193 Dei,
1869 1159 1903 1186 et
1923 1164 1996 1186 non
2022 1160 2130 1197 agunt
2154 1154 2276 1198 poeni-

1291 1213 1452 1239 tentiam.

1391 1256 1545 1289 Facilior
1565 1262 1613 1289 est
1628 1255 1811 1300 responsio
1838 1256 1879 1288 de
1895 1253 2014 1295 Iosue,
2042 1254 2101 1301 qui
2124 1255 2277 1289 servavit

1290 1306 1582 1352 Gabaonitasffl),
1621 1319 1700 1340 cum
1732 1307 1786 1339 lex
1813 1306 1933 1339 diviua
1967 1306 2122 1340 iussisset
2156 1318 2277 1340 omnes

1292 1360 1499 1393 Cananaeos
1533 1358 1660 1397 deleri,
1695 1363 1740 1390 ,ut
1769 1357 1953 1397 Deut.20‚
1979 1356 2074 1403 (17.)
2107 1357 2277 1401 scriptum

1291 1418 1352 1445 est.
1407 1412 1622 1455 Quanquam
1639 1408 1739 1442 Iosue
1764 1410 1928 1453 deceptus
1954 1414 2049 1448 erat,
2078 1414 2111 1441 et
2134 1415 2280 1454 propter

1293 1474 1450 1496 errorem
1472 1461 1712 1494 iuramentum
1730 1460 1916 1493 videbatur
1940 1471 2012 1493 esse
2036 1459 2195 1498 irritum,
2230 1466 2281 1492 ta-

1293 1526 1375 1547 men
1391 1525 1464 1546 non
1481 1518 1596 1545 mutat
1614 1511 1786 1555 promissa
1799 1538 1807 1550 ,
1835 1512 1895 1544 sed
1917 1510 2066 1543 antefert
2091 1510 2281 1543 iuramenti

1294 1564 1530 1598 reverentiam
1546 1563 1735 1601 mandato,
1763 1562 1799 1594 in
1824 1574 1894 1607 quo
1920 1561 1996 1606 ipso
2014 1568 2134 1594 tamen
2149 1561 2282 1595 sciebat

1295 1614 1385 1648 hanc
1423 1614 1753 1658 interpretationem
1783 1611 2073 1656 comprehensam
2108 1624 2201 1652 esse,
2243 1619 2281 1645 ut

1294 1671 1499 1710 parceretur
1529 1664 1763 1707 supplicibus,
1807 1663 1895 1696 sicut
1929 1674 2087 1706 expresse
2112 1663 2281 1707 scriptum

1296 1722 1346 1750 est
1368 1716 1472 1749 Dent.
1491 1715 1551 1753 20,
1579 1714 1684 1759 (IL).
1743 1713 1932 1746 Praeterea
1957 1720 1991 1745 et
2014 1713 2174 1745 omnium
2199 1725 2281 1757 gen-

1295 1768 1404 1807 tium,
1432 1766 1467 1799 in
1486 1765 1612 1810 quibus
1629 1763 1817 1797 mediocris
1835 1776 1918 1797 cura
1939 1763 2006 1795 suit
2025 1764 2134 1797 iustae
2156 1765 2281 1808 guber-

1296 1817 1451 1851 nationis
1463 1843 1471 1855 ,
1500 1828 1577 1849 mos
1594 1815 1660 1848 fuit
1677 1827 1819 1858 parcere
1837 1814 2070 1858 supplicibus:

1348 1872 1423 1915 μηδ’
1449 1874 1551 1909 ἱκέτας
1575 1871 1710 1909 ἀδικεῖν,
1739 1871 1837 1902 ἱκέται
1863 1870 1948 1912 ἱεροί
1970 1884 2000 1902 τε
2024 1874 2077 1902 καὶ
2100 1871 2200 1911 ἅγιόι.

1297 1927 1336 1960 ln
1367 1926 1433 1960 hoc
1460 1925 1708 1959 honestissimo
1735 1937 1834 1957 more
1855 1924 1950 1958 Deus
1974 1925 2079 1957 etiam
2091 1924 2136 1969 ³¹)
2164 1925 2283 1970 imagi-

1298 1992 1379 2012 nem
1399 1990 1482 2012 suae
1500 1977 1706 2010 clementiae
1726 1975 1922 2020 proposuit.
1976 1975 2061 2009 Vult
2084 1976 2182 2020 parci
2204 1989 2284 2021 sup-

1300 2030 1467 2074 plicibus,
1503 2028 1538 2061 id
1564 2034 1633 2067 est,
1669 2027 1729 2066 iis,
1766 2027 1827 2072 qui
1849 2033 2044 2071 agnoscunt
2068 2027 2225 2071 culpam,
2254 2035 2285 2060 et

1302 2082 1455 2114 oss'erunt
1478 2092 1513 2112 se
1539 2080 1583 2111 ad
1605 2090 1778 2123 poenam,
1815 2084 1848 2110 et
1871 2084 1995 2122 petunt
2014 2077 2284 2121 mitigationem.

1302 2132 1376 2165 Hoc
1393 2142 1580 2164 commune
1599 2130 1651 2163 ius
1669 2129 1867 2174 supplicum
1892 2129 2026 2162 violare
2045 2128 2284 2172 turpissimum

1302 2184 1419 2217 suisset
1439 2182 1520 2215 duci
1536 2182 1609 2214 eius
1625 2181 1769 2225 populi,
1799 2180 1857 2225 qui
1874 2180 1997 2213 unicus
2024 2179 2060 2212 in
2085 2179 2185 2213 terris
2212 2188 2286 2214 erat

1303 2234 1454 2280 populus
1472 2232 1558 2272 Dei,
1593 2238 1626 2265 et
1648 2231 1836 2276 praecipue
1858 2231 2073 2274 intelligebat
2097 2236 2129 2262 et
2151 2231 2286 2265 colebat

1304 2285 1473 2320 iustitiam
1495 2289 1527 2316 et
1544 2282 1629 2317 alias
1650 2283 1807 2316 xirtutcs.

1340 2420 1387 2446 ’28)
1408 2418 1562 2445 matronae]
1583 2417 1620 2440 sic
1640 2417 1721 2441 Editt.
1743 2417 1831 2445 1552„

1375 2455 1484 2483 typogr.
1506 2457 1615 2475 errore:
1639 2452 1764 2474 matroni.

1339 2496 1385 2522 29)
1406 2495 1528 2525 abigail]
1554 2493 1592 2516 sic
1612 2493 1694 2517 Editt.
1718 2493 1788 2516 ¹552.
1810 2495 1836 2515 et
1857 2492 1946 2520 155⁴.;
1979 2492 2060 2515 Editt.
2078 2493 2150 2517 1557.
2169 2495 2196 2517 et
2217 2493 2286 2517 1560.

1375 2537 1481 2567 Abigal.
1518 2536 1568 2559 ltla
1585 2536 1672 2558 forma
1687 2534 1773 2558 reddit
1789 2534 1860 2557 hebr.
1877 2534 1983 2562 plenam
2002 2524 2122 2564 ’Ῥῖζιςῄ
2146 2536 2210 2559 haee
2223 2541 2287 2560 con·

1375 2580 1491 2601 tractam
1517 2567 1619 2609 525253„
2104 2568 2107 2571 '

1343 2621 1391 2649 30)
1412 2621 1473 2645 vid.
1494 2621 1547 2644 los.
1562 2620 1587 2650 9,
1610 2620 1641 2643 18
1656 2625 1713 2649 sqq.

1341 2664 1390 2690 31)
1411 2664 1483 2687 Deus
1502 2662 1596 2690 etiam]
1617 2661 1654 2685 sic
1673 2661 1756 2684 Editt.
1774 2661 1861 2684 1554..
1885 2661 1957 2685 1557,
1974 2663 2000 2684 et
2018 2661 2108 2688 156⁰:
2128 2663 2198 2685 Edit.
2216 2662 2287 2686 1552.

1377 2698 1459 2722 etiam
1478 2697 1559 2722 neus.

1862 2416 1932 2439 1554.
1953 2419 1978 2438 et
2002 2415 2093 2440 1552:
2130 2417 2199 2440 Edit.
2219 2417 2287 2442 156⁰.
