2347 3000
44 137 93 172 33

45 230 96 256 tes
111 227 145 254 et
161 218 290 254 similes
304 215 425 262 magni
435 215 664 249 vil-imortem
675 221 841 260 oppetere
852 221 1026 258 coguntur

45 279 191 318 propter
207 271 383 303 virtutem.
411 267 506 311 Ergo
523 267 685 312 voluptas
701 273 751 300 est
768 266 846 300 sinis
860 264 1027 301 hominis.

148 321 337 367 Aptissima
364 318 548 363 responsio
572 324 624 351 est
649 319 693 351 ad
719 317 908 352 minorem.
960 316 1027 349 Ve-

47 387 128 408 rum
150 380 201 407 cst
224 372 442 415 voluptatem
462 382 533 403 esse
558 369 863 402 conservationem
878 373 1027 401 naturae

48 437 112 471 per
146 423 317 458 accidens.
376 420 445 454 Sed
476 427 619 454 econtra
644 420 755 453 virtus
787 431 847 464 per
879 431 951 453 sese
977 424 1029 452 est

50 474 291 511 conservatrix
324 478 494 513 naturae,
537 471 618 518 quia
648 471 826 504 neminem
858 470 965 503 laedit
995 475 1029 502 ct

50 533 169 561 tuetur
195 525 294 558 alios.
341 523 514 567 Voluptas
548 535 631 556 vero
658 521 899 566 multipliciter
922 520 1031 553 laedit

51 579 158 618 alios,
186 582 225 610 ut
245 574 311 609 sibi
333 575 511 613 consulat,
538 586 611 606 non
635 573 779 617 suscipit
800 572 939 605 labores
963 583 1029 616 pro

52 627 233 662 communi
250 626 452 659 defensione
464 652 472 665 ,
500 625 634 669 appetit
651 624 783 657 alienas
799 635 882 667 opes
897 629 931 655 et
949 634 1030 655 con-

52 681 160 722 iuges,
214 678 321 723 Quod
347 683 465 710 autem
496 676 607 709 virtus
635 687 710 707 non
733 681 784 708 est
809 674 1030 708 conservatio

53 737 221 769 naturae,
245 730 283 762 fit
297 727 343 773 ¹²¹)
365 739 428 772 per
444 726 603 760 accidens
626 725 662 758 in
678 723 744 759 hac
759 725 894 758 malitia
917 723 1032 757 homi-

53 794 160 816 num:
196 792 279 813 nam
304 779 413 811 virtus
436 777 586 810 Senecae
611 789 685 810 non
707 783 757 810 est
779 788 841 821 per
864 789 899 810 se
917 788 1033 816 causa,

56 833 151 879 quod
168 832 298 865 Seneca
322 828 548 869 interficitur,
574 829 634 862 sed
657 828 786 861 iniusta
809 827 981 872 cupiditas
1001 833 1035 859 ct

57 883 245 917 crudelitas
262 879 445 925 Tyranni,
473 879 534 924 qui
552 886 602 913 est
618 877 728 913 hostis
745 879 897 913 virtutis.
946 877 1032 911 Item

57 935 168 968 virtus
195 938 245 966 est
270 930 490 965 conservatio
515 930 661 975 speciei,
689 930 772 976 quia
800 941 923 963 omnes
946 929 1035 962 disfi-

58 986 203 1019 cultates
227 984 404 1016 bonorum
429 981 589 1015 virorum
614 981 766 1015 directae
785 987 868 1015 sunt
890 981 935 1013 ad
954 992 1036 1013 con-

59 1035 296 1071 servationem
329 1032 526 1066 communis
554 1033 741 1067 societatis.
792 1032 947 1065 Econtra
976 1043 1037 1064 vo-

59 1088 174 1132 luptas
191 1085 337 1129 dissipat
352 1084 553 1117 universam
571 1084 735 1129 speciem,
761 1084 845 1117 dum
862 1083 928 1117 sibi
945 1083 1039 1128 quis-

62 1150 129 1184 que
148 1136 315 1182 privatim
336 1135 498 1169 consulit.

163 1188 325 1221 Tertium
348 1192 608 1230 argumentum.
658 1185 757 1220 Finis
775 1185 881 1219 debet
898 1197 970 1219 esse
988 1183 1041 1217 ul-

62 1240 188 1273 timum
202 1265 210 1278 ,
236 1239 273 1271 in
299 1250 369 1283 quo
392 1244 519 1270 natura
544 1236 753 1280 acquiescit,
781 1237 827 1268 ita
844 1242 883 1269 ut
898 1248 971 1269 non
987 1247 1042 1268 re-

65 1291 183 1337 quirat
206 1295 386 1333 praeterea
412 1288 520 1321 aliud.
571 1286 707 1321 Natura
733 1288 860 1330 adepta
876 1287 1042 1318 virtutem

64 1348 160 1375 recto
185 1347 218 1372 et
242 1339 398 1381 legitimo
423 1337 601 1382 appetitu,
634 1344 752 1369 tamen
777 1335 891 1369 adhuc
911 1335 1045 1380 appetit

67 1392 306 1435 voluptatem,
339 1388 407 1422 hoc
431 1395 501 1428 est,
535 1388 814 1420 incolumitatem
842 1393 876 1419 et
906 1397 1045 1419 conser-

69 1443 248 1476 vationem
260 1467 269 1480 ,
297 1452 379 1483 ergo
397 1439 507 1471 virtus
523 1450 597 1470 non
614 1444 663 1471 est
675 1438 839 1470 ultimum
856 1437 1046 1469 bonorum.

170 1492 401 1534 Respondeo:
430 1489 551 1521 Minor
573 1489 734 1531 neganda
762 1494 833 1526 est,
861 1488 926 1520 etsi
952 1486 1045 1519 enim

68 1548 195 1576 natura
220 1547 312 1574 recte
336 1539 471 1584 appetit
495 1539 796 1578 incolumitatem,
830 1545 950 1571 tamen
974 1549 1048 1570 non

70 1592 204 1638 appetit
234 1604 311 1625 eam
342 1597 514 1636 tanquam
540 1602 718 1623 summum
751 1596 785 1623 et
817 1589 1048 1634 praecipuun'l

68 1645 223 1683 bonum,
251 1643 310 1677 sed
334 1642 423 1676 sicut
445 1642 581 1675 bonum
605 1641 710 1681 utile,
738 1642 835 1686 quod
853 1647 904 1674 est
920 1640 1050 1684 gradus

70 1694 267 1734 inferioris,
294 1694 390 1739 quod
414 1692 578 1736 intelligit
599 1692 691 1725 ratio
717 1704 789 1726 esse
821 1692 965 1737 quidem
990 1703 1050 1723 ne-

72 1745 281 1783 cessarium,
307 1745 367 1777 sed
393 1750 512 1777 tamen
535 1755 609 1776 non
633 1756 705 1777 esse
730 1743 966 1788 praestantius
981 1741 1051 1773 vir-

71 1803 165 1836 tute,
194 1802 227 1829 et
249 1795 414 1829 virtutem
438 1807 512 1827 non
536 1795 769 1827 abiiciendam
795 1806 886 1833 esse,
914 1792 1052 1826 etiamsi

73 1849 168 1882 bona
185 1847 284 1880 utilia
302 1844 534 1879 detrahantur
547 1872 556 1886 ,
584 1846 746 1891 quamvis
760 1844 847 1878 haec
866 1844 1052 1878 iustissime

75 1900 248 1933 debentur
272 1897 413 1937 virtuti,
441 1903 480 1930 ut
503 1895 752 1937 Themistocli,
776 1896 935 1941 Scipioni
955 1901 989 1928 et
1009 1895 1054 1928 si-

76 1950 219 1984 milibus
243 1950 284 1982 de
308 1948 487 1993 republica
506 1949 594 1981 bene
615 1948 770 1987 meritis,
798 1955 889 1980 certe
913 1946 1055 1994 amplis-

78 2002 166 2036 sima
192 2000 349 2044 praemia
374 2000 564 2039 debentur,
592 2006 625 2032 et
642 2006 760 2032 tamen
778 1999 826 2031 illi
845 1998 911 2043 ipsi
927 1996 1056 2031 summi

78 2052 148 2085 viri
174 2051 330 2084 iudicant
352 2057 444 2084 recte
461 2051 661 2084 faciendum
684 2062 774 2087 esse,
804 2049 940 2083 etiamsi
957 2061 1056 2093 prae—

79 2103 151 2136 mia
172 2114 246 2134 non
264 2108 533 2146 consequantur.
587 2101 693 2146 Quod
716 2101 809 2133 enim
827 2101 928 2133 Valla
947 2099 1056 2132 multa

81 2153 233 2197 colligit,
275 2164 396 2185 omnes
425 2150 587 2186 homines
618 2153 770 2186 utilitate
803 2159 836 2185 et
868 2150 1058 2195 cupiditate

83 2204 215 2247 gloriae
237 2203 376 2236 moveri
401 2209 434 2236 et
449 2203 560 2237 virtus
579 2203 652 2248 ipsa
677 2204 771 2248 apud
786 2201 1058 2246 Xenophontem

84 2255 218 2301 inquit:
248 2254 487 2287 dulcissimum
503 2266 645 2287 carmen
660 2266 731 2287 esse
748 2267 827 2288 suas
845 2254 969 2298 cuique
987 2253 1061 2285 lau-

85 2308 145 2341 des
162 2305 226 2351 22),
260 2304 345 2338 haec
372 2317 445 2337 non
468 2311 628 2349 pugnant
654 2317 733 2338 cum
756 2312 849 2338 recta
877 2303 1062 2338 sententia.

84 2358 215 2392 Fateor
237 2357 467 2401 expetendam
491 2368 562 2389 esse
581 2356 748 2399 gloriam,
777 2356 969 2400 expetenda
991 2365 1063 2387 esse

87 2409 180 2442 vitae
209 2408 416 2447 commoda,
449 2408 509 2440 sed
539 2418 613 2439 non
644 2407 898 2452 principaliter.
957 2405 1063 2438 Ratio

88 2458 174 2493 haec
191 2470 332 2504 quoque
350 2464 445 2491 recto
464 2458 624 2502 appetitu
646 2459 793 2502 expetit,
821 2459 880 2491 sed
896 2457 1067 2501 gubernet

88 2509 180 2543 hanc
200 2509 453 2553 appetitionem
474 2509 584 2542 virtus
607 2514 778 2553 tanquam
797 2509 959 2553 superior
976 2507 1067 2544 finis,

90 2560 157 2595 hoc
176 2566 244 2600 est,
265 2561 507 2594 anteferantur
522 2559 646 2597 virtuti
662 2560 829 2593 utilitates
841 2586 849 2600 ,
875 2559 1069 2592 retineatur

126 2677 173 2707 21)
192 2676 235 2704 fit]
256 2674 296 2698 sic
314 2675 361 2699 Ed.
384 2675 474 2705 1540.;
499 2674 548 2698 Ed.
569 2675 640 2698 1546.
662 2674 705 2698 sit.

126 2728 173 2758 22)
194 2726 270 2750 conf.
292 2726 413 2755 Xenoph.
435 2725 507 2749 Hier.
530 2726 560 2748 l.
582 2726 619 2749 14.
641 2724 747 2752 ἔπιιιιό,
770 2722 880 2754 ἥδιστον
898 2721 1038 2755 ἀκρόαμα.

98 2770 279 2800 MELANTu.
297 2768 401 2798 OPER.
433 2768 516 2798 Vm..
533 2767 622 2796 XVI.

594 128 620 166 Ι.
663 125 1012 164 PHILOSOPHIAE
1036 125 1248 164 MORALIS
1272 125 1499 163 EPITOME.

1078 215 1211 255 virtus,
1251 213 1387 248 etiamsi
1423 225 1497 246 non
1531 212 1740 257 contingunt
1773 212 1949 258 praemia,
1997 219 2057 246 aut

1080 266 1217 300 etiamsi
1252 266 1396 299 adversa
1428 264 1656 309 perpetienda
1685 264 1756 298 sint
1781 271 1845 298 etc.
1898 264 1994 297 Sicut
2024 270 2057 296 et

1079 330 1197 350 sacrae
1216 316 1336 350 literae
1352 322 1559 360 proponunt
1574 315 1676 348 nobis
1692 315 1848 360 praemia
1866 322 1898 348 et
1916 326 2059 359 poenas,

1081 375 1115 401 et
1134 374 1254 400 tamen
1273 368 1397 401 volunt
1415 367 1491 400 Deo
1508 367 1705 411 parendum
1726 379 1797 400 esse
1814 366 2059 410 principaliter

1081 424 1227 463 propter
1250 418 1385 462 ipsum,
1421 419 1514 463 quod
1546 430 1624 451 cum
1654 417 1787 450 faciunt
1810 417 1879 461 pii,
1905 417 1986 449 licet
2011 416 2060 449 eis

1082 470 1189 503 etiam
1212 475 1372 512 expetere
1391 468 1649 508 defensionem,
1676 469 1769 501 vitae
1791 469 1997 507 commoda,
2028 473 2062 499 et

1083 527 1218 553 caetera
1242 519 1412 564 praemia.
1464 520 1555 554 Nam
1579 517 1664 553 haec
1686 531 1807 553 sacrae
1832 519 1954 552 literae
1979 530 2062 563 pro·

1083 579 1160 617 pter
1175 577 1245 604 tres
1262 582 1383 603 causas
1399 577 1616 614 proponunt.

1185 622 1305 655 Prima
1323 627 1393 660 est,
1420 627 1459 653 ut
1480 621 1716 662 intelligamus
1731 618 1794 655 has
1810 633 1865 654 res
1880 632 1952 654 csse
1969 620 2063 652 dona

1084 673 1170 714 Dei,
1197 685 1238 705 eo
1264 673 1360 717 quod
1385 684 1447 705 suo
1467 672 1544 704 loco
1570 669 1624 705 his
1649 672 1755 704 etiam
1779 684 1867 716 opus
1893 678 1961 711 est,
1992 682 2065 704 eas-

1086 737 1152 771 que
1171 736 1189 757 a
1205 723 1282 756 Deo
1302 723 1534 767 expectaudas
1552 734 1623 755 esse
1639 722 1801 756 sciamus.

1187 775 1347 809 Secunda
1370 780 1438 814 est,
1466 779 1505 806 ut
1528 774 1632 805 tidem
1657 772 1693 805 in
1712 771 1765 806 liis
1788 771 1890 805 bonis
1907 771 2068 816 petendis

1087 838 1322 865 exerceamus,
1345 832 1378 858 et
1394 825 1588 858 bonitatem
1606 823 1672 856 Dei
1689 823 1799 867 magis
1820 823 2068 866 intelligamus.

1190 876 1312 910 Tertia
1338 882 1406 916 est,
1433 882 1472 909 ut
1495 873 1561 908 hac
1586 874 1802 918 paedagogia
1832 874 1877 906 ad
1902 874 2069 906 obedien-

1089 929 1173 962 tiam
1196 939 1453 967 assuescanms,
1482 932 1515 959 et
1529 925 1719 959 formidine
1736 936 1932 970 poenarum
1949 923 2070 957 coher-

1090 992 1244 1014 ceamur.

1193 1031 1370 1076 Quartum
1390 1033 1651 1071 argumentum.
1704 1027 1785 1060 Duo
1808 1026 1902 1059 bona
1926 1025 2073 1059 coniun-

1092 1089 1145 1115 cta
1163 1088 1245 1116 sunt
1258 1080 1370 1122 magis
1386 1079 1591 1124 expetenda,
1620 1084 1653 1111 et
1668 1078 1904 1122 praestantius
1921 1078 2072 1110 bonum:

1093 1134 1205 1167 virtus
1223 1139 1257 1166 et
1274 1132 1437 1175 voluptas
1458 1136 1539 1163 sunt
1556 1131 1626 1163 duo
1642 1130 1737 1162 bona
1758 1129 1961 1162 coniuncta:
1990 1140 2073 1160 nam

1094 1185 1179 1219 haec
1202 1183 1377 1228 Epicurus
1403 1181 1479 1215 vult
1506 1181 1690 1222 coniungi:
1720 1192 1803 1223 ergo
1826 1180 1938 1213 virtus
1961 1186 1995 1212 et
2014 1192 2076 1212 vo-

1094 1238 1210 1281 luptas
1229 1241 1310 1268 sunt
1326 1232 1405 1266 finis
1417 1259 1426 1273 ,
1454 1238 1488 1264 et
1504 1244 1577 1265 non
1596 1232 1707 1265 virtus
1724 1232 1797 1265 sine
1816 1232 2011 1274 voluptate.

1197 1285 1410 1328 Respondeo
1442 1284 1485 1315 ad
1517 1284 1703 1315 maiorem.
1757 1282 1874 1315 Maior
1906 1288 1957 1314 est
1983 1292 2077 1320 vera,

1097 1343 1235 1370 servata
1261 1334 1444 1378 utriusque
1468 1333 1555 1365 boni
1579 1333 1769 1376 dignitate,
1796 1345 1857 1366 seu
1874 1332 1998 1365 ordine
2016 1332 2079 1364 bo-

1098 1398 1247 1424 norum,
1274 1383 1342 1418 hoc
1365 1390 1434 1423 est,
1461 1383 1489 1415 si
1516 1384 1626 1416 virtus
1651 1383 1869 1426 intelligatur
1891 1395 1963 1416 esse
1981 1382 2079 1426 prin—

1100 1437 1210 1481 cipale
1241 1441 1274 1467 et
1294 1440 1440 1478 propter
1461 1445 1496 1466 se
1525 1434 1730 1477 expetenda.
1789 1434 1938 1467 Fructus
1962 1440 2080 1466 autem

1100 1492 1284 1531 expetatur
1310 1485 1376 1524 ita,
1401 1490 1460 1522 ut,
1488 1483 1516 1516 si
1539 1496 1612 1517 non
1635 1483 1836 1527 contingat,
1864 1490 1983 1516 tamen
1998 1484 2081 1516 reti—

1100 1544 1227 1572 neatur
1242 1535 1438 1581 principale
1456 1534 1591 1568 bonum
1607 1534 1665 1579 ²³).
1718 1534 1833 1567 Porro
1851 1547 1925 1568 non
1941 1540 2080 1568 servato

1103 1589 1227 1622 ordine
1244 1589 1422 1620 bonorum
1435 1612 1444 1625 ‚
1468 1586 1583 1619 maior
1600 1598 1674 1618 non
1692 1591 1742 1618 est
1760 1598 1841 1618 vera
1854 1612 1863 1623 ,
1890 1598 1969 1619 cum
1988 1585 2083 1618 vide-

1102 1642 1182 1674 licet
1204 1637 1398 1684 principale
1422 1637 1556 1670 bonum
1582 1636 1808 1679 extinguitur.
1860 1636 1962 1670 Nunc
1978 1637 2082 1669 venio

1103 1693 1149 1725 ad
1172 1691 1360 1724 minorem.
1413 1687 1586 1732 Epicurus
1612 1700 1685 1720 nou
1710 1693 1826 1720 servat
1843 1687 2005 1720 ordinem
2022 1688 2085 1720 bo-

1103 1755 1255 1782 norum,
1281 1741 1342 1774 sed
1367 1739 1414 1772 ita
1438 1738 1543 1772 sentit
1568 1739 1786 1782 voluptatem
1812 1750 1884 1771 esse
1907 1739 2086 1778 ultimum,

1104 1801 1143 1828 ut
1164 1793 1256 1827 nolit
1278 1792 1445 1823 virtutem
1477 1790 1612 1833 expeti,
1647 1790 1675 1823 si
1700 1801 1773 1822 non
1799 1790 2008 1835 plerumque
2034 1802 2087 1823 se-

1107 1850 1273 1891 queretur
1290 1842 1471 1885 voluptas,
1495 1839 1562 1873 hoc
1578 1847 1646 1880 est,
1671 1847 1809 1874 mutato
1829 1841 1966 1881 ordine,
1989 1846 2086 1873 ante-

1106 1898 1196 1930 ferre
1221 1895 1452 1938 voluptatem.
1503 1891 1597 1935 Ergo
1623 1889 1710 1924 haec
1727 1891 1904 1935 copulatio
1920 1903 1994 1925 non
2017 1892 2088 1924 effi-

1109 1948 1155 1981 cit
1176 1946 1290 1980 maius
1312 1945 1465 1983 bonum,
1492 1944 1551 1976 sed
1574 1943 1745 1987 extinguit
1762 1942 1941 1976 virtutem.
1994 1942 2089 1975 Haec

1109 2005 1160 2032 est
1184 2009 1267 2030 vera
1299 1994 1484 2039 responsIO
1519 1994 1563 2026 ad
1595 1991 1662 2026 hoc
1694 2000 1963 2037 argumentum,
1993 1994 2089 2038 quod

1111 2048 1263 2083 ostendit
1281 2059 1382 2091 posse
1400 2045 1542 2090 quidem
1561 2045 1675 2089 expeti
1693 2044 1879 2077 coniuncta
1895 2044 2002 2083 bona,
2030 2045 2090 2077 sed

1112 2102 1179 2140 ita,
1205 2112 1248 2132 ne
1272 2099 1528 2142 amplectamur
1552 2108 1617 2140 pro
1643 2095 1830 2139 principali
1855 2095 1951 2128 aliud
1974 2094 2091 2128 minus

1112 2148 1318 2197 principale.
1371 2147 1466 2180 Sicut
1484 2146 1588 2179 etiam
1609 2145 1829 2180 Christianus
1848 2152 1941 2179 recte
1962 2145 2092 2190 expetit

1113 2203 1206 2235 vitae
1222 2199 1428 2239 commoda,
1455 2199 1514 2231 sed
1532 2198 1598 2236 ita,
1620 2203 1677 2237 ut,
1699 2197 1837 2230 etiamsi
1853 2209 1926 2229 non
1944 2208 2092 2241 sequan-

1114 2260 1190 2292 tur,
1217 2258 1336 2284 tamen
1359 2249 1509 2282 retineat
1532 2248 1737 2292 principale.
1791 2247 1882 2280 Hinc
1904 2247 2004 2280 facile
2030 2260 2093 2291 po-

1115 2310 1182 2338 test
1211 2300 1360 2344 intelligi
1373 2299 1385 2341 ,⁹
1418 2300 1636 2343 voluptatem
1670 2311 1743 2332 non
1766 2310 1838 2332 esse
1863 2300 2093 2342 expetendam

1116 2363 1287 2399 tanquam
1305 2364 1482 2385 summum
1500 2351 1633 2383 bonum
1651 2362 1710 2382 seu
1728 2349 1934 2393 principale.

1220 2403 1406 2448 Quintum.
1460 2399 1618 2434 Christus
1640 2400 1826 2444 pollicetur
1841 2412 2018 2433 summum
2034 2400 2096 2432 bo-

1118 2468 1216 2490 num.
1269 2452 1428 2488 Christus
1447 2452 1631 2496 pollicetur
1649 2457 1828 2484 aeternam
1846 2450 1955 2483 vitam
1979 2457 2012 2483 et
2028 2451 2097 2484 lae-

1120 2508 1246 2540 titiam.
1298 2504 1392 2547 Ergo
1411 2503 1469 2535 illa
1486 2502 1618 2534 laetitia
1637 2507 1686 2534 est
1701 2514 1877 2535 summum
1894 2502 2040 2535 bonum.

1222 2556 1435 2600 Respondet)
1462 2554 1507 2586 ad
1531 2553 1727 2592 minorem,
1754 2553 1826 2585 vita
1845 2559 1986 2585 aeterna
2004 2552 2098 2597 prin-

1123 2607 1282 2652 cipaliter
1302 2612 1353 2639 est
1375 2616 1467 2638 nova
1492 2610 1525 2636 et
1548 2609 1716 2648 perpetua
1733 2603 1866 2647 agnitio
1884 2603 1951 2637 Dei
1969 2610 2001 2636 et
2019 2604 2099 2636 obe-

1159 2725 1205 2754 23)
1230 2722 1340 2750 bonum]
1362 2720 1400 2744 sic
1421 2719 1582 2787 litigi-5404
1610 2719 1657 2742 Ed.
1679 2719 1752 2742 1540.
1772 2718 1874 2742 donum.
