2347 3000
62 148 110 185 57
113 149 135 183 3
554 147 579 184 I.

163 234 255 268 tibus
280 234 457 279 imprimi,
498 233 578 266 idco
604 234 735 268 Paulus
759 234 878 279 inquit
903 232 953 279 (2.
973 234 1052 268 Cor.

167 286 200 326 1,
214 286 309 333 23.);
337 286 419 320 Non
437 284 665 318 dominamur
682 285 764 318 fidei
780 292 929 319 vestrae.

113 335 208 381 Ergo
238 337 469 380 magistratus
499 336 680 369 neminem
711 337 814 370 debet
847 348 970 381 cogere
1009 335 1053 367 ad

165 389 313 420 credend
324 399 395 421 um.

167 447 397 490 Respondeo:
427 445 591 479 Concedo
616 452 751 487 totum,
777 459 850 480 non
876 446 968 480 enim
996 458 1052 478 co-

65 497 115 540 git
138 504 311 537 mentem,
349 499 410 530 sed
431 497 705 538 locomotivam,
749 498 841 541 cogit
868 504 907 531 ut
933 496 1053 529 audiat

65 559 184 581 veram
217 548 436 588 doctrinam,
478 546 645 592 prohibet
679 555 860 581 externam
888 546 1051 592 blasphe-

63 597 190 638 miam,
219 605 340 643 postea
358 599 500 632 auditor
516 600 620 633 debet
637 606 670 632 et
688 606 803 644 potest
830 599 950 644 aliquo
974 610 1050 631 mo-

64 648 109 681 do
144 649 232 683 velle
255 663 465 694 cognoscere
489 650 674 683 veritatem
697 650 802 684 simul
823 650 928 682 etiam
955 655 1051 693 petat

62 705 102 732 ut
125 699 287 734 trahatur
313 714 331 734 a
352 702 449 742 Deo,
481 714 555 734 non
577 701 758 746 indulgeat
782 700 1049 739 indisfidentiae,

61 756 101 783 ut
126 751 285 795 indulget
309 752 412 792 Saul,
451 753 511 785 sed
534 752 675 786 intuens
698 753 846 785 verbum
863 752 948 791 Dei,
977 764 1049 783 sus-

62 807 173 836 tentet
202 815 236 836 sc
271 803 343 837 cius
369 803 603 846 cogitatione,
639 810 673 835 et
696 809 868 847 repugnet
890 803 1049 835 diffiden-

61 852 150 893 tiae,
176 853 281 887 simul
298 854 332 886 111
359 852 425 886 hac
451 854 585 897 ingenti
609 854 703 886 lucta
738 860 837 898 petat
862 866 897 887 se
921 866 940 886 a
956 853 1048 885 Filio

60 902 129 937 Dei
144 904 277 944 iuvari,
304 905 393 937 sicut
408 904 536 937 (11011111.-
554 903 699 950 (Mattli.
719 905 778 945 11,
798 904 894 950 28.);
921 903 1048 936 Venite

61 956 105 987 ad
123 968 179 988 me
209 967 331 988 omnes
356 955 416 1000 qui
438 955 607 989 laboratis
632 962 666 988 ct
697 955 835 989 onerati
860 955 957 996 estis,
985 967 1048 999 ego

61 1006 213 1038 reficiam
231 1018 305 1040 vos.
357 1005 444 1038 ltem
472 1005 574 1051 (Luc.
597 1007 656 1047 11,
676 1006 768 1053 13.);
806 1007 951 1051 Quanto
975 1018 1050 1038 ma-

61 1055 111 1099 gis
129 1056 227 1090 dabit
243 1057 351 1089 Pater
375 1057 531 1091 coelestis
551 1058 722 1101 Spiritum
746 1064 906 1091 sanctum
930 1064 1050 1102 peten-

59 1107 163 1142 tibus.
214 1106 302 1140 Item
322 1106 467 1153 (Matth.
485 1109 519 1149 7,
537 1109 606 1155 7.):
634 1109 747 1141 Petite
768 1115 802 1142 et
819 1109 1008 1153 accipietis.

160 1166 211 1200 Ac
227 1180 291 1201 nos
310 1168 452 1213 quidem
470 1180 489 1200 a
506 1169 616 1201 verbo
634 1169 792 1202 revelato
812 1169 924 1201 ordiri
947 1169 1050 1201 debe—

62 1230 160 1258 mus,
201 1231 275 1251 non
306 1231 518 1263 quaeramus
549 1219 635 1253 alias
666 1220 922 1264 speculationes
954 1226 1050 1252 extra

61 1269 229 1309 verbum,
268 1270 418 1303 sciamus
442 1270 573 1303 Filium
601 1282 762 1303 veracem
792 1271 946 1315 legatum
979 1283 1050 1304 esse

64 1320 199 1352 aeterni
216 1321 338 1364 patris.

112 1412 172 1446 De
201 1413 346 1454 dicto,
385 1413 473 1446 vim
502 1413 545 1446 vi
573 1414 804 1458 repellere
832 1419 998 1446 natura

434 1471 586 1498 movet
613 1471 677 1498 etc.

164 1540 302 1574 Bestiae
335 1541 492 1574 naturali
525 1540 755 1574 inclinatione
777 1541 954 1585 repellunt
976 1539 1051 1573 vio-

65 1591 231 1631 lentiam,
278 1592 361 1636 quia
395 1592 537 1625 cuilibet
559 1598 707 1625 naturae
732 1592 836 1625 insita
860 1598 911 1625 est
931 1604 951 1624 a
973 1591 1050 1624 Deo

65 1642 234 1686 appetitio
271 1643 503 1676 conservandi
536 1655 626 1676 sese:
682 1643 719 1675 in
752 1641 898 1676 homine
932 1649 1050 1675 autem

64 1694 154 1726 (luae
174 1705 229 1726 res
246 1699 391 1726 movent
410 1695 453 1726 ad
478 1693 721 1737 depulsionem
745 1694 894 1726 iniustae
918 1693 1053 1726 violen-

65 1745 154 1784 tiae,
190 1742 346 1791 στοργὴ,
388 1757 477 1790 quae
504 1750 555 1778 est
578 1745 748 1789 appetitio
774 1744 1053 1778 conservationis

65 1795 139 1835 sui,
167 1794 276 1827 altera
298 1807 353 1828 res
376 1802 427 1829 est
441 1795 588 1835 notitia,
617 1808 706 1840 quae
723 1796 842 1836 docet,
871 1797 1052 1841 quomodo

64 1844 152 1879 baec
179 1843 316 1893 στοργὴ
340 1848 491 1889 regenda
515 1846 576 1886 sit,
613 1852 648 1879 et
673 1847 775 1879 docet
800 1858 908 1889 genus
928 1844 1053 1879 huma-

64 1909 150 1930 num
168 1896 216 1930 sic
232 1896 414 1930 conditum
431 1909 503 1931 esse
514 1924 524 1937 ,
550 1903 589 1930 nt
605 1903 832 1930 conservetur
848 1897 1053 1942 aequalitas.

168 1955 258 1988 Sunt
274 1962 392 1988 autem
409 1956 557 1989 notitiae
574 1957 753 1990 naturales
776 1956 869 2000 leges
892 1963 1054 1997 naturae,

68 2018 158 2052 quae
176 2012 258 2040 511111
274 2007 366 2039 radii
388 2007 581 2052 sapientiae
598 2006 685 2047 Dei,
712 2008 825 2051 sparsi
848 2007 885 2039 in
908 2014 1054 2048 mentes,

66 2063 107 2090 ut
121 2056 192 2090 sint
216 2057 419 2090 testimonia
442 2059 485 2091 de
502 2057 599 2098 Deo,
627 2059 847 2091 ostendentia
866 2058 1055 2092 discrimen

69 2107 162 2141 inter
177 2108 268 2141 iusta
287 2115 321 2141 et
336 2108 478 2143 iniusta.

170 2167 304 2201 Verum
330 2175 382 2202 est
404 2168 512 2213 igitur
536 2168 689 2209 dictum,
730 2167 802 2201 vim
827 2168 863 2201 vi
885 2170 1055 2214 repellere

69 2224 195 2252 natura
223 2220 404 2260 concedit,
447 2221 507 2253 sed
530 2219 658 2252 notitia
683 2219 855 2253 naturalis
877 2221 980 2253 docet
1004 2221 1056 2254 in-

70 2269 300 2313 telligendum
325 2283 397 2304 esse
423 2277 518 2304 certo
540 2271 670 2310 modo,
712 2270 784 2303 vim
808 2270 975 2304 iniustam
1002 2284 1057 2304 re-

72 2319 201 2363 peUere
215 2321 295 2355 licet
313 2322 349 2354 vi
367 2322 552 2362 ordinata,
578 2321 709 2356 scilicet
733 2321 847 2355 officio
871 2323 1056 2366 magistra-

73 2375 148 2411 tus,
175 2383 254 2405 cum
276 2372 350 2407 eius
373 2373 505 2406 auxilio
531 2373 584 2407 uti
606 2378 740 2417 potest,
770 2379 831 2405 aut
848 2385 957 2407 manu
974 2386 1056 2418 pro-

71 2420 171 2465 pria,
209 2421 240 2455 si
261 2423 350 2457 desit
370 2424 614 2469 magistratus,
648 2429 687 2457 111
710 2423 739 2457 51
763 2423 840 2468 quis
864 2424 996 2458 incidat
1018 2425 1056 2458 in

72 2472 241 2506 latrones.
291 2473 363 2508 Nec
378 2474 612 2520 Evangelium
630 2474 721 2507 delet
742 2475 940 2508 naturalem
962 2476 1056 2509 noti-

72 2522 179 2563 tiam,
213 2535 287 2556 non
311 2526 427 2560 abolet
448 2527 633 2572 politicum
657 2525 840 2566 ordinem,
868 2538 946 2559 cum
972 2527 1056 2560 dicit

70 2572 195 2619 (Rom.
220 2574 279 2615 12,
301 2575 393 2623 19.):
432 2578 515 2613 Non
548 2578 752 2612 ulciscentes
779 2583 917 2610 vosmet
950 2577 1056 2621 ipsos,

71 2625 131 2657 sed
155 2625 267 2669 magis
288 2628 405 2661 munit
427 2629 612 2674 politicum
637 2628 820 2667 ordinem,
849 2628 932 2673 quia
954 2629 1056 2662 docet

69 2680 189 2758 get-ere
208 2676 446 2713 defensionem
463 2693 481 2714 a
496 2680 725 2725 magistratu,
758 2685 792 2712 et
814 2677 980 2723 prohibet
1003 2692 1055 2714 se-

98 2731 234 2762 itiones.

630 146 1001 182 PROLEGOMENA
1036 146 1083 183 IN
1119 147 1180 181 OF
1183 147 1210 181 F
1212 146 1306 182 ICIA
1339 145 1600 182 CICERONIS.

2017 147 2091 183 574

1495 232 1714 266 Contra.

1157 302 1269 335 Paulo
1288 314 1361 335 non
1380 301 1460 334 licet
1477 313 1574 334 arma
1594 312 1718 345 capere
1737 306 1857 333 contra
1877 300 2068 336 Neronem.

1158 352 1253 396 Ergo
1270 353 1430 386 doctrina
1448 352 1633 396 Evangelii
1649 352 1829 396 improbat
1844 349 1911 385 1100
1930 353 2073 386 dictum.

1208 403 1439 448 Respondeoz
1474 403 1617 436 Dictum
1636 403 1853 447 intelligatur
1870 404 1912 436 (10
1930 404 2093 437 ordinata

1106 454 1320 488 defensione.
1378 455 1510 488 Paulus
1534 461 1609 487 erat
1631 455 1871 488 defendendus
1894 467 1957 499 per
1983 455 2093 497 magi-

1104 510 1253 545 stratus,
1295 506 1354 538 sed
1386 505 1454 549 ipsi
1484 517 1558 538 non
1584 512 1634 539 est
1658 518 1860 539 concessum
1883 505 2092 539 seditionem

1104 567 1264 589 movere:
1294 562 1327 588 et
1343 556 1379 588 in
1398 556 1504 596 dicto,
1519 556 1590 588 vim
1609 557 1644 588 vi
1661 557 1831 600 repellere
1846 556 1938 598 licet,
1965 557 2093 590 intelli-

1104 612 1207 650 gatur
1222 606 1258 639 vi
1274 606 1436 639 ordinata
1448 633 1456 646 ,
1484 618 1557 639 non
1576 619 1638 650 per
1654 607 1877 643 seditionem.

1494 689 1711 726 Contra.

1206 757 1324 790 Etiam
1355 764 1478 790 contra
1515 758 1762 803 magistratum
1784 760 1879 794 licita
1903 768 1952 796 est
1974 763 2092 795 desen-

1101 808 1153 842 sio
1164 835 1173 849 ,
1196 815 1236 841 111
1252 808 1388 842 Marius
1405 809 1563 842 laudavit
1579 810 1727 843 militem
1744 812 1997 856 comprobante
2014 813 2094 846 uni-

1102 872 1204 893 verso
1238 859 1411 899 exercitu,
1455 860 1515 905 qui
1539 873 1574 894 se
1598 861 1805 895 defenderat
1827 869 1948 896 contra
1983 864 2092 897 tribu-

1103 924 1189 944 num
1204 911 1397 943 militarem
1420 918 1609 955 cognatum
1633 925 1748 947 suum.
1801 913 2004 948 Praefectus
2020 915 2093 948 Au-

1102 960 1289 1007 striacusffl)
1309 961 1395 994 Hilli
1411 962 1483 995 filio
1503 975 1650 1006 pomum
1666 963 1837 1008 imposuit
1849 965 1954 1010 capiti
1972 972 2006 998 et
2024 965 2092 999 ins-

1102 1013 1147 1047 sit
1162 1019 1299 1057 patrem
1317 1012 1353 1045 id
1369 1025 1517 1057 pomum
1535 1014 1722 1047 iaculando
1740 1015 1855 1050 ferire.
1908 1016 2022 1051 Hillus
2032 1014 2092 1062 *3)

1103 1077 1250 1109 pomum
1267 1064 1393 1107 sagitta
1412 1064 1538 1097 deiecit
1553 1065 1672 1099 illaeso
1690 1066 1762 1098 filio
1774 1093 1783 1106 ,
1817 1073 1939 1111 postea
1967 1068 2092 1111 sagitta

1104 1116 1213 1148 altera
1242 1115 1331 1159 petit
1360 1115 1529 1159 praefecti
1560 1122 1700 1160 pectus,
1743 1123 1777 1150 et
1805 1130 1884 1151 euin
1916 1118 2092 1155 interficit.

1104 1167 1180 1200 Hoc
1196 1166 1262 1199 fuit
1277 1165 1417 1199 initium
1435 1166 1636 1200 Helveticae
1652 1167 1837 1204 libertatis.

1204 1216 1447 1250 Alexandrum
1473 1216 1692 1259 Phaereum,
1735 1220 1797 1265 qui
1827 1219 1950 1254 solitus
1978 1222 2093 1255 fuerat

1103 1266 1266 1301 homines
1282 1268 1420 1301 insuere
1437 1269 1474 1300 in
1492 1269 1599 1312 pelles
1616 1282 1781 1303 ursorum
1793 1297 1802 1311 ,
1830 1277 1865 1303 et
1888 1284 1990 1307 canes
2009 1286 2092 1306 con-

1106 1327 1159 1353 tra
1175 1331 1234 1352 eos
1250 1318 1395 1352 incitare
1406 1346 1415 1360 ‚
1442 1319 1619 1352 interfecit
1636 1333 1725 1354 uxor
1742 1321 1907 1356 inanibus
1927 1324 2091 1359 fratrum.

1207 1369 1385 1403 Traianus
1418 1370 1634 1404 constituens
1663 1373 1879 1415 praefectum
1909 1375 2093 1418 praetorii,

1105 1420 1201 1453 dedit
1219 1421 1250 1453 ei
1267 1433 1385 1453 ensem
1413 1433 1492 1453 cum
1518 1419 1572 1454 1115
1595 1423 1789 1456 mandatis:
1825 1423 1901 1456 Hoc
1925 1437 2005 1459 ense
2027 1438 2092 1470 pro

1104 1484 1159 1504 1110
1177 1470 1288 1504 utaris
1305 1471 1396 1504 iusta
1413 1471 1582 1512 faciente,
1611 1480 1731 1506 contra
1750 1485 1807 1506 1110
1828 1475 1960 1516 utaris,
1988 1477 2017 1511 51
2040 1477 2092 1510 111-

1104 1523 1195 1556 iusta
1210 1523 1326 1555 secero
1342 1522 1385 1567 ³).

1206 1573 1439 1618 Respondeo:
1472 1572 1511 1606 In
1531 1574 1684 1618 politicis
1703 1576 1872 1620 negotiis,
1906 1578 1989 1624 quIa
2007 1577 2094 1614 haec

1104 1625 1243 1658 ratione
1269 1625 1418 1658 iudicari
1442 1632 1611 1669 possunt,
1647 1640 1725 1660 011111
1750 1628 1881 1661 iniuria
1906 1630 2092 1665 manifesta

1105 1683 1139 1709 et
1156 1675 1297 1709 notoria
1317 1682 1367 1709 est
1385 1682 1418 1708 et
1436 1682 1558 1716 atrox,
1585 1677 1666 1711 licet
1682 1678 1735 1712 nti
1760 1679 1963 1714 defensione
1988 1682 2093 1715 etiarn

1106 1733 1230 1760 contra
1270 1727 1515 1771 magistratum
1529 1753 1538 1767 ‚
1585 1734 1624 1760 ut
1656 1730 1694 1762 in
1724 1729 1800 1763 iure
1833 1730 2002 1774 scriPtum
2032 1740 2094 1773 est,

1107 1779 1212 1811 etiam
1236 1779 1415 1812 consulein
1438 1778 1476 1810 in
1502 1779 1676 1813 adulterio
1712 1779 1972 1825 deprehensum
2004 1783 2094 1818 iuste

1106 1829 1256 1862 interfici
1273 1841 1291 1862 a
1309 1836 1408 1873 patre
1426 1829 1636 1876 111111101·15”“).
1688 1831 1757 1865 Sed
1775 1844 1853 1865 cum
1873 1831 2002 1867 iniuria
2021 1847 2096 1868 11011

1107 1887 1159 1914 051
1174 1880 1337 1920 notoria,
1365 1886 1425 1913 aut
1444 1880 1581 1913 etiamsi
1599 1888 1650 1915 est
1664 1882 1806 1916 notoria
1819 1909 1828 1923 ,
1857 1895 1936 1916 cum
1952 1896 2026 1918 non
2043 1894 2095 1919 est

1108 1938 1228 1972 atrox,
1255 1929 1346 1964 nihil
1362 1931 1536 1964 violenter
1551 1931 1753 1966 faciendum
1777 1940 1827 1967 est
1844 1941 1967 1968 contra
1984 1937 2095 1981 magi-

1108 1990 1255 2017 stratum
1269 2009 1278 2023 ,
1306 1982 1387 2028 qnia
1405 1982 1441 2015 in
1458 1980 1522 2015 hac
1544 1982 1748 2017 infirmitate
1776 1983 1964 2019 hominum
1988 1987 2095 2020 etiam

1107 2035 1193 2069 boni
1211 2035 1464 2079 gubernatores
1482 2033 1661 2068 interdum
1677 2033 1960 2078 hallucinantur,
1988 2045 2021 2071 et
2045 2045 2095 2071 ta-

1142 2134 1175 2164 *J
1195 2135 1353 2159 Gesslerus.

1145 2177 1196 2210 *ss)
1216 2178 1232 2201 i.
1247 2184 1271 2203 e.
1291 2179 1361 2204 Guii.
1380 2179 1454 2207 Tell,
1475 2178 1518 2209 qui
1537 2179 1587 2202 hoc
1606 2179 1671 2203 fecit
1689 2185 1713 2203 a.
1732 2180 1806 2204 1307.

1142 2222 1172 2250 3)
1193 2222 1267 2245 Haeo
1285 2223 1412 2251 spectant
1430 2222 1466 2245 ad
1484 2222 1533 2245 ina
1551 2223 1636 2245 verba
1655 2223 1750 2246 Dionis
1771 2223 1863 2247 Cassii
1882 2224 1973 2248 Nicaei
1992 2225 2019 2248 in
2040 2226 2096 2249 vita

1176 2257 1285 2280 Nervae
1304 2256 1429 2279 Traiani:
1454 2256 1520 2280 Cum
1539 2257 1703 2279 tribunatum
1722 2257 1835 2281 miiitum
1855 2258 1878 2281 ei
1899 2260 2015 2287 [surae]
2035 2262 2095 2282 tra-

1177 2291 1270 2318 deret,
1302 2290 1481 2319 parazoninm
1504 2296 1555 2320 quo
1581 2296 1630 2319 pro
1658 2291 1790 2321 dignitate
1814 2292 1998 2322 accingendus
2025 2297 2095 2321 erat.

1177 2324 1276 2348 nudum
1295 2324 1319 2346 ei
1339 2324 1478 2354 porrexit,
1498 2330 1529 2347 ae
1542 2324 1650 2351 Talem,
1670 2325 1765 2354 inquit,
1785 2331 1878 2348 ensem
1897 2327 1998 2355 accipe,
2018 2334 2096 2356 quein

1177 2364 1227 2388 pro
1249 2364 1290 2381 me
1311 2357 1350 2381 ita
1368 2358 1473 2381 demum
1493 2358 1658 2389 strinxeris,
1678 2359 1701 2381 si
1721 2359 1791 2381 iuste
1811 2359 1998 2388 imperaveru:
2025 2363 2096 2391 quod

1177 2393 1199 2416 si
1219 2397 1363 2422 perperam
1382 2392 1522 2421 quicquam
1542 2398 1590 2421 per
1609 2399 1651 2415 me
1670 2392 1727 2415 fleri
1741 2393 1923 2425 cognoveris,
1943 2400 1975 2418 eo
1990 2395 2016 2418 in
2031 2402 2098 2424 per-

1174 2427 1270 2451 niciem
1289 2431 1375 2449 meam
1393 2426 1481 2449 utaris
1501 2426 1590 2449 velim.
1617 2426 1677 2454 (vid
1699 2426 1848 2449 Caesarum
1863 2427 1936 2451 vitae
1949 2430 2097 2458 110515110-

1178 2461 1280 2485 tonium
1288 2460 1472 2489 Tranquillum
1487 2460 1668 2489 conscriptae.
1683 2460 1769 2490 Lnga.
1787 2461 1860 2484 1551.
1878 2462 1936 2486 160.
1951 2469 1976 2492 p.
1990 2463 2096 2494 17sq.).

1144 2504 1175 2537 4)
1196 2503 1489 2561 fagptgxiiecgptardupt
1509 2502 1712 2567 50111011ἑ1311-1111ἐ
1732 2504 1812 2559 (epra
1835 2504 1865 2527 L.
1891 2505 2008 2562 Aul-mim)
2033 2506 2050 2530 1.
2066 2507 2097 2532 Π,

1178 2539 1219 2562 ti.
1263 2552 1272 2560 1
1308 2538 1336 2559 ’,
1381 2543 1395 2559 0
1414 2542 1428 2559 a
1450 2543 1465 2559 u
1492 2543 1574 2562 erus,
1620 2554 1626 2559 .
1658 2554 1665 2560 .
1707 2542 1729 2559 :a
1751 2543 1788 2560 ie
1814 2543 1895 2561 secun
1916 2544 1931 2562 o
1969 2540 2027 2562 evis
2065 2548 2097 2563 11-

1178 2573 1230 2595 tiae
1250 2573 1282 2594 de
1306 2571 1449 2594 adulteriis
1476 2571 1642 2599 permittitur
1667 2544 1755 2599 patri),
1787 2572 1840 2595 tani
1865 2558 2001 2602 adoptivae
2017 2541 2095 2604 qulam

1176 2605 1314 2631 naturali,
1334 2605 1486 2627 adulterum
1506 2611 1563 2627 cuin
1585 2604 1639 2627 titia
1658 2605 1841 2635 cuiuscunque
1861 2606 2002 2636 dignitatis
2024 2609 2092 2631 1101111

1177 2647 1245 2664 suae
1275 2639 1320 2662 vel
1353 2639 1447 2667 generi
1478 2638 1519 2661 sui
1552 2639 1749 2667 deprehensum
1781 2645 1831 2663 sua
1855 2646 1935 2664 manu
1961 2642 2093 2666 occidere.

1178 2675 1272 2706 (corp.
1291 2673 1341 2697 iur.
1357 2672 1470 2696 Romani
1485 2672 1697 2695 Anteiustiniani
1711 2673 1752 2696 ed.
1769 2674 1890 2702 Beck-ing
1910 2677 1960 2698 etc.
1982 2676 2058 2699 Fasr.
2075 2677 2093 2698 Ι.

1178 2716 1202 2738 p.
1218 2706 1309 2737 2³84).
1352 2707 1429 2731 Gont'.
1450 2707 1498 2730 W.
1520 2707 1604 2729 ltein:
1632 2706 1680 2729 das
1701 2706 1909 2732 Criminalrecnt
1928 2709 1975 2733 der
1995 2710 2094 2733 nomer

1175 2748 1229 2767 von
1248 2742 1380 2766 Romulus
1401 2741 1440 2764 bis
1460 2741 1509 2764 auf
1525 2740 1690 2764 lastinianus
1709 2748 1736 2771 p.
1750 2742 1809 2766 8⁴³.
