<?xml version="1.0" encoding="UTF-8"?>
<!DOCTYPE html PUBLIC "-//W3C//DTD XHTML 1.0 Transitional//EN"
    "http://www.w3.org/TR/xhtml1/DTD/xhtml1-transitional.dtd">
<html xmlns="http://www.w3.org/1999/xhtml" xml:lang="en" lang="en">
 <head>
  <title>
</title>
<meta http-equiv="Content-Type" content="text/html;charset=utf-8" />
  <meta name='ocr-system' content='tesseract 3.04.00' />
  <meta name='ocr-capabilities' content='ocr_page ocr_carea ocr_par ocr_line ocrx_word'/>
</head>
<body>
  <div class='ocr_page' id='page_1' title='image "./operaquaesupersu16melauoft/operaquaesupersu16melauoft_0554.png"; bbox 0 0 2347 3000; ppageno 0'>
   <div class='ocr_carea' id='block_1_1' title="bbox 229 80 327 114">
    <p class='ocr_par' dir='ltr' id='par_1_1' title="bbox 229 80 327 114">
     <span class='ocr_line' id='line_1_1' title="bbox 229 80 327 114; baseline -0.02 0"><span class='ocrx_word' id='word_1_1' title='bbox 229 80 327 114; x_wconf 81' lang='lat'><strong>1079</strong></span> 
     </span>
    </p>
   </div>
   <div class='ocr_carea' id='block_1_2' title="bbox 229 161 1234 2348">
    <p class='ocr_par' dir='ltr' id='par_1_2' title="bbox 229 161 1228 1529">
     <span class='ocr_line' id='line_1_2' title="bbox 229 161 1216 199; baseline -0.004 0"><span class='ocrx_word' id='word_1_2' title='bbox 229 165 347 199; x_wconf 84' lang='lat' dir='ltr'>fuisse.</span> <span class='ocrx_word' id='word_1_3' title='bbox 400 164 527 197; x_wconf 83' lang='lat' dir='ltr'>Postea</span> <span class='ocrx_word' id='word_1_4' title='bbox 551 163 762 197; x_wconf 86' lang='lat' dir='ltr'>nominatim</span> <span class='ocrx_word' id='word_1_5' title='bbox 784 164 915 196; x_wconf 87' lang='lat' dir='ltr'>bellum</span> <span class='ocrx_word' id='word_1_6' title='bbox 933 161 1216 196; x_wconf 82' lang='lat' dir='ltr'>Mithridaticum</span> 
     </span>
     <span class='ocr_line' id='line_1_3' title="bbox 232 214 1217 259; baseline -0.002 -11"><span class='ocrx_word' id='word_1_7' title='bbox 232 215 436 259; x_wconf 80' lang='lat' dir='ltr'>amplificat,</span> <span class='ocrx_word' id='word_1_8' title='bbox 463 222 497 248; x_wconf 87' lang='lat' dir='ltr'>et</span> <span class='ocrx_word' id='word_1_9' title='bbox 513 220 781 253; x_wconf 80' lang='lat' dir='ltr'>commemorat,</span> <span class='ocrx_word' id='word_1_10' title='bbox 809 227 914 259; x_wconf 86' lang='lat' dir='ltr'>quam</span> <span class='ocrx_word' id='word_1_11' title='bbox 934 214 1086 254; x_wconf 82' lang='lat' dir='ltr'>varium,</span> <span class='ocrx_word' id='word_1_12' title='bbox 1110 226 1217 259; x_wconf 86' lang='lat' dir='ltr'>quam</span> 
     </span>
     <span class='ocr_line' id='line_1_4' title="bbox 231 265 1220 311; baseline -0.003 -11"><span class='ocrx_word' id='word_1_13' title='bbox 231 267 380 310; x_wconf 83' lang='lat' dir='ltr'>longum</span> <span class='ocrx_word' id='word_1_14' title='bbox 413 277 453 299; x_wconf 77' lang='lat' dir='ltr'>ac</span> <span class='ocrx_word' id='word_1_15' title='bbox 487 266 722 311; x_wconf 87' lang='lat' dir='ltr'>periculosum</span> <span class='ocrx_word' id='word_1_16' title='bbox 758 265 874 298; x_wconf 87' lang='lat' dir='ltr'>suerit.</span> <span class='ocrx_word' id='word_1_17' title='bbox 952 265 1220 298; x_wconf 74' lang='lat' dir='ltr'>Commemorat</span> 
     </span>
     <span class='ocr_line' id='line_1_5' title="bbox 233 316 1219 360; baseline -0.002 -9"><span class='ocrx_word' id='word_1_18' title='bbox 233 318 328 351; x_wconf 84' lang='lat' dir='ltr'>enim</span> <span class='ocrx_word' id='word_1_19' title='bbox 351 318 545 350; x_wconf 80' lang='lat' dir='ltr'>multorum</span> <span class='ocrx_word' id='word_1_20' title='bbox 576 316 832 359; x_wconf 84' lang='lat' dir='ltr'>imperatorum</span> <span class='ocrx_word' id='word_1_21' title='bbox 862 328 916 349; x_wconf 89' lang='lat' dir='ltr'>res</span> <span class='ocrx_word' id='word_1_22' title='bbox 947 316 983 349; x_wconf 91' lang='lat' dir='ltr'>in</span> <span class='ocrx_word' id='word_1_23' title='bbox 1018 328 1059 350; x_wconf 87' lang='lat' dir='ltr'>eo</span> <span class='ocrx_word' id='word_1_24' title='bbox 1095 322 1219 360; x_wconf 81' lang='lat' dir='ltr'>gestas.</span> 
     </span>
     <span class='ocr_line' id='line_1_6' title="bbox 237 367 1219 415; baseline -0.004 -12"><span class='ocrx_word' id='word_1_25' title='bbox 237 367 380 415; x_wconf 74' lang='lat' dir='ltr'>Verum]</span> <span class='ocrx_word' id='word_1_26' title='bbox 416 367 547 401; x_wconf 87' lang='lat' dir='ltr'>Omnia</span> <span class='ocrx_word' id='word_1_27' title='bbox 578 373 660 400; x_wconf 84' lang='lat' dir='ltr'>sunt</span> <span class='ocrx_word' id='word_1_28' title='bbox 690 367 790 400; x_wconf 82' lang='lat' dir='ltr'>valde</span> <span class='ocrx_word' id='word_1_29' title='bbox 822 367 1026 412; x_wconf 85' lang='lat' dir='ltr'>perspicua,</span> <span class='ocrx_word' id='word_1_30' title='bbox 1071 374 1105 400; x_wconf 82' lang='lat' dir='ltr'>et</span> <span class='ocrx_word' id='word_1_31' title='bbox 1128 367 1219 401; x_wconf 86' lang='lat' dir='ltr'>dicta</span> 
     </span>
     <span class='ocr_line' id='line_1_7' title="bbox 236 418 1221 462; baseline -0.005 -8"><span class='ocrx_word' id='word_1_32' title='bbox 236 426 319 454; x_wconf 91' lang='lat' dir='ltr'>sunt</span> <span class='ocrx_word' id='word_1_33' title='bbox 338 418 517 451; x_wconf 88' lang='lat' dir='ltr'>communi</span> <span class='ocrx_word' id='word_1_34' title='bbox 535 429 717 458; x_wconf 84' lang='lat' dir='ltr'>sermone,</span> <span class='ocrx_word' id='word_1_35' title='bbox 744 430 818 450; x_wconf 92' lang='lat' dir='ltr'>non</span> <span class='ocrx_word' id='word_1_36' title='bbox 835 424 917 452; x_wconf 86' lang='lat' dir='ltr'>sunt</span> <span class='ocrx_word' id='word_1_37' title='bbox 933 418 1120 452; x_wconf 70' lang='lat' dir='ltr'>accersitae</span> <span class='ocrx_word' id='word_1_38' title='bbox 1139 430 1221 462; x_wconf 90' lang='lat' dir='ltr'>pro-</span> 
     </span>
     <span class='ocr_line' id='line_1_8' title="bbox 235 469 1221 513; baseline -0.002 -10"><span class='ocrx_word' id='word_1_39' title='bbox 235 470 311 509; x_wconf 87' lang='lat' dir='ltr'>cul,</span> <span class='ocrx_word' id='word_1_40' title='bbox 351 476 411 502; x_wconf 80' lang='lat' dir='ltr'>aut</span> <span class='ocrx_word' id='word_1_41' title='bbox 440 469 565 511; x_wconf 74' lang='lat' dir='ltr'>longae</span> <span class='ocrx_word' id='word_1_42' title='bbox 597 469 907 513; x_wconf 82' lang='lat' dir='ltr'>amplificationes,</span> <span class='ocrx_word' id='word_1_43' title='bbox 946 482 1002 503; x_wconf 86' lang='lat' dir='ltr'>res</span> <span class='ocrx_word' id='word_1_44' title='bbox 1026 476 1108 503; x_wconf 88' lang='lat' dir='ltr'>sunt</span> <span class='ocrx_word' id='word_1_45' title='bbox 1138 469 1221 503; x_wconf 84' lang='lat' dir='ltr'>satis</span> 
     </span>
     <span class='ocr_line' id='line_1_9' title="bbox 235 517 1223 567; baseline -0.002 -13"><span class='ocrx_word' id='word_1_46' title='bbox 235 532 406 563; x_wconf 80' lang='lat' dir='ltr'>magnae,</span> <span class='ocrx_word' id='word_1_47' title='bbox 445 519 582 552; x_wconf 85' lang='lat' dir='ltr'>etiamsi</span> <span class='ocrx_word' id='word_1_48' title='bbox 606 520 759 553; x_wconf 85' lang='lat' dir='ltr'>tenuiter</span> <span class='ocrx_word' id='word_1_49' title='bbox 782 520 956 555; x_wconf 89' lang='lat' dir='ltr'>dicantur.</span> <span class='ocrx_word' id='word_1_50' title='bbox 1037 522 1128 561; x_wconf 73' lang='lat' dir='ltr'>Quod</span> <span class='ocrx_word' id='word_1_51' title='bbox 1148 517 1223 567; x_wconf 68' lang='lat' dir='ltr'>eqo]</span> 
     </span>
     <span class='ocr_line' id='line_1_10' title="bbox 234 569 1222 615; baseline -0.001 -12"><span class='ocrx_word' id='word_1_52' title='bbox 234 570 451 614; x_wconf 87' lang='lat' dir='ltr'>Propositio.</span> <span class='ocrx_word' id='word_1_53' title='bbox 504 569 749 615; x_wconf 69' lang='lat' dir='ltr'><strong>Reprehensio</strong></span> <span class='ocrx_word' id='word_1_54' title='bbox 767 572 940 615; x_wconf 82' lang='lat' dir='ltr'>generalis</span> <span class='ocrx_word' id='word_1_55' title='bbox 958 571 1120 611; x_wconf 71' lang='lat' dir='ltr'>convicii,</span> <span class='ocrx_word' id='word_1_56' title='bbox 1148 582 1222 603; x_wconf 91' lang='lat' dir='ltr'>non</span> 
     </span>
     <span class='ocr_line' id='line_1_11' title="bbox 236 621 1222 665; baseline 0 -10"><span class='ocrx_word' id='word_1_57' title='bbox 236 628 319 655; x_wconf 88' lang='lat' dir='ltr'>sunt</span> <span class='ocrx_word' id='word_1_58' title='bbox 341 623 599 654; x_wconf 86' lang='lat' dir='ltr'>contemnenda</span> <span class='ocrx_word' id='word_1_59' title='bbox 625 622 759 655; x_wconf 85' lang='lat' dir='ltr'>Graeca</span> <span class='ocrx_word' id='word_1_60' title='bbox 782 623 885 656; x_wconf 86' lang='lat' dir='ltr'>bella.</span> <span class='ocrx_word' id='word_1_61' title='bbox 998 621 1222 665; x_wconf 73' lang='lat' dir='ltr'>Derideaiur]</span> 
     </span>
     <span class='ocr_line' id='line_1_12' title="bbox 235 672 1225 717; baseline -0.001 -12"><span class='ocrx_word' id='word_1_62' title='bbox 235 672 495 716; x_wconf 68' lang='lat' dir='ltr'>Argumentum</span> <span class='ocrx_word' id='word_1_63' title='bbox 514 673 555 705; x_wconf 79' lang='lat' dir='ltr'>ab</span> <span class='ocrx_word' id='word_1_64' title='bbox 575 674 752 717; x_wconf 82' lang='lat' dir='ltr'>exemplo:</span> <span class='ocrx_word' id='word_1_65' title='bbox 780 672 842 706; x_wconf 90' lang='lat' dir='ltr'>Illa</span> <span class='ocrx_word' id='word_1_66' title='bbox 866 673 956 706; x_wconf 87' lang='lat' dir='ltr'>bella</span> <span class='ocrx_word' id='word_1_67' title='bbox 983 673 1127 706; x_wconf 89' lang='lat' dir='ltr'>suerunt</span> <span class='ocrx_word' id='word_1_68' title='bbox 1151 683 1225 705; x_wconf 81' lang='lat' dir='ltr'>ma—</span> 
     </span>
     <span class='ocr_line' id='line_1_13' title="bbox 236 723 1224 767; baseline 0 -12"><span class='ocrx_word' id='word_1_69' title='bbox 236 736 303 767; x_wconf 85' lang='lat' dir='ltr'>gna</span> <span class='ocrx_word' id='word_1_70' title='bbox 322 729 355 756; x_wconf 88' lang='lat' dir='ltr'>et</span> <span class='ocrx_word' id='word_1_71' title='bbox 371 725 578 767; x_wconf 83' lang='lat' dir='ltr'>asperrima,</span> <span class='ocrx_word' id='word_1_72' title='bbox 601 730 633 755; x_wconf 87' lang='lat' dir='ltr'>et</span> <span class='ocrx_word' id='word_1_73' title='bbox 647 737 720 756; x_wconf 90' lang='lat' dir='ltr'>non</span> <span class='ocrx_word' id='word_1_74' title='bbox 737 724 929 757; x_wconf 75' lang='lat' dir='ltr'>iudicatum</span> <span class='ocrx_word' id='word_1_75' title='bbox 948 730 997 757; x_wconf 92' lang='lat' dir='ltr'>est</span> <span class='ocrx_word' id='word_1_76' title='bbox 1014 724 1103 756; x_wconf 80' lang='lat' dir='ltr'>bella</span> <span class='ocrx_word' id='word_1_77' title='bbox 1120 723 1224 757; x_wconf 83' lang='lat' dir='ltr'>fuisse</span> 
     </span>
     <span class='ocr_line' id='line_1_14' title="bbox 230 773 1224 819; baseline 0 -13"><span class='ocrx_word' id='word_1_78' title='bbox 230 781 332 817; x_wconf 72' lang='lat' dir='ltr'>vgesta</span> <span class='ocrx_word' id='word_1_79' title='bbox 350 786 429 807; x_wconf 84' lang='lat' dir='ltr'>cuni</span> <span class='ocrx_word' id='word_1_80' title='bbox 447 775 679 808; x_wconf 81' lang='lat' dir='ltr'>mulierenlis:</span> <span class='ocrx_word' id='word_1_81' title='bbox 709 787 792 818; x_wconf 77' lang='lat' dir='ltr'>ergo</span> <span class='ocrx_word' id='word_1_82' title='bbox 814 788 886 807; x_wconf 92' lang='lat' dir='ltr'>non</span> <span class='ocrx_word' id='word_1_83' title='bbox 912 776 1054 808; x_wconf 85' lang='lat' dir='ltr'>suerunt</span> <span class='ocrx_word' id='word_1_84' title='bbox 1078 773 1224 819; x_wconf 64' lang='lat' dir='ltr'>leviaffl)</span> 
     </span>
     <span class='ocr_line' id='line_1_15' title="bbox 234 825 1226 869; baseline 0 -12"><span class='ocrx_word' id='word_1_85' title='bbox 234 825 340 858; x_wconf 83' lang='lat' dir='ltr'>bella.</span> <span class='ocrx_word' id='word_1_86' title='bbox 419 827 461 858; x_wconf 91' lang='lat' dir='ltr'>L.</span> <span class='ocrx_word' id='word_1_87' title='bbox 480 827 609 869; x_wconf 72' lang='lat' dir='ltr'>Scipio]</span> <span class='ocrx_word' id='word_1_88' title='bbox 636 826 722 859; x_wconf 86' lang='lat' dir='ltr'>Post</span> <span class='ocrx_word' id='word_1_89' title='bbox 744 827 875 859; x_wconf 83' lang='lat' dir='ltr'>bellum</span> <span class='ocrx_word' id='word_1_90' title='bbox 899 827 1093 859; x_wconf 86' lang='lat' dir='ltr'>secundum</span> <span class='ocrx_word' id='word_1_91' title='bbox 1116 825 1226 858; x_wconf 88' lang='lat' dir='ltr'>Puni-</span> 
     </span>
     <span class='ocr_line' id='line_1_16' title="bbox 237 875 1226 920; baseline -0.001 -11"><span class='ocrx_word' id='word_1_92' title='bbox 237 888 316 909; x_wconf 85' lang='lat' dir='ltr'>cum</span> <span class='ocrx_word' id='word_1_93' title='bbox 340 876 444 919; x_wconf 79' lang='lat' dir='ltr'>gessit</span> <span class='ocrx_word' id='word_1_94' title='bbox 471 878 622 920; x_wconf 86' lang='lat' dir='ltr'>populns</span> <span class='ocrx_word' id='word_1_95' title='bbox 648 877 830 911; x_wconf 69' lang='lat' dir='ltr'>l‘iomanus</span> <span class='ocrx_word' id='word_1_96' title='bbox 852 877 982 911; x_wconf 78' lang='lat' dir='ltr'>bellum</span> <span class='ocrx_word' id='word_1_97' title='bbox 1006 890 1084 911; x_wconf 80' lang='lat' dir='ltr'>cuin</span> <span class='ocrx_word' id='word_1_98' title='bbox 1101 875 1226 909; x_wconf 84' lang='lat' dir='ltr'>Antio-</span> 
     </span>
     <span class='ocr_line' id='line_1_17' title="bbox 237 925 1226 973; baseline 0.001 -14"><span class='ocrx_word' id='word_1_99' title='bbox 237 925 323 966; x_wconf 81' lang='lat' dir='ltr'>cho,</span> <span class='ocrx_word' id='word_1_100' title='bbox 377 933 410 959; x_wconf 85' lang='lat' dir='ltr'>et</span> <span class='ocrx_word' id='word_1_101' title='bbox 443 934 584 960; x_wconf 82' lang='lat' dir='ltr'>senatus</span> <span class='ocrx_word' id='word_1_102' title='bbox 621 928 717 961; x_wconf 86' lang='lat' dir='ltr'>misit</span> <span class='ocrx_word' id='word_1_103' title='bbox 749 927 790 961; x_wconf 90' lang='lat' dir='ltr'>L.</span> <span class='ocrx_word' id='word_1_104' title='bbox 819 929 1021 973; x_wconf 81' lang='lat' dir='ltr'>Scipionem</span> <span class='ocrx_word' id='word_1_105' title='bbox 1058 929 1226 961; x_wconf 74' lang='lat' dir='ltr'>adversus</span> 
     </span>
     <span class='ocr_line' id='line_1_18' title="bbox 236 977 1227 1024; baseline 0.001 -15"><span class='ocrx_word' id='word_1_106' title='bbox 236 978 342 1011; x_wconf 87' lang='lat' dir='ltr'>istum</span> <span class='ocrx_word' id='word_1_107' title='bbox 354 977 413 1023; x_wconf 57' lang='grc' dir='ltr'>Μ).</span> <span class='ocrx_word' id='word_1_108' title='bbox 467 978 559 1022; x_wconf 84' lang='lat' dir='ltr'>Quia</span> <span class='ocrx_word' id='word_1_109' title='bbox 576 985 693 1011; x_wconf 85' lang='lat' dir='ltr'>autem</span> <span class='ocrx_word' id='word_1_110' title='bbox 709 980 898 1012; x_wconf 68' lang='lat' dir='ltr'>verebatur</span> <span class='ocrx_word' id='word_1_111' title='bbox 916 979 1067 1024; x_wconf 88' lang='lat' dir='ltr'>populus</span> <span class='ocrx_word' id='word_1_112' title='bbox 1083 991 1157 1011; x_wconf 89' lang='lat' dir='ltr'>non</span> <span class='ocrx_word' id='word_1_113' title='bbox 1174 991 1227 1012; x_wconf 88' lang='lat' dir='ltr'>sa-</span> 
     </span>
     <span class='ocr_line' id='line_1_19' title="bbox 237 1028 1227 1073; baseline -0.001 -12"><span class='ocrx_word' id='word_1_114' title='bbox 237 1029 281 1062; x_wconf 86' lang='lat' dir='ltr'>tis</span> <span class='ocrx_word' id='word_1_115' title='bbox 298 1028 437 1061; x_wconf 83' lang='lat' dir='ltr'>roboris</span> <span class='ocrx_word' id='word_1_116' title='bbox 454 1042 526 1061; x_wconf 85' lang='lat' dir='ltr'>esse</span> <span class='ocrx_word' id='word_1_117' title='bbox 545 1036 578 1061; x_wconf 90' lang='lat' dir='ltr'>et</span> <span class='ocrx_word' id='word_1_118' title='bbox 595 1030 733 1062; x_wconf 85' lang='lat' dir='ltr'>consilii</span> <span class='ocrx_word' id='word_1_119' title='bbox 751 1031 788 1062; x_wconf 90' lang='lat' dir='ltr'>in</span> <span class='ocrx_word' id='word_1_120' title='bbox 803 1029 843 1063; x_wconf 83' lang='lat' dir='ltr'>L.</span> <span class='ocrx_word' id='word_1_121' title='bbox 855 1030 1019 1073; x_wconf 81' lang='lat' dir='ltr'>Scipione</span> <span class='ocrx_word' id='word_1_122' title='bbox 1031 1055 1040 1069; x_wconf 82' lang='lat'>‚</span> <span class='ocrx_word' id='word_1_123' title='bbox 1067 1030 1147 1062; x_wconf 90' lang='lat' dir='ltr'>ideo</span> <span class='ocrx_word' id='word_1_124' title='bbox 1167 1030 1227 1061; x_wconf 87' lang='lat' dir='ltr'>ad-</span> 
     </span>
     <span class='ocr_line' id='line_1_20' title="bbox 237 1078 1225 1124; baseline -0.001 -12"><span class='ocrx_word' id='word_1_125' title='bbox 237 1079 327 1112; x_wconf 87' lang='lat' dir='ltr'>didit</span> <span class='ocrx_word' id='word_1_126' title='bbox 341 1079 381 1112; x_wconf 89' lang='lat' dir='ltr'>P.</span> <span class='ocrx_word' id='word_1_127' title='bbox 399 1079 613 1122; x_wconf 75' lang='lat' dir='ltr'>Scipionem.</span> <span class='ocrx_word' id='word_1_128' title='bbox 673 1078 724 1112; x_wconf 81' lang='lat' dir='ltr'>lta</span> <span class='ocrx_word' id='word_1_129' title='bbox 749 1092 832 1124; x_wconf 87' lang='lat' dir='ltr'>ergo</span> <span class='ocrx_word' id='word_1_130' title='bbox 859 1085 1146 1124; x_wconf 70' lang='lat' dir='ltr'>argumentatur:</span> <span class='ocrx_word' id='word_1_131' title='bbox 1191 1079 1225 1112; x_wconf 86' lang='lat' dir='ltr'>Si</span> 
     </span>
     <span class='ocr_line' id='line_1_21' title="bbox 236 1130 1227 1170; baseline 0.001 -9"><span class='ocrx_word' id='word_1_132' title='bbox 236 1130 303 1162; x_wconf 87' lang='lat' dir='ltr'>snit</span> <span class='ocrx_word' id='word_1_133' title='bbox 318 1130 387 1162; x_wconf 83' lang='lat' dir='ltr'>tale</span> <span class='ocrx_word' id='word_1_134' title='bbox 406 1130 535 1162; x_wconf 86' lang='lat' dir='ltr'>bellum</span> <span class='ocrx_word' id='word_1_135' title='bbox 548 1157 557 1170; x_wconf 88' lang='lat'>,</span> <span class='ocrx_word' id='word_1_136' title='bbox 585 1136 624 1163; x_wconf 86' lang='lat' dir='ltr'>ut</span> <span class='ocrx_word' id='word_1_137' title='bbox 641 1137 783 1164; x_wconf 85' lang='lat' dir='ltr'>senatus</span> <span class='ocrx_word' id='word_1_138' title='bbox 801 1137 940 1165; x_wconf 85' lang='lat' dir='ltr'>coactus</span> <span class='ocrx_word' id='word_1_139' title='bbox 959 1132 1002 1164; x_wconf 87' lang='lat' dir='ltr'>sit</span> <span class='ocrx_word' id='word_1_140' title='bbox 1018 1131 1146 1164; x_wconf 88' lang='lat' dir='ltr'>addere</span> <span class='ocrx_word' id='word_1_141' title='bbox 1165 1132 1227 1163; x_wconf 90' lang='lat' dir='ltr'>du-</span> 
     </span>
     <span class='ocr_line' id='line_1_22' title="bbox 237 1182 1227 1225; baseline 0 -12"><span class='ocrx_word' id='word_1_142' title='bbox 237 1193 313 1213; x_wconf 82' lang='lat' dir='ltr'>cem</span> <span class='ocrx_word' id='word_1_143' title='bbox 329 1193 506 1213; x_wconf 88' lang='lat' dir='ltr'>summum</span> <span class='ocrx_word' id='word_1_144' title='bbox 525 1187 556 1212; x_wconf 80' lang='lat' dir='ltr'>et</span> <span class='ocrx_word' id='word_1_145' title='bbox 576 1182 849 1225; x_wconf 88' lang='lat' dir='ltr'>peritissimum,</span> <span class='ocrx_word' id='word_1_146' title='bbox 877 1182 1066 1215; x_wconf 66' lang='lat' dir='ltr'>verisimile</span> <span class='ocrx_word' id='word_1_147' title='bbox 1086 1188 1137 1215; x_wconf 83' lang='lat' dir='ltr'>est</span> <span class='ocrx_word' id='word_1_148' title='bbox 1154 1193 1227 1213; x_wconf 83' lang='lat' dir='ltr'>ma-</span> 
     </span>
     <span class='ocr_line' id='line_1_23' title="bbox 236 1232 1227 1273; baseline -0.002 -8"><span class='ocrx_word' id='word_1_149' title='bbox 236 1232 370 1265; x_wconf 80' lang='lat' dir='ltr'>ximum</span> <span class='ocrx_word' id='word_1_150' title='bbox 389 1232 492 1265; x_wconf 83' lang='lat' dir='ltr'>fuisse</span> <span class='ocrx_word' id='word_1_151' title='bbox 509 1232 653 1266; x_wconf 72' lang='lat' dir='ltr'>lic-llum.</span> <span class='ocrx_word' id='word_1_152' title='bbox 707 1232 812 1273; x_wconf 83' lang='lat' dir='ltr'>Item,</span> <span class='ocrx_word' id='word_1_153' title='bbox 840 1233 868 1266; x_wconf 90' lang='lat' dir='ltr'>si</span> <span class='ocrx_word' id='word_1_154' title='bbox 884 1234 951 1266; x_wconf 85' lang='lat' dir='ltr'>fuit</span> <span class='ocrx_word' id='word_1_155' title='bbox 965 1234 1111 1273; x_wconf 84' lang='lat' dir='ltr'>bellum,</span> <span class='ocrx_word' id='word_1_156' title='bbox 1133 1233 1227 1265; x_wconf 90' lang='lat' dir='ltr'>unde</span> 
     </span>
     <span class='ocr_line' id='line_1_24' title="bbox 238 1283 1227 1328; baseline -0.001 -12"><span class='ocrx_word' id='word_1_157' title='bbox 238 1283 361 1316; x_wconf 87' lang='lat' dir='ltr'>consul</span> <span class='ocrx_word' id='word_1_158' title='bbox 391 1295 523 1315; x_wconf 86' lang='lat' dir='ltr'>nomen</span> <span class='ocrx_word' id='word_1_159' title='bbox 553 1284 733 1323; x_wconf 83' lang='lat' dir='ltr'>retulerit,</span> <span class='ocrx_word' id='word_1_160' title='bbox 777 1291 925 1328; x_wconf 85' lang='lat' dir='ltr'>apparet</span> <span class='ocrx_word' id='word_1_161' title='bbox 955 1296 1121 1327; x_wconf 78' lang='lat' dir='ltr'>magnam</span> <span class='ocrx_word' id='word_1_162' title='bbox 1155 1295 1227 1316; x_wconf 80' lang='lat' dir='ltr'>esse</span> 
     </span>
     <span class='ocr_line' id='line_1_25' title="bbox 236 1334 1226 1379; baseline 0 -13"><span class='ocrx_word' id='word_1_163' title='bbox 236 1346 324 1367; x_wconf 87' lang='lat' dir='ltr'>rem.</span> <span class='ocrx_word' id='word_1_164' title='bbox 418 1335 494 1377; x_wconf 74' lang='lat' dir='ltr'>Ille]</span> <span class='ocrx_word' id='word_1_165' title='bbox 528 1334 659 1367; x_wconf 81' lang='lat' dir='ltr'>scilicet</span> <span class='ocrx_word' id='word_1_166' title='bbox 693 1335 852 1369; x_wconf 81' lang='lat' dir='ltr'>Publius.</span> <span class='ocrx_word' id='word_1_167' title='bbox 940 1335 1097 1379; x_wconf 75' lang='lat' dir='ltr'>Ferebat]</span> <span class='ocrx_word' id='word_1_168' title='bbox 1134 1334 1226 1379; x_wconf 81' lang='lat' dir='ltr'>Quia</span> 
     </span>
     <span class='ocr_line' id='line_1_26' title="bbox 236 1383 1228 1430; baseline 0.001 -14"><span class='ocrx_word' id='word_1_169' title='bbox 236 1384 388 1417; x_wconf 75' lang='lat' dir='ltr'>vocabat</span> <span class='ocrx_word' id='word_1_170' title='bbox 405 1396 440 1417; x_wconf 91' lang='lat' dir='ltr'>se</span> <span class='ocrx_word' id='word_1_171' title='bbox 456 1385 675 1419; x_wconf 78' lang='lat' dir='ltr'>Africanum.</span> <span class='ocrx_word' id='word_1_172' title='bbox 754 1388 959 1430; x_wconf 69' lang='lat' dir='ltr'>Assnmpse‘i]</span> <span class='ocrx_word' id='word_1_173' title='bbox 983 1384 1050 1419; x_wconf 83' lang='lat' dir='ltr'>hoe</span> <span class='ocrx_word' id='word_1_174' title='bbox 1071 1392 1140 1425; x_wconf 84' lang='lat' dir='ltr'>est,</span> <span class='ocrx_word' id='word_1_175' title='bbox 1165 1383 1228 1417; x_wconf 89' lang='lat' dir='ltr'>ho-</span> 
     </span>
     <span class='ocr_line' id='line_1_27' title="bbox 237 1436 1228 1477; baseline 0 -10"><span class='ocrx_word' id='word_1_176' title='bbox 237 1442 335 1468; x_wconf 89' lang='lat' dir='ltr'>neste</span> <span class='ocrx_word' id='word_1_177' title='bbox 358 1447 393 1467; x_wconf 84' lang='lat' dir='ltr'>se</span> <span class='ocrx_word' id='word_1_178' title='bbox 420 1436 559 1469; x_wconf 68' lang='lat' dir='ltr'>vocavit</span> <span class='ocrx_word' id='word_1_179' title='bbox 580 1436 796 1477; x_wconf 76' lang='lat' dir='ltr'>Asiaticum,</span> <span class='ocrx_word' id='word_1_180' title='bbox 831 1437 919 1470; x_wconf 87' lang='lat' dir='ltr'>sicut</span> <span class='ocrx_word' id='word_1_181' title='bbox 943 1439 1051 1470; x_wconf 80' lang='lat' dir='ltr'>frater</span> <span class='ocrx_word' id='word_1_182' title='bbox 1075 1449 1110 1470; x_wconf 85' lang='lat' dir='ltr'>se</span> <span class='ocrx_word' id='word_1_183' title='bbox 1135 1436 1228 1469; x_wconf 79' lang='lat' dir='ltr'>Afri-</span> 
     </span>
     <span class='ocr_line' id='line_1_28' title="bbox 237 1486 457 1529; baseline 0 -10"><span class='ocrx_word' id='word_1_184' title='bbox 237 1499 363 1519; x_wconf 84' lang='lat' dir='ltr'>canum</span> <span class='ocrx_word' id='word_1_185' title='bbox 375 1486 403 1505; x_wconf 69' lang='lat'>¹⁵¹⁴</span> <span class='ocrx_word' id='word_1_186' title='bbox 413 1486 457 1529; x_wconf 77' lang='lat'>³).</span> 
     </span>
    </p>

    <p class='ocr_par' dir='ltr' id='par_1_3' title="bbox 237 1536 1229 1731">
     <span class='ocr_line' id='line_1_29' title="bbox 341 1536 1229 1583; baseline 0 -14"><span class='ocrx_word' id='word_1_187' title='bbox 341 1536 370 1580; x_wconf 59' lang='grc' dir='ltr'>ξ.</span> <span class='ocrx_word' id='word_1_188' title='bbox 389 1537 448 1571; x_wconf 74' lang='grc'>32.</span> <span class='ocrx_word' id='word_1_189' title='bbox 476 1539 592 1582; x_wconf 72' lang='lat' dir='ltr'>Neque</span> <span class='ocrx_word' id='word_1_190' title='bbox 618 1550 694 1572; x_wconf 69' lang='lat' dir='ltr'>vero</span> <span class='ocrx_word' id='word_1_191' title='bbox 718 1551 789 1572; x_wconf 79' lang='lat' dir='ltr'>cnm</span> <span class='ocrx_word' id='word_1_192' title='bbox 813 1538 995 1583; x_wconf 71' lang='lat' dir='ltr'>Africano]</span> <span class='ocrx_word' id='word_1_193' title='bbox 1031 1538 1229 1582; x_wconf 79' lang='lat' dir='ltr'>Exaggera-</span> 
     </span>
     <span class='ocr_line' id='line_1_30' title="bbox 238 1587 1229 1633; baseline -0.001 -13"><span class='ocrx_word' id='word_1_194' title='bbox 238 1587 289 1620; x_wconf 88' lang='lat' dir='ltr'>tio</span> <span class='ocrx_word' id='word_1_195' title='bbox 308 1587 472 1630; x_wconf 82' lang='lat' dir='ltr'>periculi:</span> <span class='ocrx_word' id='word_1_196' title='bbox 504 1588 730 1621; x_wconf 78' lang='lat' dir='ltr'>Addiderunt</span> <span class='ocrx_word' id='word_1_197' title='bbox 754 1590 929 1632; x_wconf 76' lang='lat' dir='ltr'>legatum,</span> <span class='ocrx_word' id='word_1_198' title='bbox 965 1602 1035 1633; x_wconf 91' lang='lat' dir='ltr'>quo</span> <span class='ocrx_word' id='word_1_199' title='bbox 1060 1590 1145 1622; x_wconf 77' lang='lat' dir='ltr'>urbs</span> <span class='ocrx_word' id='word_1_200' title='bbox 1169 1601 1229 1620; x_wconf 79' lang='lat' dir='ltr'>ne-</span> 
     </span>
     <span class='ocr_line' id='line_1_31' title="bbox 237 1636 1228 1683; baseline 0.001 -13"><span class='ocrx_word' id='word_1_201' title='bbox 237 1638 371 1671; x_wconf 81' lang='lat' dir='ltr'>minem</span> <span class='ocrx_word' id='word_1_202' title='bbox 389 1636 542 1670; x_wconf 67' lang='lat' dir='ltr'>halieluat</span> <span class='ocrx_word' id='word_1_203' title='bbox 559 1638 745 1672; x_wconf 83' lang='lat' dir='ltr'>meliorem</span> <span class='ocrx_word' id='word_1_204' title='bbox 768 1646 801 1672; x_wconf 88' lang='lat' dir='ltr'>et</span> <span class='ocrx_word' id='word_1_205' title='bbox 819 1639 1106 1683; x_wconf 86' lang='lat' dir='ltr'>prudentiorem:</span> <span class='ocrx_word' id='word_1_206' title='bbox 1145 1652 1228 1682; x_wconf 71' lang='lat' dir='ltr'>ergo</span> 
     </span>
     <span class='ocr_line' id='line_1_32' title="bbox 237 1690 650 1731; baseline -0.002 -8"><span class='ocrx_word' id='word_1_207' title='bbox 237 1690 303 1723; x_wconf 88' lang='lat' dir='ltr'>fuit</span> <span class='ocrx_word' id='word_1_208' title='bbox 321 1702 488 1731; x_wconf 63' lang='lat' dir='ltr'>magnum</span> <span class='ocrx_word' id='word_1_209' title='bbox 505 1690 650 1722; x_wconf 86' lang='lat' dir='ltr'>bellum.</span> 
     </span>
    </p>

    <p class='ocr_par' dir='ltr' id='par_1_4' title="bbox 238 1738 1234 2348">
     <span class='ocr_line' id='line_1_33' title="bbox 342 1738 1230 1786; baseline 0 -14"><span class='ocrx_word' id='word_1_210' title='bbox 342 1741 427 1784; x_wconf 82' lang='lat' dir='ltr'>Cap.</span> <span class='ocrx_word' id='word_1_211' title='bbox 444 1740 518 1774; x_wconf 82' lang='lat' dir='ltr'>XV.</span> <span class='ocrx_word' id='word_1_212' title='bbox 547 1738 577 1783; x_wconf 58' lang='grc' dir='ltr'>ἓ.</span> <span class='ocrx_word' id='word_1_213' title='bbox 598 1741 658 1775; x_wconf 75' lang='grc'>32.</span> <span class='ocrx_word' id='word_1_214' title='bbox 686 1742 792 1786; x_wconf 61' lang='lat' dir='ltr'>Atqui</span> <span class='ocrx_word' id='word_1_215' title='bbox 810 1741 856 1785; x_wconf 77' lang='lat' dir='ltr'>si]</span> <span class='ocrx_word' id='word_1_216' title='bbox 884 1740 1123 1785; x_wconf 83' lang='lat' dir='ltr'>Amplisicatio</span> <span class='ocrx_word' id='word_1_217' title='bbox 1146 1740 1230 1772; x_wconf 76' lang='lat' dir='ltr'>belli</span> 
     </span>
     <span class='ocr_line' id='line_1_34' title="bbox 239 1789 1230 1836; baseline -0.001 -12"><span class='ocrx_word' id='word_1_218' title='bbox 239 1789 484 1825; x_wconf 67' lang='lat' dir='ltr'>Mithridatici.</span> <span class='ocrx_word' id='word_1_219' title='bbox 537 1791 602 1823; x_wconf 82' lang='lat' dir='ltr'>Hic</span> <span class='ocrx_word' id='word_1_220' title='bbox 620 1798 702 1825; x_wconf 86' lang='lat' dir='ltr'>sunt</span> <span class='ocrx_word' id='word_1_221' title='bbox 717 1792 825 1824; x_wconf 83' lang='lat' dir='ltr'>inulta</span> <span class='ocrx_word' id='word_1_222' title='bbox 846 1790 1127 1836; x_wconf 68' lang='lat' dir='ltr'>enthymemata:</span> <span class='ocrx_word' id='word_1_223' title='bbox 1164 1791 1230 1823; x_wconf 79' lang='lat' dir='ltr'>Mi-</span> 
     </span>
     <span class='ocr_line' id='line_1_35' title="bbox 239 1840 1229 1887; baseline 0 -13"><span class='ocrx_word' id='word_1_224' title='bbox 239 1840 467 1875; x_wconf 83' lang='lat' dir='ltr'>thridaticum</span> <span class='ocrx_word' id='word_1_225' title='bbox 487 1842 618 1875; x_wconf 81' lang='lat' dir='ltr'>bellum</span> <span class='ocrx_word' id='word_1_226' title='bbox 636 1842 719 1883; x_wconf 88' lang='lat' dir='ltr'>suit,</span> <span class='ocrx_word' id='word_1_227' title='bbox 746 1843 784 1875; x_wconf 88' lang='lat' dir='ltr'>in</span> <span class='ocrx_word' id='word_1_228' title='bbox 803 1855 873 1887; x_wconf 86' lang='lat' dir='ltr'>quo</span> <span class='ocrx_word' id='word_1_229' title='bbox 892 1843 1042 1875; x_wconf 81' lang='lat' dir='ltr'>Murena</span> <span class='ocrx_word' id='word_1_230' title='bbox 1063 1854 1229 1885; x_wconf 75' lang='lat' dir='ltr'>magnam</span> 
     </span>
     <span class='ocr_line' id='line_1_36' title="bbox 238 1893 1230 1937; baseline 0 -12"><span class='ocrx_word' id='word_1_231' title='bbox 238 1893 379 1926; x_wconf 88' lang='lat' dir='ltr'>laudem</span> <span class='ocrx_word' id='word_1_232' title='bbox 415 1894 654 1937; x_wconf 69' lang='lat' dir='ltr'>comparavit:</span> <span class='ocrx_word' id='word_1_233' title='bbox 698 1906 782 1937; x_wconf 84' lang='lat' dir='ltr'>ergo</span> <span class='ocrx_word' id='word_1_234' title='bbox 810 1906 884 1926; x_wconf 88' lang='lat' dir='ltr'>non</span> <span class='ocrx_word' id='word_1_235' title='bbox 915 1894 1002 1927; x_wconf 73' lang='lat' dir='ltr'>levis</span> <span class='ocrx_word' id='word_1_236' title='bbox 1033 1900 1083 1927; x_wconf 85' lang='lat' dir='ltr'>est</span> <span class='ocrx_word' id='word_1_237' title='bbox 1116 1893 1230 1926; x_wconf 71' lang='lat' dir='ltr'>existi-</span> 
     </span>
     <span class='ocr_line' id='line_1_37' title="bbox 238 1944 1230 1989; baseline -0.001 -13"><span class='ocrx_word' id='word_1_238' title='bbox 238 1946 369 1976; x_wconf 84' lang='lat' dir='ltr'>manda</span> <span class='ocrx_word' id='word_1_239' title='bbox 397 1944 470 1977; x_wconf 86' lang='lat' dir='ltr'>eius</span> <span class='ocrx_word' id='word_1_240' title='bbox 494 1944 628 1988; x_wconf 91' lang='lat' dir='ltr'>opinio.</span> <span class='ocrx_word' id='word_1_241' title='bbox 734 1947 778 1978; x_wconf 82' lang='lat' dir='ltr'>In</span> <span class='ocrx_word' id='word_1_242' title='bbox 803 1945 938 1989; x_wconf 75' lang='lat' dir='ltr'>Asiam]</span> <span class='ocrx_word' id='word_1_243' title='bbox 973 1944 1104 1978; x_wconf 82' lang='lat' dir='ltr'>seilicet</span> <span class='ocrx_word' id='word_1_244' title='bbox 1132 1950 1230 1983; x_wconf 84' lang='lat' dir='ltr'>esset,</span> 
     </span>
     <span class='ocr_line' id='line_1_38' title="bbox 242 1995 1228 2040; baseline -0.001 -13"><span class='ocrx_word' id='word_1_245' title='bbox 242 1995 341 2040; x_wconf 86' lang='lat' dir='ltr'>quasi</span> <span class='ocrx_word' id='word_1_246' title='bbox 360 1995 508 2027; x_wconf 83' lang='lat' dir='ltr'>diceret:</span> <span class='ocrx_word' id='word_1_247' title='bbox 540 1995 575 2026; x_wconf 77' lang='lat' dir='ltr'>Si</span> <span class='ocrx_word' id='word_1_248' title='bbox 593 1996 670 2027; x_wconf 79' lang='lat' dir='ltr'>leve</span> <span class='ocrx_word' id='word_1_249' title='bbox 689 1995 811 2028; x_wconf 77' lang='lat' dir='ltr'>fuIsset</span> <span class='ocrx_word' id='word_1_250' title='bbox 828 1996 971 2035; x_wconf 70' lang='lat' dir='ltr'>bellum,</span> <span class='ocrx_word' id='word_1_251' title='bbox 1000 1996 1093 2040; x_wconf 58' lang='lat' dir='ltr'>Sylla</span> <span class='ocrx_word' id='word_1_252' title='bbox 1112 1995 1228 2028; x_wconf 84' lang='lat' dir='ltr'>statim</span> 
     </span>
     <span class='ocr_line' id='line_1_39' title="bbox 241 2046 1230 2090; baseline 0 -12"><span class='ocrx_word' id='word_1_253' title='bbox 241 2046 482 2090; x_wconf 75' lang='lat' dir='ltr'>oppressisset.</span> <span class='ocrx_word' id='word_1_254' title='bbox 537 2046 604 2079; x_wconf 85' lang='lat' dir='ltr'>Sed</span> <span class='ocrx_word' id='word_1_255' title='bbox 624 2046 729 2079; x_wconf 87' lang='lat' dir='ltr'>rediit</span> <span class='ocrx_word' id='word_1_256' title='bbox 747 2053 887 2079; x_wconf 84' lang='lat' dir='ltr'>coactus</span> <span class='ocrx_word' id='word_1_257' title='bbox 911 2058 1126 2090; x_wconf 83' lang='lat' dir='ltr'>componere</span> <span class='ocrx_word' id='word_1_258' title='bbox 1152 2059 1230 2078; x_wconf 85' lang='lat' dir='ltr'>cum</span> 
     </span>
     <span class='ocr_line' id='line_1_40' title="bbox 239 2097 1232 2141; baseline 0.001 -13"><span class='ocrx_word' id='word_1_259' title='bbox 239 2097 307 2130; x_wconf 88' lang='lat' dir='ltr'>illis</span> <span class='ocrx_word' id='word_1_260' title='bbox 324 2109 469 2140; x_wconf 85' lang='lat' dir='ltr'>pacem,</span> <span class='ocrx_word' id='word_1_261' title='bbox 496 2098 590 2130; x_wconf 86' lang='lat' dir='ltr'>unde</span> <span class='ocrx_word' id='word_1_262' title='bbox 617 2103 766 2141; x_wconf 85' lang='lat' dir='ltr'>apparet</span> <span class='ocrx_word' id='word_1_263' title='bbox 793 2109 959 2139; x_wconf 69' lang='lat' dir='ltr'>magnum</span> <span class='ocrx_word' id='word_1_264' title='bbox 988 2097 1092 2130; x_wconf 78' lang='lat' dir='ltr'>fuisse</span> <span class='ocrx_word' id='word_1_265' title='bbox 1115 2103 1145 2130; x_wconf 86' lang='lat' dir='ltr'>et</span> <span class='ocrx_word' id='word_1_266' title='bbox 1174 2110 1232 2141; x_wconf 88' lang='lat' dir='ltr'>pe-</span> 
     </span>
     <span class='ocr_line' id='line_1_41' title="bbox 238 2146 1231 2193; baseline 0.001 -14"><span class='ocrx_word' id='word_1_267' title='bbox 238 2148 443 2181; x_wconf 81' lang='lat' dir='ltr'>riculosum.</span> <span class='ocrx_word' id='word_1_268' title='bbox 525 2148 707 2191; x_wconf 75' lang='lat' dir='ltr'>Oceanum]</span> <span class='ocrx_word' id='word_1_269' title='bbox 736 2146 960 2182; x_wconf 74' lang='lat' dir='ltr'>Mithridates</span> <span class='ocrx_word' id='word_1_270' title='bbox 982 2148 1172 2193; x_wconf 68' lang='lat' dir='ltr'>imperavit</span> <span class='ocrx_word' id='word_1_271' title='bbox 1197 2149 1231 2180; x_wconf 92' lang='lat' dir='ltr'>in</span> 
     </span>
     <span class='ocr_line' id='line_1_42' title="bbox 242 2198 1231 2244; baseline 0 -12"><span class='ocrx_word' id='word_1_272' title='bbox 242 2199 358 2232; x_wconf 85' lang='lat' dir='ltr'>Ponto</span> <span class='ocrx_word' id='word_1_273' title='bbox 375 2198 527 2232; x_wconf 81' lang='lat' dir='ltr'>Euxino.</span> <span class='ocrx_word' id='word_1_274' title='bbox 608 2200 765 2244; x_wconf 74' lang='lat' dir='ltr'>Putaret]</span> <span class='ocrx_word' id='word_1_275' title='bbox 791 2198 926 2232; x_wconf 85' lang='lat' dir='ltr'>Eodem</span> <span class='ocrx_word' id='word_1_276' title='bbox 953 2206 1132 2243; x_wconf 84' lang='lat' dir='ltr'>tempore,</span> <span class='ocrx_word' id='word_1_277' title='bbox 1161 2212 1231 2244; x_wconf 87' lang='lat' dir='ltr'>quo</span> 
     </span>
     <span class='ocr_line' id='line_1_43' title="bbox 240 2249 1231 2294; baseline 0.002 -13"><span class='ocrx_word' id='word_1_278' title='bbox 240 2263 316 2283; x_wconf 84' lang='lat' dir='ltr'>eum</span> <span class='ocrx_word' id='word_1_279' title='bbox 328 2249 536 2283; x_wconf 82' lang='lat' dir='ltr'>Mithridate</span> <span class='ocrx_word' id='word_1_280' title='bbox 553 2250 706 2294; x_wconf 89' lang='lat' dir='ltr'>populus</span> <span class='ocrx_word' id='word_1_281' title='bbox 724 2250 827 2293; x_wconf 79' lang='lat' dir='ltr'>gessit</span> <span class='ocrx_word' id='word_1_282' title='bbox 842 2251 972 2283; x_wconf 78' lang='lat' dir='ltr'>bellum</span> <span class='ocrx_word' id='word_1_283' title='bbox 984 2277 993 2290; x_wconf 85' lang='lat'>,</span> <span class='ocrx_word' id='word_1_284' title='bbox 1020 2251 1086 2283; x_wconf 85' lang='lat' dir='ltr'>snit</span> <span class='ocrx_word' id='word_1_285' title='bbox 1101 2251 1231 2283; x_wconf 81' lang='lat' dir='ltr'>bellum</span> 
     </span>
     <span class='ocr_line' id='line_1_44' title="bbox 241 2300 1234 2348; baseline 0.002 -15"><span class='ocrx_word' id='word_1_286' title='bbox 241 2314 319 2333; x_wconf 87' lang='lat' dir='ltr'>cum</span> <span class='ocrx_word' id='word_1_287' title='bbox 346 2301 503 2334; x_wconf 85' lang='lat' dir='ltr'>Sertorio</span> <span class='ocrx_word' id='word_1_288' title='bbox 530 2301 567 2333; x_wconf 92' lang='lat' dir='ltr'>in</span> <span class='ocrx_word' id='word_1_289' title='bbox 594 2300 833 2348; x_wconf 57' lang='lat' dir='ltr'>Hispaniassf’).</span> <span class='ocrx_word' id='word_1_290' title='bbox 895 2302 984 2335; x_wconf 90' lang='lat' dir='ltr'>Cum</span> <span class='ocrx_word' id='word_1_291' title='bbox 1009 2300 1234 2335; x_wconf 80' lang='lat' dir='ltr'>Mithridates</span> 
     </span>
    </p>
   </div>
   <div class='ocr_carea' id='block_1_3' title="bbox 277 2409 1235 2640">
    <p class='ocr_par' dir='ltr' id='par_1_5' title="bbox 279 2409 712 2439">
     <span class='ocr_line' id='line_1_45' title="bbox 279 2409 712 2439; baseline 0.007 -6"><span class='ocrx_word' id='word_1_292' title='bbox 279 2411 327 2438; x_wconf 72' lang='lat'>63)</span> <span class='ocrx_word' id='word_1_293' title='bbox 346 2409 432 2439; x_wconf 74' lang='lat' dir='ltr'>levia]</span> <span class='ocrx_word' id='word_1_294' title='bbox 452 2412 499 2435; x_wconf 87' lang='lat' dir='ltr'>Ed.</span> <span class='ocrx_word' id='word_1_295' title='bbox 518 2412 592 2436; x_wconf 80' lang='lat'><strong>1568.</strong></span> <span class='ocrx_word' id='word_1_296' title='bbox 612 2411 712 2436; x_wconf 80' lang='lat' dir='ltr'>laevia.</span> 
     </span>
    </p>

    <p class='ocr_par' dir='ltr' id='par_1_6' title="bbox 281 2454 1041 2518">
     <span class='ocr_line' id='line_1_46' title="bbox 281 2454 1041 2483; baseline 0.009 -8"><span class='ocrx_word' id='word_1_297' title='bbox 281 2454 329 2480; x_wconf 71' lang='lat'>64)</span> <span class='ocrx_word' id='word_1_298' title='bbox 353 2455 407 2476; x_wconf 75' lang='lat' dir='ltr'>um:</span> <span class='ocrx_word' id='word_1_299' title='bbox 426 2454 526 2477; x_wconf 70' lang='lat' dir='ltr'>sat-tuin</span> <span class='ocrx_word' id='word_1_300' title='bbox 547 2456 590 2478; x_wconf 79' lang='lat' dir='ltr'>est</span> <span class='ocrx_word' id='word_1_301' title='bbox 609 2460 632 2478; x_wconf 87' lang='lat' dir='ltr'>a.</span> <span class='ocrx_word' id='word_1_302' title='bbox 651 2461 677 2478; x_wconf 89' lang='lat' dir='ltr'>u.</span> <span class='ocrx_word' id='word_1_303' title='bbox 697 2461 718 2478; x_wconf 87' lang='lat' dir='ltr'>c.</span> <span class='ocrx_word' id='word_1_304' title='bbox 734 2454 794 2479; x_wconf 72' lang='lat'>564.</span> <span class='ocrx_word' id='word_1_305' title='bbox 821 2454 894 2483; x_wconf 80' lang='lat'><strong>(190.</strong></span> <span class='ocrx_word' id='word_1_306' title='bbox 909 2459 934 2480; x_wconf 83' lang='lat' dir='ltr'>a.</span> <span class='ocrx_word' id='word_1_307' title='bbox 952 2455 1041 2483; x_wconf 74' lang='lat' dir='ltr'>Chr.)-</span> 
     </span>
     <span class='ocr_line' id='line_1_47' title="bbox 313 2488 631 2518; baseline 0.009 -8"><span class='ocrx_word' id='word_1_308' title='bbox 313 2488 458 2515; x_wconf 71' lang='lat' dir='ltr'>xxxwt,</span> <span class='ocrx_word' id='word_1_309' title='bbox 478 2488 502 2512; x_wconf 87' lang='lat'>7.</span> <span class='ocrx_word' id='word_1_310' title='bbox 522 2489 556 2512; x_wconf 87' lang='grc'>33</span> <span class='ocrx_word' id='word_1_311' title='bbox 573 2496 631 2518; x_wconf 82' lang='lat' dir='ltr'>sqq.</span> 
     </span>
    </p>

    <p class='ocr_par' dir='ltr' id='par_1_7' title="bbox 277 2530 1140 2562">
     <span class='ocr_line' id='line_1_48' title="bbox 277 2530 1140 2562; baseline 0.001 -8"><span class='ocrx_word' id='word_1_312' title='bbox 277 2530 344 2555; x_wconf 65' lang='lat'>6⁴³)</span> <span class='ocrx_word' id='word_1_313' title='bbox 363 2530 535 2559; x_wconf 74' lang='lat' dir='ltr'>Africanum]</span> <span class='ocrx_word' id='word_1_314' title='bbox 555 2531 602 2554; x_wconf 87' lang='lat' dir='ltr'>Ed.</span> <span class='ocrx_word' id='word_1_315' title='bbox 620 2531 692 2555; x_wconf 77' lang='lat'><strong>1568.</strong></span> <span class='ocrx_word' id='word_1_316' title='bbox 713 2537 810 2555; x_wconf 87' lang='lat' dir='ltr'>errore</span> <span class='ocrx_word' id='word_1_317' title='bbox 829 2532 954 2562; x_wconf 60' lang='lat' dir='ltr'>typogn:</span> <span class='ocrx_word' id='word_1_318' title='bbox 979 2531 1140 2556; x_wconf 80' lang='lat' dir='ltr'>Asiaticum.</span> 
     </span>
    </p>

    <p class='ocr_par' dir='ltr' id='par_1_8' title="bbox 279 2572 1235 2640">
     <span class='ocr_line' id='line_1_49' title="bbox 279 2572 1235 2604; baseline 0.005 -10"><span class='ocrx_word' id='word_1_319' title='bbox 279 2572 326 2601; x_wconf 82' lang='grc'>65)</span> <span class='ocrx_word' id='word_1_320' title='bbox 347 2573 410 2595; x_wconf 81' lang='lat' dir='ltr'>t&#39;uni</span> <span class='ocrx_word' id='word_1_321' title='bbox 432 2573 554 2596; x_wconf 61' lang='lat' dir='ltr'>sertorio</span> <span class='ocrx_word' id='word_1_322' title='bbox 582 2574 679 2597; x_wconf 82' lang='lat' dir='ltr'>bellum</span> <span class='ocrx_word' id='word_1_323' title='bbox 705 2574 756 2597; x_wconf 84' lang='lat' dir='ltr'>fuit</span> <span class='ocrx_word' id='word_1_324' title='bbox 781 2580 805 2597; x_wconf 86' lang='lat' dir='ltr'>a.</span> <span class='ocrx_word' id='word_1_325' title='bbox 826 2581 850 2597; x_wconf 86' lang='lat' dir='ltr'>n.</span> <span class='ocrx_word' id='word_1_326' title='bbox 871 2581 893 2599; x_wconf 87' lang='lat' dir='ltr'>c.</span> <span class='ocrx_word' id='word_1_327' title='bbox 909 2575 1068 2599; x_wconf 76' lang='lat'><strong>676—682.</strong></span> <span class='ocrx_word' id='word_1_328' title='bbox 1095 2576 1235 2604; x_wconf 60' lang='lat'>(73-72.</span> 
     </span>
     <span class='ocr_line' id='line_1_50' title="bbox 313 2607 1235 2640; baseline 0.004 -11"><span class='ocrx_word' id='word_1_329' title='bbox 313 2613 336 2630; x_wconf 87' lang='lat' dir='ltr'>a.</span> <span class='ocrx_word' id='word_1_330' title='bbox 355 2607 451 2634; x_wconf 65' lang='lat' dir='ltr'>[tn-.);</span> <span class='ocrx_word' id='word_1_331' title='bbox 483 2613 541 2629; x_wconf 78' lang='lat' dir='ltr'>cum</span> <span class='ocrx_word' id='word_1_332' title='bbox 560 2608 717 2631; x_wconf 81' lang='lat' dir='ltr'>Mithridate</span> <span class='ocrx_word' id='word_1_333' title='bbox 737 2608 791 2631; x_wconf 83' lang='lat' dir='ltr'>tria</span> <span class='ocrx_word' id='word_1_334' title='bbox 810 2609 881 2632; x_wconf 80' lang='lat' dir='ltr'>betta</span> <span class='ocrx_word' id='word_1_335' title='bbox 906 2611 970 2632; x_wconf 85' lang='lat' dir='ltr'>sont</span> <span class='ocrx_word' id='word_1_336' title='bbox 995 2611 1088 2638; x_wconf 63' lang='lat' dir='ltr'>gesta:</span> <span class='ocrx_word' id='word_1_337' title='bbox 1122 2610 1235 2640; x_wconf 81' lang='lat' dir='ltr'>primuni</span> 
     </span>
    </p>
   </div>
   <div class='ocr_carea' id='block_1_4' title="bbox 312 2639 1236 2706">
    <p class='ocr_par' dir='ltr' id='par_1_9' title="bbox 312 2639 1236 2706">
     <span class='ocr_line' id='line_1_51' title="bbox 312 2639 1236 2674; baseline 0.008 -11"><span class='ocrx_word' id='word_1_338' title='bbox 312 2646 335 2664; x_wconf 75' lang='lat' dir='ltr'>a.</span> <span class='ocrx_word' id='word_1_339' title='bbox 353 2647 377 2664; x_wconf 82' lang='grc' dir='ltr'>ιι.</span> <span class='ocrx_word' id='word_1_340' title='bbox 393 2648 414 2664; x_wconf 71' lang='lat' dir='ltr'>c.</span> <span class='ocrx_word' id='word_1_341' title='bbox 429 2640 586 2664; x_wconf 78' lang='lat'><strong>667—670.</strong></span> <span class='ocrx_word' id='word_1_342' title='bbox 605 2641 768 2672; x_wconf 56' lang='lat' dir='ltr'>(in—343,</span> <span class='ocrx_word' id='word_1_343' title='bbox 789 2643 936 2668; x_wconf 82' lang='lat' dir='ltr'>secuudum</span> <span class='ocrx_word' id='word_1_344' title='bbox 955 2639 1128 2674; x_wconf 65' lang='lat' dir='ltr'>(eii—673.</span> <span class='ocrx_word' id='word_1_345' title='bbox 1147 2646 1236 2674; x_wconf 72' lang='lat' dir='ltr'>(sa—-</span> 
     </span>
     <span class='ocr_line' id='line_1_52' title="bbox 313 2674 882 2706; baseline 0.005 -8"><span class='ocrx_word' id='word_1_346' title='bbox 313 2674 388 2706; x_wconf 66' lang='lat' dir='ltr'>st),</span> <span class='ocrx_word' id='word_1_347' title='bbox 414 2674 524 2699; x_wconf 84' lang='lat' dir='ltr'>tertium</span> <span class='ocrx_word' id='word_1_348' title='bbox 542 2675 698 2699; x_wconf 60' lang='lat' dir='ltr'>(iso—691.</span> <span class='ocrx_word' id='word_1_349' title='bbox 718 2676 882 2705; x_wconf 65' lang='lat'>(74-‹33‚).</span> 
     </span>
    </p>
   </div>
   <div class='ocr_carea' id='block_1_5' title="bbox 1083 2455 1232 2480">
    <p class='ocr_par' dir='ltr' id='par_1_10' title="bbox 1083 2455 1232 2480">
     <span class='ocr_line' id='line_1_53' title="bbox 1083 2455 1232 2480; baseline 0.007 -1"><span class='ocrx_word' id='word_1_350' title='bbox 1083 2455 1154 2479; x_wconf 72' lang='lat' dir='ltr'>vide</span> <span class='ocrx_word' id='word_1_351' title='bbox 1175 2455 1232 2480; x_wconf 79' lang='lat' dir='ltr'>Liv.</span> 
     </span>
    </p>
   </div>
   <div class='ocr_carea' id='block_1_6' title="bbox 814 76 1681 117">
    <p class='ocr_par' dir='ltr' id='par_1_11' title="bbox 814 76 1681 117">
     <span class='ocr_line' id='line_1_54' title="bbox 814 76 1681 117; baseline 0.006 -5"><span class='ocrx_word' id='word_1_352' title='bbox 814 77 935 113; x_wconf 78' lang='lat' dir='ltr'><strong>P1111..</strong></span> <span class='ocrx_word' id='word_1_353' title='bbox 965 77 1078 113; x_wconf 81' lang='lat' dir='ltr'>MEL.</span> <span class='ocrx_word' id='word_1_354' title='bbox 1113 76 1316 113; x_wconf 78' lang='lat' dir='ltr'>SCRIPTA</span> <span class='ocrx_word' id='word_1_355' title='bbox 1344 78 1681 117; x_wconf 86' lang='lat' dir='ltr'><strong>PHILOLOGICA.</strong></span> 
     </span>
    </p>
   </div>
   <div class='ocr_carea' id='block_1_7' title="bbox 2158 83 2257 118">
    <p class='ocr_par' dir='ltr' id='par_1_12' title="bbox 2158 83 2257 118">
     <span class='ocr_line' id='line_1_55' title="bbox 2158 83 2257 118; baseline 0 0"><span class='ocrx_word' id='word_1_356' title='bbox 2158 83 2257 118; x_wconf 81' lang='lat'>1080</span> 
     </span>
    </p>
   </div>
   <div class='ocr_carea' id='block_1_8' title="bbox 1270 164 2275 1731">
    <p class='ocr_par' dir='ltr' id='par_1_13' title="bbox 1270 164 2261 360">
     <span class='ocr_line' id='line_1_56' title="bbox 1270 164 2260 211; baseline 0.003 -14"><span class='ocrx_word' id='word_1_357' title='bbox 1270 171 1387 197; x_wconf 84' lang='lat' dir='ltr'>autem</span> <span class='ocrx_word' id='word_1_358' title='bbox 1406 164 1560 206; x_wconf 70' lang='lat' dir='ltr'>videret,</span> <span class='ocrx_word' id='word_1_359' title='bbox 1589 173 1764 211; x_wconf 86' lang='lat' dir='ltr'>qnantum</span> <span class='ocrx_word' id='word_1_360' title='bbox 1780 168 1845 201; x_wconf 81' lang='lat' dir='ltr'>sibi</span> <span class='ocrx_word' id='word_1_361' title='bbox 1870 167 2002 209; x_wconf 74' lang='lat' dir='ltr'>negotii</span> <span class='ocrx_word' id='word_1_362' title='bbox 2028 168 2127 201; x_wconf 86' lang='lat' dir='ltr'>fieret</span> <span class='ocrx_word' id='word_1_363' title='bbox 2152 179 2170 200; x_wconf 87' lang='lat' dir='ltr'>a</span> <span class='ocrx_word' id='word_1_364' title='bbox 2186 167 2260 201; x_wconf 78' lang='lat' dir='ltr'>Ro-</span> 
     </span>
     <span class='ocr_line' id='line_1_57' title="bbox 1270 215 2261 262; baseline 0.003 -15"><span class='ocrx_word' id='word_1_365' title='bbox 1270 215 1404 255; x_wconf 80' lang='lat' dir='ltr'>manis,</span> <span class='ocrx_word' id='word_1_366' title='bbox 1446 216 1609 249; x_wconf 80' lang='lat' dir='ltr'>invitavit</span> <span class='ocrx_word' id='word_1_367' title='bbox 1633 218 1766 251; x_wconf 87' lang='lat' dir='ltr'>socium</span> <span class='ocrx_word' id='word_1_368' title='bbox 1794 219 2004 252; x_wconf 84' lang='lat' dir='ltr'>Sertorium.</span> <span class='ocrx_word' id='word_1_369' title='bbox 2069 218 2119 251; x_wconf 86' lang='lat' dir='ltr'>Ita</span> <span class='ocrx_word' id='word_1_370' title='bbox 2144 230 2261 262; x_wconf 85' lang='lat' dir='ltr'>spera-</span> 
     </span>
     <span class='ocr_line' id='line_1_58' title="bbox 1270 265 2261 313; baseline 0.003 -15"><span class='ocrx_word' id='word_1_371' title='bbox 1270 267 1357 299; x_wconf 86' lang='lat' dir='ltr'>bant</span> <span class='ocrx_word' id='word_1_372' title='bbox 1375 265 1531 299; x_wconf 79' lang='lat' dir='ltr'>Romani</span> <span class='ocrx_word' id='word_1_373' title='bbox 1548 280 1582 301; x_wconf 91' lang='lat' dir='ltr'>se</span> <span class='ocrx_word' id='word_1_374' title='bbox 1601 280 1700 300; x_wconf 89' lang='lat' dir='ltr'>more</span> <span class='ocrx_word' id='word_1_375' title='bbox 1718 268 1928 304; x_wconf 73' lang='lat' dir='ltr'>Hannibalis</span> <span class='ocrx_word' id='word_1_376' title='bbox 1953 271 2076 303; x_wconf 86' lang='lat' dir='ltr'>eodem</span> <span class='ocrx_word' id='word_1_377' title='bbox 2100 276 2261 313; x_wconf 83' lang='lat' dir='ltr'>tempore</span> 
     </span>
     <span class='ocr_line' id='line_1_59' title="bbox 1272 316 1850 360; baseline 0.005 -10"><span class='ocrx_word' id='word_1_378' title='bbox 1272 318 1310 350; x_wconf 88' lang='lat' dir='ltr'>in</span> <span class='ocrx_word' id='word_1_379' title='bbox 1324 316 1423 350; x_wconf 85' lang='lat' dir='ltr'>Italia</span> <span class='ocrx_word' id='word_1_380' title='bbox 1442 324 1599 360; x_wconf 82' lang='lat' dir='ltr'>gesturos</span> <span class='ocrx_word' id='word_1_381' title='bbox 1620 331 1691 352; x_wconf 88' lang='lat' dir='ltr'>esse</span> <span class='ocrx_word' id='word_1_382' title='bbox 1706 319 1850 354; x_wconf 79' lang='lat' dir='ltr'>belluni.</span> 
     </span>
    </p>

    <p class='ocr_par' dir='ltr' id='par_1_14' title="bbox 1274 367 2268 759">
     <span class='ocr_line' id='line_1_60' title="bbox 1375 367 2262 414; baseline 0.001 -13"><span class='ocrx_word' id='word_1_383' title='bbox 1375 367 1405 411; x_wconf 60' lang='grc' dir='ltr'>ξ.</span> <span class='ocrx_word' id='word_1_384' title='bbox 1425 369 1484 403; x_wconf 85' lang='grc'>33.</span> <span class='ocrx_word' id='word_1_385' title='bbox 1515 370 1722 414; x_wconf 74' lang='lat' dir='ltr'>Consulibus]</span> <span class='ocrx_word' id='word_1_386' title='bbox 1751 370 1882 404; x_wconf 77' lang='lat' dir='ltr'>seilicet</span> <span class='ocrx_word' id='word_1_387' title='bbox 1899 372 1947 405; x_wconf 78' lang='lat' dir='ltr'>M.</span> <span class='ocrx_word' id='word_1_388' title='bbox 1964 371 2129 410; x_wconf 73' lang='lat' dir='ltr'>Aurelio,</span> <span class='ocrx_word' id='word_1_389' title='bbox 2159 369 2262 403; x_wconf 78' lang='lat' dir='ltr'>Cotta</span> 
     </span>
     <span class='ocr_line' id='line_1_61' title="bbox 1274 417 2262 468; baseline 0.002 -18"><span class='ocrx_word' id='word_1_390' title='bbox 1274 425 1307 451; x_wconf 85' lang='lat' dir='ltr'>et</span> <span class='ocrx_word' id='word_1_391' title='bbox 1329 417 1370 451; x_wconf 89' lang='lat' dir='ltr'>L.</span> <span class='ocrx_word' id='word_1_392' title='bbox 1392 418 1550 453; x_wconf 80' lang='lat' dir='ltr'>Lucullo,</span> <span class='ocrx_word' id='word_1_393' title='bbox 1631 421 1866 465; x_wconf 74' lang='lat' dir='ltr'>Calamitosue]</span> <span class='ocrx_word' id='word_1_394' title='bbox 1902 422 1939 455; x_wconf 83' lang='lat' dir='ltr'>ln</span> <span class='ocrx_word' id='word_1_395' title='bbox 1965 436 2032 468; x_wconf 88' lang='lat' dir='ltr'>qua</span> <span class='ocrx_word' id='word_1_396' title='bbox 2060 433 2177 465; x_wconf 80' lang='lat' dir='ltr'>pugna</span> <span class='ocrx_word' id='word_1_397' title='bbox 2194 420 2262 453; x_wconf 89' lang='lat' dir='ltr'>Mi-</span> 
     </span>
     <span class='ocr_line' id='line_1_62' title="bbox 1276 467 2264 516; baseline 0.002 -14"><span class='ocrx_word' id='word_1_398' title='bbox 1276 467 1444 504; x_wconf 86' lang='lat' dir='ltr'>thridates</span> <span class='ocrx_word' id='word_1_399' title='bbox 1469 471 1586 504; x_wconf 86' lang='lat' dir='ltr'>amisit</span> <span class='ocrx_word' id='word_1_400' title='bbox 1610 472 1843 516; x_wconf 63' lang='lat' dir='ltr'>qnadraginta</span> <span class='ocrx_word' id='word_1_401' title='bbox 1869 473 1976 505; x_wconf 84' lang='lat' dir='ltr'>millia</span> <span class='ocrx_word' id='word_1_402' title='bbox 2000 473 2173 512; x_wconf 87' lang='lat' dir='ltr'>militum,</span> <span class='ocrx_word' id='word_1_403' title='bbox 2198 483 2264 504; x_wconf 88' lang='lat' dir='ltr'>nec</span> 
     </span>
     <span class='ocr_line' id='line_1_63' title="bbox 1276 522 2265 565; baseline 0.001 -12"><span class='ocrx_word' id='word_1_404' title='bbox 1276 527 1395 553; x_wconf 87' lang='lat' dir='ltr'>tamen</span> <span class='ocrx_word' id='word_1_405' title='bbox 1419 533 1598 565; x_wconf 87' lang='lat' dir='ltr'>repressus</span> <span class='ocrx_word' id='word_1_406' title='bbox 1623 528 1683 555; x_wconf 86' lang='lat' dir='ltr'>est.</span> <span class='ocrx_word' id='word_1_407' title='bbox 1728 522 1885 554; x_wconf 83' lang='lat' dir='ltr'>Tantum</span> <span class='ocrx_word' id='word_1_408' title='bbox 1911 524 2039 556; x_wconf 61' lang='lat' dir='ltr'>virium</span> <span class='ocrx_word' id='word_1_409' title='bbox 2065 530 2099 556; x_wconf 91' lang='lat' dir='ltr'>et</span> <span class='ocrx_word' id='word_1_410' title='bbox 2124 522 2265 556; x_wconf 81' lang='lat' dir='ltr'>roboris</span> 
     </span>
     <span class='ocr_line' id='line_1_64' title="bbox 1275 570 2267 618; baseline 0.002 -14"><span class='ocrx_word' id='word_1_411' title='bbox 1275 570 1399 605; x_wconf 80' lang='lat' dir='ltr'>hahuit.</span> <span class='ocrx_word' id='word_1_412' title='bbox 1415 572 1471 604; x_wconf 90' lang='lat' dir='ltr'>ille</span> <span class='ocrx_word' id='word_1_413' title='bbox 1488 585 1558 606; x_wconf 86' lang='lat' dir='ltr'>rex.</span> <span class='ocrx_word' id='word_1_414' title='bbox 1634 574 1751 617; x_wconf 72' lang='lat' dir='ltr'>Reye’s]</span> <span class='ocrx_word' id='word_1_415' title='bbox 1778 573 1909 606; x_wconf 78' lang='lat' dir='ltr'>seilicet</span> <span class='ocrx_word' id='word_1_416' title='bbox 1927 574 2117 618; x_wconf 76' lang='lat' dir='ltr'>Tigranae.</span> <span class='ocrx_word' id='word_1_417' title='bbox 2163 574 2267 607; x_wconf 88' lang='lat' dir='ltr'>Post-</span> 
     </span>
     <span class='ocr_line' id='line_1_65' title="bbox 1277 623 2264 668; baseline 0 -13"><span class='ocrx_word' id='word_1_418' title='bbox 1277 636 1382 668; x_wconf 86' lang='lat' dir='ltr'>quam</span> <span class='ocrx_word' id='word_1_419' title='bbox 1401 623 1494 655; x_wconf 88' lang='lat' dir='ltr'>enim</span> <span class='ocrx_word' id='word_1_420' title='bbox 1514 636 1567 656; x_wconf 89' lang='lat' dir='ltr'>res</span> <span class='ocrx_word' id='word_1_421' title='bbox 1583 636 1666 656; x_wconf 86' lang='lat' dir='ltr'>suae</span> <span class='ocrx_word' id='word_1_422' title='bbox 1682 625 1825 657; x_wconf 86' lang='lat' dir='ltr'>suerunt</span> <span class='ocrx_word' id='word_1_423' title='bbox 1848 624 2018 664; x_wconf 80' lang='lat' dir='ltr'>afflictae,</span> <span class='ocrx_word' id='word_1_424' title='bbox 2053 625 2201 657; x_wconf 85' lang='lat' dir='ltr'>contulit</span> <span class='ocrx_word' id='word_1_425' title='bbox 2229 636 2264 657; x_wconf 89' lang='lat' dir='ltr'>se</span> 
     </span>
     <span class='ocr_line' id='line_1_66' title="bbox 1278 672 2268 721; baseline 0 -15"><span class='ocrx_word' id='word_1_426' title='bbox 1278 675 1321 706; x_wconf 87' lang='lat' dir='ltr'>ad</span> <span class='ocrx_word' id='word_1_427' title='bbox 1345 687 1463 717; x_wconf 75' lang='lat' dir='ltr'>regem</span> <span class='ocrx_word' id='word_1_428' title='bbox 1488 673 1750 721; x_wconf 66' lang='lat' dir='ltr'>Tigrauemffi).</span> <span class='ocrx_word' id='word_1_429' title='bbox 1834 675 1938 721; x_wconf 70' lang='lat' dir='ltr'>Reye]</span> <span class='ocrx_word' id='word_1_430' title='bbox 1974 676 2104 710; x_wconf 82' lang='lat' dir='ltr'>seilicet</span> <span class='ocrx_word' id='word_1_431' title='bbox 2126 672 2268 708; x_wconf 85' lang='lat' dir='ltr'>Mithri-</span> 
     </span>
     <span class='ocr_line' id='line_1_67' title="bbox 1278 727 1369 759; baseline 0.011 -1"><span class='ocrx_word' id='word_1_432' title='bbox 1278 727 1369 759; x_wconf 86' lang='lat' dir='ltr'>date.</span> 
     </span>
    </p>

    <p class='ocr_par' dir='ltr' id='par_1_15' title="bbox 1278 774 2272 1277">
     <span class='ocr_line' id='line_1_68' title="bbox 1380 774 2267 820; baseline 0 -12"><span class='ocrx_word' id='word_1_433' title='bbox 1380 774 1564 820; x_wconf 67' lang='lat' dir='ltr'>Cap.XVI.</span> <span class='ocrx_word' id='word_1_434' title='bbox 1584 774 1612 819; x_wconf 61' lang='grc' dir='ltr'><strong>ἓ</strong></span> <span class='ocrx_word' id='word_1_435' title='bbox 1625 775 1684 810; x_wconf 82' lang='grc'>34.</span> <span class='ocrx_word' id='word_1_436' title='bbox 1712 777 1773 810; x_wconf 73' lang='lat' dir='ltr'>Ille</span> <span class='ocrx_word' id='word_1_437' title='bbox 1792 775 1870 820; x_wconf 66' lang='lat' dir='ltr'>rar]</span> <span class='ocrx_word' id='word_1_438' title='bbox 1889 774 2267 810; x_wconf 80' lang='lat' dir='ltr'>scilicetMithridates.</span> 
     </span>
     <span class='ocr_line' id='line_1_69' title="bbox 1278 826 2269 872; baseline -0.001 -13"><span class='ocrx_word' id='word_1_439' title='bbox 1278 826 1448 871; x_wconf 81' lang='lat' dir='ltr'>Magnum</span> <span class='ocrx_word' id='word_1_440' title='bbox 1464 827 1529 859; x_wconf 89' lang='lat' dir='ltr'>suit</span> <span class='ocrx_word' id='word_1_441' title='bbox 1544 827 1690 867; x_wconf 81' lang='lat' dir='ltr'>bellum,</span> <span class='ocrx_word' id='word_1_442' title='bbox 1721 827 1801 872; x_wconf 84' lang='lat' dir='ltr'>quia</span> <span class='ocrx_word' id='word_1_443' title='bbox 1822 826 1976 859; x_wconf 74' lang='lat' dir='ltr'>excreuit</span> <span class='ocrx_word' id='word_1_444' title='bbox 1989 840 2112 861; x_wconf 88' lang='lat' dir='ltr'>omnes</span> <span class='ocrx_word' id='word_1_445' title='bbox 2127 833 2269 860; x_wconf 81' lang='lat' dir='ltr'>nostros</span> 
     </span>
     <span class='ocr_line' id='line_1_70' title="bbox 1279 877 2271 923; baseline -0.001 -13"><span class='ocrx_word' id='word_1_446' title='bbox 1279 879 1511 922; x_wconf 85' lang='lat' dir='ltr'>imperatores</span> <span class='ocrx_word' id='word_1_447' title='bbox 1530 878 1661 923; x_wconf 51' lang='lat' dir='ltr'>Syllam</span> <span class='ocrx_word' id='word_1_448' title='bbox 1674 905 1682 918; x_wconf 88' lang='lat'>‚</span> <span class='ocrx_word' id='word_1_449' title='bbox 1709 884 1743 910; x_wconf 85' lang='lat' dir='ltr'>et</span> <span class='ocrx_word' id='word_1_450' title='bbox 1760 877 1928 911; x_wconf 82' lang='lat' dir='ltr'>Mnrenas</span> <span class='ocrx_word' id='word_1_451' title='bbox 1946 877 2271 922; x_wconf 84' lang='lat' dir='ltr'>praestantissimos</span> 
     </span>
     <span class='ocr_line' id='line_1_71' title="bbox 1280 927 2270 969; baseline 0 -8"><span class='ocrx_word' id='word_1_452' title='bbox 1280 930 1394 969; x_wconf 66' lang='lat' dir='ltr'>xii-os,</span> <span class='ocrx_word' id='word_1_453' title='bbox 1436 935 1469 962; x_wconf 87' lang='lat' dir='ltr'>et</span> <span class='ocrx_word' id='word_1_454' title='bbox 1493 927 1560 961; x_wconf 86' lang='lat' dir='ltr'>hoe</span> <span class='ocrx_word' id='word_1_455' title='bbox 1584 935 1635 961; x_wconf 83' lang='lat' dir='ltr'>est</span> <span class='ocrx_word' id='word_1_456' title='bbox 1660 930 1880 961; x_wconf 70' lang='lat' dir='ltr'>antecedens.</span> <span class='ocrx_word' id='word_1_457' title='bbox 1966 930 2066 963; x_wconf 75' lang='lat' dir='ltr'>Hunc</span> <span class='ocrx_word' id='word_1_458' title='bbox 2086 935 2121 963; x_wconf 73' lang='lat' dir='ltr'>iu</span> <span class='ocrx_word' id='word_1_459' title='bbox 2144 930 2270 962; x_wconf 70' lang='lat' dir='ltr'>hostem</span> 
     </span>
     <span class='ocr_line' id='line_1_72' title="bbox 1281 976 2270 1025; baseline -0.004 -11"><span class='ocrx_word' id='word_1_460' title='bbox 1281 981 1374 1025; x_wconf 73' lang='lat' dir='ltr'>Calo]</span> <span class='ocrx_word' id='word_1_461' title='bbox 1404 979 1648 1024; x_wconf 73' lang='lat' dir='ltr'>Consequens:</span> <span class='ocrx_word' id='word_1_462' title='bbox 1676 978 1770 1021; x_wconf 76' lang='lat' dir='ltr'>Ergo</span> <span class='ocrx_word' id='word_1_463' title='bbox 1797 980 1854 1011; x_wconf 89' lang='lat' dir='ltr'>ille</span> <span class='ocrx_word' id='word_1_464' title='bbox 1877 976 1987 1011; x_wconf 87' lang='lat' dir='ltr'>hostis</span> <span class='ocrx_word' id='word_1_465' title='bbox 2012 992 2086 1012; x_wconf 88' lang='lat' dir='ltr'>non</span> <span class='ocrx_word' id='word_1_466' title='bbox 2111 986 2162 1014; x_wconf 83' lang='lat' dir='ltr'>est.</span> <span class='ocrx_word' id='word_1_467' title='bbox 2187 990 2270 1012; x_wconf 85' lang='lat' dir='ltr'>con-</span> 
     </span>
     <span class='ocr_line' id='line_1_73' title="bbox 1554 1028 2270 1073; baseline 0 -12"><span class='ocrx_word' id='word_1_468' title='bbox 1554 1029 1773 1073; x_wconf 83' lang='lat' dir='ltr'>Applieatio:</span> <span class='ocrx_word' id='word_1_469' title='bbox 1807 1028 1962 1062; x_wconf 80' lang='lat' dir='ltr'>Asiatica</span> <span class='ocrx_word' id='word_1_470' title='bbox 1982 1028 2075 1062; x_wconf 89' lang='lat' dir='ltr'>bella</span> <span class='ocrx_word' id='word_1_471' title='bbox 2098 1042 2172 1062; x_wconf 88' lang='lat' dir='ltr'>non</span> <span class='ocrx_word' id='word_1_472' title='bbox 2187 1035 2270 1063; x_wconf 84' lang='lat' dir='ltr'>sunt</span> 
     </span>
     <span class='ocr_line' id='line_1_74' title="bbox 1281 1079 2271 1125; baseline 0 -12"><span class='ocrx_word' id='word_1_473' title='bbox 1281 1081 1560 1120; x_wconf 80' lang='lat' dir='ltr'>contemnenda,</span> <span class='ocrx_word' id='word_1_474' title='bbox 1603 1080 1685 1125; x_wconf 87' lang='lat' dir='ltr'>qnia</span> <span class='ocrx_word' id='word_1_475' title='bbox 1721 1080 1833 1113; x_wconf 86' lang='lat' dir='ltr'>nostri</span> <span class='ocrx_word' id='word_1_476' title='bbox 1868 1079 2102 1123; x_wconf 84' lang='lat' dir='ltr'>imperatores</span> <span class='ocrx_word' id='word_1_477' title='bbox 2133 1079 2271 1123; x_wconf 85' lang='lat' dir='ltr'>magnis</span> 
     </span>
     <span class='ocr_line' id='line_1_75' title="bbox 1281 1129 2271 1175; baseline -0.003 -10"><span class='ocrx_word' id='word_1_478' title='bbox 1281 1132 1437 1165; x_wconf 81' lang='lat' dir='ltr'>cladibus</span> <span class='ocrx_word' id='word_1_479' title='bbox 1454 1143 1555 1175; x_wconf 88' lang='lat' dir='ltr'>saepe</span> <span class='ocrx_word' id='word_1_480' title='bbox 1572 1130 1687 1163; x_wconf 73' lang='lat' dir='ltr'>ass&#39;eeti</span> <span class='ocrx_word' id='word_1_481' title='bbox 1705 1137 1797 1170; x_wconf 87' lang='lat' dir='ltr'>sunt,</span> <span class='ocrx_word' id='word_1_482' title='bbox 1825 1136 1859 1163; x_wconf 89' lang='lat' dir='ltr'>et</span> <span class='ocrx_word' id='word_1_483' title='bbox 1873 1129 2119 1164; x_wconf 81' lang='lat' dir='ltr'>Mithridatem</span> <span class='ocrx_word' id='word_1_484' title='bbox 2134 1130 2271 1173; x_wconf 80' lang='lat' dir='ltr'>magnis</span> 
     </span>
     <span class='ocr_line' id='line_1_76' title="bbox 1281 1181 2272 1226; baseline -0.002 -10"><span class='ocrx_word' id='word_1_485' title='bbox 1281 1183 1438 1216; x_wconf 83' lang='lat' dir='ltr'>cladibus</span> <span class='ocrx_word' id='word_1_486' title='bbox 1471 1182 1634 1215; x_wconf 74' lang='lat' dir='ltr'>asl&#39;eetmn</span> <span class='ocrx_word' id='word_1_487' title='bbox 1666 1187 1785 1214; x_wconf 83' lang='lat' dir='ltr'>tamen</span> <span class='ocrx_word' id='word_1_488' title='bbox 1813 1194 1885 1213; x_wconf 94' lang='lat' dir='ltr'>non</span> <span class='ocrx_word' id='word_1_489' title='bbox 1913 1181 2115 1225; x_wconf 73' lang='lat' dir='ltr'>opprhnere</span> <span class='ocrx_word' id='word_1_490' title='bbox 2148 1187 2272 1226; x_wconf 84' lang='lat' dir='ltr'>potue-</span> 
     </span>
     <span class='ocr_line' id='line_1_77' title="bbox 1279 1230 2188 1277; baseline -0.001 -10"><span class='ocrx_word' id='word_1_491' title='bbox 1279 1241 1380 1267; x_wconf 85' lang='lat' dir='ltr'>runt:</span> <span class='ocrx_word' id='word_1_492' title='bbox 1411 1245 1493 1277; x_wconf 84' lang='lat' dir='ltr'>ergo</span> <span class='ocrx_word' id='word_1_493' title='bbox 1512 1245 1586 1265; x_wconf 90' lang='lat' dir='ltr'>non</span> <span class='ocrx_word' id='word_1_494' title='bbox 1606 1233 1776 1266; x_wconf 83' lang='lat' dir='ltr'>iudicabis</span> <span class='ocrx_word' id='word_1_495' title='bbox 1793 1245 1851 1265; x_wconf 90' lang='lat' dir='ltr'>eos</span> <span class='ocrx_word' id='word_1_496' title='bbox 1872 1230 2033 1264; x_wconf 84' lang='lat' dir='ltr'>homines</span> <span class='ocrx_word' id='word_1_497' title='bbox 2051 1233 2188 1266; x_wconf 85' lang='lat' dir='ltr'>molles.</span> 
     </span>
    </p>

    <p class='ocr_par' dir='ltr' id='par_1_16' title="bbox 1280 1282 2275 1731">
     <span class='ocr_line' id='line_1_78' title="bbox 1385 1282 2271 1329; baseline -0.001 -12"><span class='ocrx_word' id='word_1_498' title='bbox 1385 1284 1470 1329; x_wconf 86' lang='lat' dir='ltr'>Cap.</span> <span class='ocrx_word' id='word_1_499' title='bbox 1494 1283 1599 1318; x_wconf 60' lang='lat' dir='ltr'><strong>XVII.</strong></span> <span class='ocrx_word' id='word_1_500' title='bbox 1635 1283 1664 1328; x_wconf 56' lang='grc' dir='ltr'>ξ.</span> <span class='ocrx_word' id='word_1_501' title='bbox 1687 1282 1746 1317; x_wconf 85' lang='grc'>35.</span> <span class='ocrx_word' id='word_1_502' title='bbox 1791 1286 1837 1317; x_wconf 76' lang='lat' dir='ltr'>A(</span> <span class='ocrx_word' id='word_1_503' title='bbox 1858 1283 1964 1328; x_wconf 72' lang='lat' dir='ltr'>enim]</span> <span class='ocrx_word' id='word_1_504' title='bbox 2000 1282 2143 1317; x_wconf 81' lang='lat' dir='ltr'>Primus</span> <span class='ocrx_word' id='word_1_505' title='bbox 2173 1284 2271 1316; x_wconf 87' lang='lat' dir='ltr'>locus</span> 
     </span>
     <span class='ocr_line' id='line_1_79' title="bbox 1280 1334 2273 1379; baseline -0.003 -10"><span class='ocrx_word' id='word_1_506' title='bbox 1280 1336 1345 1369; x_wconf 85' lang='lat' dir='ltr'>suit</span> <span class='ocrx_word' id='word_1_507' title='bbox 1363 1337 1404 1368; x_wconf 86' lang='lat' dir='ltr'>de</span> <span class='ocrx_word' id='word_1_508' title='bbox 1424 1335 1622 1369; x_wconf 82' lang='lat' dir='ltr'>nobilitate.</span> <span class='ocrx_word' id='word_1_509' title='bbox 1674 1334 1834 1367; x_wconf 83' lang='lat' dir='ltr'>Secunda</span> <span class='ocrx_word' id='word_1_510' title='bbox 1861 1335 1903 1366; x_wconf 86' lang='lat' dir='ltr'>de</span> <span class='ocrx_word' id='word_1_511' title='bbox 1927 1339 2128 1379; x_wconf 77' lang='lat' dir='ltr'>quaestura.</span> <span class='ocrx_word' id='word_1_512' title='bbox 2183 1334 2273 1367; x_wconf 91' lang='lat' dir='ltr'>Ter-</span> 
     </span>
     <span class='ocr_line' id='line_1_80' title="bbox 1281 1384 2274 1420; baseline 0 0"><span class='ocrx_word' id='word_1_513' title='bbox 1281 1388 1330 1420; x_wconf 84' lang='lat' dir='ltr'>tIo</span> <span class='ocrx_word' id='word_1_514' title='bbox 1362 1387 1502 1419; x_wconf 77' lang='lat' dir='ltr'>collatio</span> <span class='ocrx_word' id='word_1_515' title='bbox 1533 1385 1697 1419; x_wconf 86' lang='lat' dir='ltr'>militaris</span> <span class='ocrx_word' id='word_1_516' title='bbox 1730 1385 1895 1419; x_wconf 82' lang='lat' dir='ltr'>scientiae</span> <span class='ocrx_word' id='word_1_517' title='bbox 1920 1397 1999 1418; x_wconf 89' lang='lat' dir='ltr'>cum</span> <span class='ocrx_word' id='word_1_518' title='bbox 2026 1384 2103 1419; x_wconf 85' lang='lat' dir='ltr'>aliis</span> <span class='ocrx_word' id='word_1_519' title='bbox 2127 1384 2274 1420; x_wconf 79' lang='lat' dir='ltr'>artibus.</span> 
     </span>
     <span class='ocr_line' id='line_1_81' title="bbox 1282 1435 2275 1483; baseline -0.004 -11"><span class='ocrx_word' id='word_1_520' title='bbox 1282 1440 1439 1483; x_wconf 83' lang='lat' dir='ltr'>Quartus</span> <span class='ocrx_word' id='word_1_521' title='bbox 1477 1438 1575 1471; x_wconf 81' lang='lat' dir='ltr'>loeus</span> <span class='ocrx_word' id='word_1_522' title='bbox 1616 1435 1723 1469; x_wconf 82' lang='lat' dir='ltr'>habet</span> <span class='ocrx_word' id='word_1_523' title='bbox 1757 1435 2037 1469; x_wconf 82' lang='lat' dir='ltr'>confutationem</span> <span class='ocrx_word' id='word_1_524' title='bbox 2072 1436 2275 1480; x_wconf 78' lang='lat' dir='ltr'>argumenti</span> 
     </span>
     <span class='ocr_line' id='line_1_82' title="bbox 1283 1488 2272 1532; baseline -0.004 -9"><span class='ocrx_word' id='word_1_525' title='bbox 1283 1489 1413 1523; x_wconf 68' lang='lat' dir='ltr'>Servii:</span> <span class='ocrx_word' id='word_1_526' title='bbox 1441 1488 1547 1521; x_wconf 85' lang='lat' dir='ltr'>Prior</span> <span class='ocrx_word' id='word_1_527' title='bbox 1570 1489 1681 1521; x_wconf 82' lang='lat' dir='ltr'>sactus</span> <span class='ocrx_word' id='word_1_528' title='bbox 1706 1493 1757 1521; x_wconf 79' lang='lat' dir='ltr'>est</span> <span class='ocrx_word' id='word_1_529' title='bbox 1784 1493 1947 1531; x_wconf 86' lang='lat' dir='ltr'>praetor,</span> <span class='ocrx_word' id='word_1_530' title='bbox 1982 1499 2065 1531; x_wconf 82' lang='lat' dir='ltr'>ergo</span> <span class='ocrx_word' id='word_1_531' title='bbox 2090 1488 2190 1532; x_wconf 89' lang='lat' dir='ltr'>prior</span> <span class='ocrx_word' id='word_1_532' title='bbox 2213 1488 2272 1520; x_wconf 87' lang='lat' dir='ltr'>de—</span> 
     </span>
     <span class='ocr_line' id='line_1_83' title="bbox 1282 1536 2274 1582; baseline -0.002 -9"><span class='ocrx_word' id='word_1_533' title='bbox 1282 1541 1358 1574; x_wconf 76' lang='lat' dir='ltr'>buit</span> <span class='ocrx_word' id='word_1_534' title='bbox 1375 1540 1450 1573; x_wconf 82' lang='lat' dir='ltr'>fieri</span> <span class='ocrx_word' id='word_1_535' title='bbox 1472 1540 1605 1573; x_wconf 84' lang='lat' dir='ltr'>consul.</span> <span class='ocrx_word' id='word_1_536' title='bbox 1665 1538 1788 1572; x_wconf 89' lang='lat' dir='ltr'>Cicero</span> <span class='ocrx_word' id='word_1_537' title='bbox 1815 1545 1920 1581; x_wconf 76' lang='lat' dir='ltr'>negat</span> <span class='ocrx_word' id='word_1_538' title='bbox 1944 1536 2010 1571; x_wconf 85' lang='lat' dir='ltr'>hoe</span> <span class='ocrx_word' id='word_1_539' title='bbox 2035 1545 2200 1582; x_wconf 85' lang='lat' dir='ltr'>oportere</span> <span class='ocrx_word' id='word_1_540' title='bbox 2220 1549 2274 1572; x_wconf 87' lang='lat' dir='ltr'>se-</span> 
     </span>
     <span class='ocr_line' id='line_1_84' title="bbox 1283 1589 2273 1637; baseline -0.001 -14"><span class='ocrx_word' id='word_1_541' title='bbox 1283 1593 1364 1637; x_wconf 83' lang='lat' dir='ltr'>qui,</span> <span class='ocrx_word' id='word_1_542' title='bbox 1393 1591 1475 1636; x_wconf 85' lang='lat' dir='ltr'>qnia</span> <span class='ocrx_word' id='word_1_543' title='bbox 1497 1591 1648 1623; x_wconf 78' lang='lat' dir='ltr'>liberum</span> <span class='ocrx_word' id='word_1_544' title='bbox 1666 1590 1710 1623; x_wconf 85' lang='lat' dir='ltr'>sit</span> <span class='ocrx_word' id='word_1_545' title='bbox 1728 1590 1861 1633; x_wconf 86' lang='lat' dir='ltr'>populo</span> <span class='ocrx_word' id='word_1_546' title='bbox 1887 1589 2049 1622; x_wconf 86' lang='lat' dir='ltr'>ordinem</span> <span class='ocrx_word' id='word_1_547' title='bbox 2073 1589 2172 1622; x_wconf 88' lang='lat' dir='ltr'>illum</span> <span class='ocrx_word' id='word_1_548' title='bbox 2199 1601 2273 1622; x_wconf 88' lang='lat' dir='ltr'>non</span> 
     </span>
     <span class='ocr_line' id='line_1_85' title="bbox 1283 1640 2274 1685; baseline -0.002 -12"><span class='ocrx_word' id='word_1_549' title='bbox 1283 1644 1482 1674; x_wconf 77' lang='lat' dir='ltr'>observare.</span> <span class='ocrx_word' id='word_1_550' title='bbox 1536 1642 1662 1673; x_wconf 80' lang='lat' dir='ltr'>Postea</span> <span class='ocrx_word' id='word_1_551' title='bbox 1684 1641 1778 1672; x_wconf 83' lang='lat' dir='ltr'>addit</span> <span class='ocrx_word' id='word_1_552' title='bbox 1798 1653 1937 1679; x_wconf 87' lang='lat' dir='ltr'>causas,</span> <span class='ocrx_word' id='word_1_553' title='bbox 1973 1652 2083 1685; x_wconf 80' lang='lat' dir='ltr'>quare</span> <span class='ocrx_word' id='word_1_554' title='bbox 2108 1640 2144 1673; x_wconf 83' lang='lat' dir='ltr'>in</span> <span class='ocrx_word' id='word_1_555' title='bbox 2172 1653 2274 1684; x_wconf 83' lang='lat' dir='ltr'>prae-</span> 
     </span>
     <span class='ocr_line' id='line_1_86' title="bbox 1283 1691 2274 1731; baseline -0.001 -7"><span class='ocrx_word' id='word_1_556' title='bbox 1283 1700 1361 1725; x_wconf 80' lang='lat' dir='ltr'>tura</span> <span class='ocrx_word' id='word_1_557' title='bbox 1379 1693 1554 1724; x_wconf 75' lang='lat' dir='ltr'>minorem</span> <span class='ocrx_word' id='word_1_558' title='bbox 1575 1691 1736 1724; x_wconf 70' lang='lat' dir='ltr'>habuerit</span> <span class='ocrx_word' id='word_1_559' title='bbox 1753 1692 2112 1731; x_wconf 80' lang='lat' dir='ltr'>coinmendationem‚</span> <span class='ocrx_word' id='word_1_560' title='bbox 2137 1691 2172 1723; x_wconf 90' lang='lat' dir='ltr'>in</span> <span class='ocrx_word' id='word_1_561' title='bbox 2191 1703 2274 1723; x_wconf 86' lang='lat' dir='ltr'>eon-</span> 
     </span>
    </p>
   </div>
   <div class='ocr_carea' id='block_1_9' title="bbox 1281 1031 1501 1063">
    <p class='ocr_par' dir='ltr' id='par_1_17' title="bbox 1281 1031 1501 1063">
     <span class='ocr_line' id='line_1_87' title="bbox 1281 1031 1501 1063; baseline 0 0"><span class='ocrx_word' id='word_1_562' title='bbox 1281 1031 1501 1063; x_wconf 83' lang='lat' dir='ltr'>temnendus.</span> 
     </span>
    </p>
   </div>
   <div class='ocr_carea' id='block_1_10' title="bbox 1282 1742 2274 1788">
    <p class='ocr_par' dir='ltr' id='par_1_18' title="bbox 1282 1742 2274 1788">
     <span class='ocr_line' id='line_1_88' title="bbox 1282 1742 2274 1788; baseline -0.001 -12"><span class='ocrx_word' id='word_1_563' title='bbox 1282 1744 1397 1777; x_wconf 77' lang='lat' dir='ltr'>sul-:tu</span> <span class='ocrx_word' id='word_1_564' title='bbox 1418 1756 1500 1775; x_wconf 71' lang='lat' dir='ltr'>xero</span> <span class='ocrx_word' id='word_1_565' title='bbox 1521 1744 1703 1776; x_wconf 85' lang='lat' dir='ltr'>maiorem.</span> <span class='ocrx_word' id='word_1_566' title='bbox 1759 1743 1892 1774; x_wconf 79' lang='lat' dir='ltr'>Harum</span> <span class='ocrx_word' id='word_1_567' title='bbox 1912 1743 2019 1774; x_wconf 85' lang='lat' dir='ltr'>altera</span> <span class='ocrx_word' id='word_1_568' title='bbox 2039 1748 2109 1782; x_wconf 73' lang='lat' dir='ltr'>est,</span> <span class='ocrx_word' id='word_1_569' title='bbox 2137 1743 2217 1788; x_wconf 82' lang='lat' dir='ltr'>quia</span> <span class='ocrx_word' id='word_1_570' title='bbox 2237 1742 2274 1775; x_wconf 87' lang='lat' dir='ltr'>in</span> 
     </span>
    </p>
   </div>
   <div class='ocr_carea' id='block_1_11' title="bbox 1285 1844 2276 1939">
    <p class='ocr_par' dir='ltr' id='par_1_19' title="bbox 1285 1844 2276 1939">
     <span class='ocr_line' id='line_1_89' title="bbox 1286 1844 2276 1890; baseline -0.001 -12"><span class='ocrx_word' id='word_1_571' title='bbox 1286 1853 1377 1885; x_wconf 87' lang='lat' dir='ltr'>tera,</span> <span class='ocrx_word' id='word_1_572' title='bbox 1406 1846 1488 1890; x_wconf 88' lang='lat' dir='ltr'>qnia</span> <span class='ocrx_word' id='word_1_573' title='bbox 1507 1845 1542 1877; x_wconf 94' lang='lat' dir='ltr'>in</span> <span class='ocrx_word' id='word_1_574' title='bbox 1568 1845 1737 1889; x_wconf 88' lang='lat' dir='ltr'>petitione</span> <span class='ocrx_word' id='word_1_575' title='bbox 1760 1851 1946 1888; x_wconf 81' lang='lat' dir='ltr'>praeturae</span> <span class='ocrx_word' id='word_1_576' title='bbox 1969 1845 2129 1877; x_wconf 87' lang='lat' dir='ltr'>nondum</span> <span class='ocrx_word' id='word_1_577' title='bbox 2152 1844 2276 1878; x_wconf 77' lang='lat' dir='ltr'>aderat</span> 
     </span>
     <span class='ocr_line' id='line_1_90' title="bbox 1285 1895 2273 1939; baseline 0 -10"><span class='ocrx_word' id='word_1_578' title='bbox 1285 1897 1471 1934; x_wconf 71' lang='lat' dir='ltr'>exercitus3</span> <span class='ocrx_word' id='word_1_579' title='bbox 1498 1908 1590 1928; x_wconf 80' lang='lat' dir='ltr'>nune.</span> <span class='ocrx_word' id='word_1_580' title='bbox 1610 1902 1726 1928; x_wconf 80' lang='lat' dir='ltr'>autem</span> <span class='ocrx_word' id='word_1_581' title='bbox 1744 1895 1779 1927; x_wconf 90' lang='lat' dir='ltr'>in</span> <span class='ocrx_word' id='word_1_582' title='bbox 1798 1895 1967 1939; x_wconf 82' lang='lat' dir='ltr'>petitione</span> <span class='ocrx_word' id='word_1_583' title='bbox 1985 1895 2187 1929; x_wconf 86' lang='lat' dir='ltr'>consulatus</span> <span class='ocrx_word' id='word_1_584' title='bbox 2213 1898 2273 1929; x_wconf 79' lang='lat' dir='ltr'>ad-</span> 
     </span>
    </p>
   </div>
   <div class='ocr_carea' id='block_1_12' title="bbox 1284 1794 2162 1839">
    <p class='ocr_par' dir='ltr' id='par_1_20' title="bbox 1284 1794 2162 1839">
     <span class='ocr_line' id='line_1_91' title="bbox 1284 1794 2162 1839; baseline 0.001 -14"><span class='ocrx_word' id='word_1_585' title='bbox 1284 1795 1455 1839; x_wconf 80' lang='lat' dir='ltr'>petitione</span> <span class='ocrx_word' id='word_1_586' title='bbox 1474 1801 1660 1838; x_wconf 83' lang='lat' dir='ltr'>praetnrae</span> <span class='ocrx_word' id='word_1_587' title='bbox 1681 1795 1837 1825; x_wconf 88' lang='lat' dir='ltr'>nondum</span> <span class='ocrx_word' id='word_1_588' title='bbox 1857 1794 2002 1825; x_wconf 76' lang='lat' dir='ltr'>dederat</span> <span class='ocrx_word' id='word_1_589' title='bbox 2021 1806 2162 1827; x_wconf 83' lang='lat' dir='ltr'>munus.</span> 
     </span>
    </p>
   </div>
   <div class='ocr_carea' id='block_1_13' title="bbox 1284 1947 2275 2042">
    <p class='ocr_par' dir='ltr' id='par_1_21' title="bbox 1284 1947 2275 2042">
     <span class='ocr_line' id='line_1_92' title="bbox 1284 1947 2274 1991; baseline 0 -11"><span class='ocrx_word' id='word_1_590' title='bbox 1284 1948 1379 1980; x_wconf 64' lang='lat' dir='ltr'>venit</span> <span class='ocrx_word' id='word_1_591' title='bbox 1397 1947 1580 1981; x_wconf 74' lang='lat' dir='ltr'>exercitus.</span> <span class='ocrx_word' id='word_1_592' title='bbox 1634 1947 1771 1979; x_wconf 83' lang='lat' dir='ltr'>Deinde</span> <span class='ocrx_word' id='word_1_593' title='bbox 1792 1947 1940 1991; x_wconf 86' lang='lat' dir='ltr'>opponit</span> <span class='ocrx_word' id='word_1_594' title='bbox 1959 1947 2107 1990; x_wconf 78' lang='lat' dir='ltr'>gratiam</span> <span class='ocrx_word' id='word_1_595' title='bbox 2132 1953 2274 1991; x_wconf 85' lang='lat' dir='ltr'>praetu-</span> 
     </span>
     <span class='ocr_line' id='line_1_93' title="bbox 1285 1998 2275 2042; baseline 0 -11"><span class='ocrx_word' id='word_1_596' title='bbox 1285 2012 1344 2032; x_wconf 80' lang='lat' dir='ltr'>rae</span> <span class='ocrx_word' id='word_1_597' title='bbox 1363 1999 1554 2037; x_wconf 83' lang='lat' dir='ltr'>Murenae,</span> <span class='ocrx_word' id='word_1_598' title='bbox 1583 2005 1615 2031; x_wconf 90' lang='lat' dir='ltr'>et</span> <span class='ocrx_word' id='word_1_599' title='bbox 1634 1998 1845 2031; x_wconf 77' lang='lat' dir='ltr'>offensiones</span> <span class='ocrx_word' id='word_1_600' title='bbox 1869 2005 2055 2042; x_wconf 85' lang='lat' dir='ltr'>praeturae</span> <span class='ocrx_word' id='word_1_601' title='bbox 2071 1998 2205 2038; x_wconf 70' lang='lat' dir='ltr'>Servii,</span> <span class='ocrx_word' id='word_1_602' title='bbox 2233 2011 2275 2031; x_wconf 77' lang='lat' dir='ltr'>ex</span> 
     </span>
    </p>
   </div>
   <div class='ocr_carea' id='block_1_14' title="bbox 1281 2049 2274 2351">
    <p class='ocr_par' dir='ltr' id='par_1_22' title="bbox 1281 2049 2274 2351">
     <span class='ocr_line' id='line_1_94' title="bbox 1286 2049 2274 2096; baseline 0.001 -14"><span class='ocrx_word' id='word_1_603' title='bbox 1286 2050 1412 2096; x_wconf 64' lang='lat' dir='ltr'>quilius</span> <span class='ocrx_word' id='word_1_604' title='bbox 1431 2050 1582 2083; x_wconf 81' lang='lat' dir='ltr'>ostendit</span> <span class='ocrx_word' id='word_1_605' title='bbox 1600 2056 1803 2093; x_wconf 82' lang='lat' dir='ltr'>praeturam</span> <span class='ocrx_word' id='word_1_606' title='bbox 1821 2049 1970 2082; x_wconf 82' lang='lat' dir='ltr'>obfuisse</span> <span class='ocrx_word' id='word_1_607' title='bbox 1990 2049 2127 2082; x_wconf 69' lang='lat' dir='ltr'>Servio.</span> <span class='ocrx_word' id='word_1_608' title='bbox 2179 2051 2274 2095; x_wconf 72' lang='lat' dir='ltr'>Syn-</span> 
     </span>
     <span class='ocr_line' id='line_1_95' title="bbox 1281 2098 2273 2146; baseline -0.002 -11"><span class='ocrx_word' id='word_1_609' title='bbox 1281 2101 1426 2146; x_wconf 74' lang='lat' dir='ltr'>9rctpl1u]</span> <span class='ocrx_word' id='word_1_610' title='bbox 1453 2098 1641 2145; x_wconf 77' lang='lat' dir='ltr'>gleichsam</span> <span class='ocrx_word' id='word_1_611' title='bbox 1664 2099 1758 2133; x_wconf 81' lang='lat' dir='ltr'>liette</span> <span class='ocrx_word' id='word_1_612' title='bbox 1784 2098 1857 2133; x_wconf 86' lang='lat' dir='ltr'>sich</span> <span class='ocrx_word' id='word_1_613' title='bbox 1883 2101 1943 2134; x_wconf 89' lang='lat' dir='ltr'>das</span> <span class='ocrx_word' id='word_1_614' title='bbox 1958 2100 2053 2133; x_wconf 76' lang='lat' dir='ltr'>Volk</span> <span class='ocrx_word' id='word_1_615' title='bbox 2076 2099 2273 2133; x_wconf 76' lang='lat' dir='ltr'>vorschrie-</span> 
     </span>
     <span class='ocr_line' id='line_1_96' title="bbox 1284 2151 2274 2196; baseline 0 -10"><span class='ocrx_word' id='word_1_616' title='bbox 1284 2154 1372 2193; x_wconf 85' lang='lat' dir='ltr'>ben,</span> <span class='ocrx_word' id='word_1_617' title='bbox 1400 2151 1466 2185; x_wconf 90' lang='lat' dir='ltr'>hoc</span> <span class='ocrx_word' id='word_1_618' title='bbox 1487 2158 1555 2191; x_wconf 85' lang='lat' dir='ltr'>est,</span> <span class='ocrx_word' id='word_1_619' title='bbox 1584 2152 1734 2196; x_wconf 88' lang='lat' dir='ltr'>populus</span> <span class='ocrx_word' id='word_1_620' title='bbox 1751 2164 1823 2184; x_wconf 93' lang='lat' dir='ltr'>non</span> <span class='ocrx_word' id='word_1_621' title='bbox 1849 2159 1947 2185; x_wconf 84' lang='lat' dir='ltr'>curat</span> <span class='ocrx_word' id='word_1_622' title='bbox 1969 2152 2074 2185; x_wconf 92' lang='lat' dir='ltr'>istum</span> <span class='ocrx_word' id='word_1_623' title='bbox 2099 2151 2274 2186; x_wconf 87' lang='lat' dir='ltr'>ordinem.</span> 
     </span>
     <span class='ocr_line' id='line_1_97' title="bbox 1284 2202 2274 2248; baseline 0 -12"><span class='ocrx_word' id='word_1_624' title='bbox 1284 2203 1540 2248; x_wconf 83' lang='lat' dir='ltr'>AmplificatiO:</span> <span class='ocrx_word' id='word_1_625' title='bbox 1569 2202 1608 2235; x_wconf 90' lang='lat' dir='ltr'>ln</span> <span class='ocrx_word' id='word_1_626' title='bbox 1628 2203 1779 2236; x_wconf 83' lang='lat' dir='ltr'>comitiis</span> <span class='ocrx_word' id='word_1_627' title='bbox 1803 2216 1876 2235; x_wconf 90' lang='lat' dir='ltr'>non</span> <span class='ocrx_word' id='word_1_628' title='bbox 1899 2210 2059 2237; x_wconf 80' lang='lat' dir='ltr'>servatur</span> <span class='ocrx_word' id='word_1_629' title='bbox 2084 2202 2146 2236; x_wconf 78' lang='lat' dir='ltr'>iste</span> <span class='ocrx_word' id='word_1_630' title='bbox 2171 2204 2274 2243; x_wconf 85' lang='lat' dir='ltr'>ordo,</span> 
     </span>
     <span class='ocr_line' id='line_1_98' title="bbox 1287 2254 2274 2299; baseline -0.002 -11"><span class='ocrx_word' id='word_1_631' title='bbox 1287 2262 1320 2288; x_wconf 86' lang='lat' dir='ltr'>et</span> <span class='ocrx_word' id='word_1_632' title='bbox 1335 2256 1445 2288; x_wconf 86' lang='lat' dir='ltr'>multa</span> <span class='ocrx_word' id='word_1_633' title='bbox 1465 2261 1636 2299; x_wconf 80' lang='lat' dir='ltr'>geruntur</span> <span class='ocrx_word' id='word_1_634' title='bbox 1652 2255 1687 2287; x_wconf 91' lang='lat' dir='ltr'>in</span> <span class='ocrx_word' id='word_1_635' title='bbox 1706 2254 1876 2294; x_wconf 80' lang='lat' dir='ltr'>comitiis,</span> <span class='ocrx_word' id='word_1_636' title='bbox 1911 2267 2063 2299; x_wconf 83' lang='lat' dir='ltr'>quorum</span> <span class='ocrx_word' id='word_1_637' title='bbox 2086 2254 2183 2287; x_wconf 84' lang='lat' dir='ltr'>nulla</span> <span class='ocrx_word' id='word_1_638' title='bbox 2211 2266 2274 2298; x_wconf 90' lang='lat' dir='ltr'>po-</span> 
     </span>
     <span class='ocr_line' id='line_1_99' title="bbox 1287 2305 2273 2351; baseline -0.001 -12"><span class='ocrx_word' id='word_1_639' title='bbox 1287 2313 1353 2340; x_wconf 87' lang='lat' dir='ltr'>test</span> <span class='ocrx_word' id='word_1_640' title='bbox 1369 2307 1469 2339; x_wconf 86' lang='lat' dir='ltr'>reddi</span> <span class='ocrx_word' id='word_1_641' title='bbox 1488 2306 1591 2339; x_wconf 85' lang='lat' dir='ltr'>ratio.</span> <span class='ocrx_word' id='word_1_642' title='bbox 1663 2307 1755 2346; x_wconf 80' lang='lat' dir='ltr'>Quod</span> <span class='ocrx_word' id='word_1_643' title='bbox 1770 2305 1873 2350; x_wconf 73' lang='lat' dir='ltr'>enim]</span> <span class='ocrx_word' id='word_1_644' title='bbox 1903 2305 1999 2351; x_wconf 87' lang='lat' dir='ltr'>quasi</span> <span class='ocrx_word' id='word_1_645' title='bbox 2017 2305 2127 2337; x_wconf 82' lang='lat' dir='ltr'>dicat:</span> <span class='ocrx_word' id='word_1_646' title='bbox 2153 2305 2273 2350; x_wconf 90' lang='lat' dir='ltr'>Popu-</span> 
     </span>
    </p>
   </div>
   <div class='ocr_carea' id='block_1_15' title="bbox 1288 2356 2273 2401">
    <p class='ocr_par' dir='ltr' id='par_1_23' title="bbox 1288 2356 2273 2401">
     <span class='ocr_line' id='line_1_100' title="bbox 1288 2356 2273 2401; baseline -0.001 -11"><span class='ocrx_word' id='word_1_647' title='bbox 1288 2358 1340 2391; x_wconf 88' lang='lat' dir='ltr'>lus</span> <span class='ocrx_word' id='word_1_648' title='bbox 1371 2356 1477 2391; x_wconf 80' lang='lat' dir='ltr'>habet</span> <span class='ocrx_word' id='word_1_649' title='bbox 1505 2357 1620 2391; x_wconf 65' lang='lat' dir='ltr'>varias</span> <span class='ocrx_word' id='word_1_650' title='bbox 1647 2358 1858 2391; x_wconf 84' lang='lat' dir='ltr'>voluntates.</span> <span class='ocrx_word' id='word_1_651' title='bbox 1962 2357 2112 2401; x_wconf 75' lang='lat' dir='ltr'>Fretum]</span> <span class='ocrx_word' id='word_1_652' title='bbox 2147 2357 2183 2390; x_wconf 89' lang='lat' dir='ltr'>id</span> <span class='ocrx_word' id='word_1_653' title='bbox 2210 2363 2273 2397; x_wconf 88' lang='lat' dir='ltr'>est,</span> 
     </span>
    </p>
   </div>
   <div class='ocr_carea' id='block_1_16' title="bbox 1320 2465 2273 2530">
    <p class='ocr_par' dir='ltr' id='par_1_24' title="bbox 1320 2465 2273 2530">
     <span class='ocr_line' id='line_1_101' title="bbox 1320 2465 2273 2497; baseline 0.001 -8"><span class='ocrx_word' id='word_1_654' title='bbox 1320 2466 1368 2494; x_wconf 85' lang='grc'>66)</span> <span class='ocrx_word' id='word_1_655' title='bbox 1389 2465 1540 2497; x_wconf 76' lang='lat' dir='ltr'>Tigranes,</span> <span class='ocrx_word' id='word_1_656' title='bbox 1565 2466 1711 2490; x_wconf 78' lang='lat' dir='ltr'>Armeniae</span> <span class='ocrx_word' id='word_1_657' title='bbox 1738 2472 1804 2497; x_wconf 81' lang='lat' dir='ltr'>rex,</span> <span class='ocrx_word' id='word_1_658' title='bbox 1837 2465 1871 2489; x_wconf 85' lang='lat' dir='ltr'>ad</span> <span class='ocrx_word' id='word_1_659' title='bbox 1896 2472 1973 2495; x_wconf 76' lang='lat' dir='ltr'>quein</span> <span class='ocrx_word' id='word_1_660' title='bbox 1996 2465 2170 2489; x_wconf 80' lang='lat' dir='ltr'>Mithridates</span> <span class='ocrx_word' id='word_1_661' title='bbox 2189 2465 2273 2490; x_wconf 86' lang='lat' dir='ltr'>tertio</span> 
     </span>
     <span class='ocr_line' id='line_1_102' title="bbox 1358 2500 2220 2530; baseline 0 -7"><span class='ocrx_word' id='word_1_662' title='bbox 1358 2502 1428 2524; x_wconf 86' lang='lat' dir='ltr'>betto</span> <span class='ocrx_word' id='word_1_663' title='bbox 1447 2507 1471 2526; x_wconf 81' lang='lat' dir='ltr'>a.</span> <span class='ocrx_word' id='word_1_664' title='bbox 1491 2509 1516 2525; x_wconf 86' lang='lat' dir='ltr'>u.</span> <span class='ocrx_word' id='word_1_665' title='bbox 1537 2508 1558 2525; x_wconf 90' lang='lat' dir='ltr'>c.</span> <span class='ocrx_word' id='word_1_666' title='bbox 1573 2502 1632 2524; x_wconf 63' lang='lat'><strong>6153,</strong></span> <span class='ocrx_word' id='word_1_667' title='bbox 1652 2502 1707 2530; x_wconf 81' lang='lat'>(71.</span> <span class='ocrx_word' id='word_1_668' title='bbox 1725 2507 1749 2524; x_wconf 79' lang='lat' dir='ltr'>a.</span> <span class='ocrx_word' id='word_1_669' title='bbox 1765 2500 1842 2527; x_wconf 86' lang='lat' dir='ltr'>Chr.)</span> <span class='ocrx_word' id='word_1_670' title='bbox 1863 2500 1946 2529; x_wconf 63' lang='lat' dir='ltr'>sugit,</span> <span class='ocrx_word' id='word_1_671' title='bbox 1974 2500 2033 2523; x_wconf 81' lang='lat' dir='ltr'>eins</span> <span class='ocrx_word' id='word_1_672' title='bbox 2052 2506 2132 2524; x_wconf 81' lang='lat' dir='ltr'>socer</span> <span class='ocrx_word' id='word_1_673' title='bbox 2150 2502 2220 2524; x_wconf 84' lang='lat' dir='ltr'>erat.</span> 
     </span>
    </p>
   </div>
   <div class='ocr_carea' id='block_1_17' title="bbox 1324 2542 2272 2711">
    <p class='ocr_par' dir='ltr' id='par_1_25' title="bbox 1324 2542 2272 2711">
     <span class='ocr_line' id='line_1_103' title="bbox 1324 2542 2272 2574; baseline 0 -8"><span class='ocrx_word' id='word_1_674' title='bbox 1324 2542 1370 2573; x_wconf 81' lang='grc'>67)</span> <span class='ocrx_word' id='word_1_675' title='bbox 1392 2544 1536 2566; x_wconf 66' lang='lat' dir='ltr'>Strabonis</span> <span class='ocrx_word' id='word_1_676' title='bbox 1557 2550 1650 2574; x_wconf 63' lang='lat' dir='ltr'>geogr.</span> <span class='ocrx_word' id='word_1_677' title='bbox 1668 2544 1712 2567; x_wconf 79' lang='lat' dir='ltr'>tx.</span> <span class='ocrx_word' id='word_1_678' title='bbox 1734 2551 1756 2572; x_wconf 83' lang='lat' dir='ltr'>p.</span> <span class='ocrx_word' id='word_1_679' title='bbox 1772 2543 1829 2566; x_wconf 68' lang='lat'>⁴03.</span> <span class='ocrx_word' id='word_1_680' title='bbox 1850 2543 1890 2566; x_wconf 84' lang='lat' dir='ltr'>ed.</span> <span class='ocrx_word' id='word_1_681' title='bbox 1911 2542 2026 2566; x_wconf 83' lang='lat' dir='ltr'>Casanh.</span> <span class='ocrx_word' id='word_1_682' title='bbox 2046 2545 2085 2573; x_wconf 85' lang='lat' dir='ltr'>(p.</span> <span class='ocrx_word' id='word_1_683' title='bbox 2100 2543 2158 2567; x_wconf 85' lang='grc'><strong>618.</strong></span> <span class='ocrx_word' id='word_1_684' title='bbox 2179 2542 2220 2566; x_wconf 83' lang='lat' dir='ltr'>ed.</span> <span class='ocrx_word' id='word_1_685' title='bbox 2239 2543 2272 2566; x_wconf 86' lang='lat' dir='ltr'>ab</span> 
     </span>
     <span class='ocr_line' id='line_1_104' title="bbox 1357 2576 2272 2606; baseline 0 -7"><span class='ocrx_word' id='word_1_686' title='bbox 1357 2578 1549 2606; x_wconf 77' lang='lat' dir='ltr'>Alinetoveen)</span> <span class='ocrx_word' id='word_1_687' title='bbox 1582 2579 1614 2601; x_wconf 83' lang='lat' dir='ltr'>(le</span> <span class='ocrx_word' id='word_1_688' title='bbox 1646 2578 1748 2600; x_wconf 66' lang='lat' dir='ltr'>vit-ihus</span> <span class='ocrx_word' id='word_1_689' title='bbox 1774 2577 1866 2606; x_wconf 77' lang='lat' dir='ltr'>Euripi</span> <span class='ocrx_word' id='word_1_690' title='bbox 1891 2576 2028 2600; x_wconf 79' lang='lat' dir='ltr'>Chalcidis</span> <span class='ocrx_word' id='word_1_691' title='bbox 2054 2579 2103 2601; x_wconf 86' lang='lat' dir='ltr'>hoc</span> <span class='ocrx_word' id='word_1_692' title='bbox 2127 2579 2272 2600; x_wconf 85' lang='lat' dir='ltr'>narratur:</span> 
     </span>
     <span class='ocr_line' id='line_1_105' title="bbox 1356 2609 2272 2643; baseline 0 -10"><span class='ocrx_word' id='word_1_693' title='bbox 1356 2610 1426 2642; x_wconf 62' lang='lat' dir='ltr'>Ili-01*</span> <span class='ocrx_word' id='word_1_694' title='bbox 1445 2609 1471 2634; x_wconf 57' lang='lat' dir='ltr'>di</span> <span class='ocrx_word' id='word_1_695' title='bbox 1494 2612 1537 2640; x_wconf 69' lang='grc' dir='ltr'>Τῆς</span> <span class='ocrx_word' id='word_1_696' title='bbox 1554 2609 1715 2642; x_wconf 65' lang='grc' dir='ltr'>παλιρῥοιίις</span> <span class='ocrx_word' id='word_1_697' title='bbox 1734 2611 1781 2633; x_wconf 72' lang='grc' dir='ltr'>τοῦ</span> <span class='ocrx_word' id='word_1_698' title='bbox 1796 2609 1921 2641; x_wconf 63' lang='grc' dir='ltr'>Εὐρίπου</span> <span class='ocrx_word' id='word_1_699' title='bbox 1935 2611 2068 2634; x_wconf 77' lang='grc' dir='ltr'>τοσοῦτον</span> <span class='ocrx_word' id='word_1_700' title='bbox 2081 2609 2172 2643; x_wconf 78' lang='grc' dir='ltr'><em>μόνον</em></span> <span class='ocrx_word' id='word_1_701' title='bbox 2185 2611 2272 2634; x_wconf 73' lang='grc' dir='ltr'>εἰπεῖν</span> 
     </span>
     <span class='ocr_line' id='line_1_106' title="bbox 1357 2643 2271 2678; baseline -0.001 -9"><span class='ocrx_word' id='word_1_702' title='bbox 1357 2644 1470 2674; x_wconf 61' lang='grc' dir='ltr'>ἰκανὸν,</span> <span class='ocrx_word' id='word_1_703' title='bbox 1508 2644 1548 2670; x_wconf 83' lang='grc' dir='ltr'>ὅτι</span> <span class='ocrx_word' id='word_1_704' title='bbox 1573 2645 1681 2672; x_wconf 57' lang='grc' dir='ltr'>ἑπτάκι,-</span> <span class='ocrx_word' id='word_1_705' title='bbox 1704 2643 1884 2676; x_wconf 60' lang='grc' dir='ltr'>μετιιβάλλειν</span> <span class='ocrx_word' id='word_1_706' title='bbox 1908 2644 1979 2676; x_wconf 70' lang='lat' dir='ltr'>qam*</span> <span class='ocrx_word' id='word_1_707' title='bbox 2003 2645 2072 2670; x_wconf 73' lang='grc' dir='ltr'>καθ’</span> <span class='ocrx_word' id='word_1_708' title='bbox 2097 2645 2202 2678; x_wconf 68' lang='grc' dir='ltr'><em>ὴμίραν</em></span> <span class='ocrx_word' id='word_1_709' title='bbox 2225 2643 2271 2668; x_wconf 80' lang='grc' dir='ltr'>καὶ</span> 
     </span>
     <span class='ocr_line' id='line_1_107' title="bbox 1357 2678 2006 2711; baseline 0.002 -8"><span class='ocrx_word' id='word_1_710' title='bbox 1357 2678 1457 2703; x_wconf 52' lang='grc' dir='ltr'>νέκυν</span> <span class='ocrx_word' id='word_1_711' title='bbox 1476 2679 1531 2711; x_wconf 62' lang='grc' dir='ltr'>,τήν</span> <span class='ocrx_word' id='word_1_712' title='bbox 1550 2678 1578 2706; x_wconf 73' lang='grc' dir='ltr'>δ’</span> <span class='ocrx_word' id='word_1_713' title='bbox 1598 2680 1691 2704; x_wconf 67' lang='grc' dir='ltr'>αἰτίαν</span> <span class='ocrx_word' id='word_1_714' title='bbox 1709 2679 1739 2703; x_wconf 70' lang='grc' dir='ltr'>ἐν</span> <span class='ocrx_word' id='word_1_715' title='bbox 1757 2678 1847 2707; x_wconf 62' lang='grc' dir='ltr'>ἄλλοις</span> <span class='ocrx_word' id='word_1_716' title='bbox 1866 2679 2006 2705; x_wconf 65' lang='grc' dir='ltr'>σκὲπτὲόν.</span> 
     </span>
    </p>
   </div>
  </div>
 </body>
</html>
