2347 3000
208 126 282 163 323

208 210 420 257 pitudinem,
435 209 549 256 qualis
559 206 896 252 suitinPhinecsffi),
913 203 1198 251 interficientoffl)

214 269 466 307 stupratorem.
514 261 609 293 Vitia
628 260 805 293 contraria
825 256 1089 291 misericordiae
1117 261 1199 289 sunt

213 311 393 362 ἀστοργία
412 319 445 346 ct.
462 313 659 345 crudelitas.
713 311 775 343 list
792 316 908 341 autem
927 305 1108 355 ἀστοργία
1128 320 1200 339 non

213 366 303 398 astici
323 378 427 398 sensu
445 364 580 396 alienae
600 361 820 395 calamitatis.
873 359 1061 392 Amicitiae
1090 359 1200 391 multa

212 423 293 450 sunt
325 416 410 449 xitia
445 414 643 453 contraria,
683 408 971 458 μισανθρωπία,
1021 410 1200 444 sinmlatio

215 467 404 501 amicitiae.

316 519 457 551 Sextum
479 521 720 560 pracceptum:
746 513 828 547 Non
852 511 1202 552 moechaberis,con-

216 570 379 602 cionatur
397 570 438 600 de
459 568 600 611 virtute,
621 579 709 610 quae
727 572 874 598 vocatur
891 564 1124 603 rontinentia,
1142 577 1203 597 seu

216 621 374 659 castitas,
404 631 493 663 quae
520 624 571 651 est
598 617 728 657 xirtus,
757 623 850 649 certa
874 617 948 660 lege
974 629 1097 658 regens
1115 628 1203 659 opus

215 670 472 715 generationis,
509 670 602 714 quod
632 669 727 701 Deus
752 668 823 700 uult
836 694 845 707 ,
879 681 952 700 non
978 674 1127 707 temere,
1165 673 1204 699 ut

217 723 251 754 in
268 721 472 766 1›ecndibuS‚
498 733 629 753 errare.
681 719 747 752 Sed
768 719 862 751 iuxta
882 720 1026 751 verbum
1046 732 1063 750 a
1081 731 1115 751 se
1134 724 1203 750 tra-

215 773 340 812 ditum,
358 778 561 805 reverenter
579 772 615 804 in
625 777 752 803 natura
772 769 1202 813 intelligentegubernari.

217 825 346 867 Magna
366 836 419 857 res
435 830 485 856 est
502 823 596 855 euim
620 822 822 865 generatio,
849 821 1054 866 praesertim
1080 819 1203 853 liuma-

219 889 284 908 nae
310 881 458 908 naturae
489 887 578 919 quae
617 873 774 905 nascitur
806 875 849 905 ad
884 872 1203 905 iimnoi·t.'ilit.·item.

217 927 303 960 Vult
324 927 430 969 igitur
447 926 554 965 Deus,
569 932 607 958 ut
627 925 818 967 cogitemus
836 922 1007 968 hocopus
1025 924 1203 966 singulare

217 991 347 1011 munus
368 990 438 1010 esse
456 977 499 1009 ab
519 977 593 1021 ipso
617 976 826 1009 attributum
846 982 994 1007 naturae
1016 973 1204 1013 humanae,

218 1030 294 1063 xult
310 1042 374 1062 nos
392 1028 631 1061 obedientiam
657 1027 704 1059 illi
723 1027 876 1059 debitam
901 1027 1081 1059 derlamre
1099 1026 1134 1057 in
1152 1038 1204 1057 re-

219 1081 333 1125 gendo
352 1078 417 1113 boc
435 1092 552 1124 opere.
606 1078 689 1111 Vult
708 1091 813 1121 vagas
831 1084 864 1110 et
885 1084 1109 1121 portentosas
1128 1077 1205 1109 libi-

219 1133 319 1165 dines
339 1131 516 1164 atrocibus
535 1129 656 1175 poenis
674 1129 812 1173 punire,
832 1136 870 1161 nt
889 1127 1057 1162 historiae.
1078 1134 1206 1161 testan-

220 1190 277 1216 tur
294 1184 336 1215 de
352 1182 486 1215 diluvio
498 1209 506 1221 ,
533 1183 576 1214 de
593 1181 756 1213 Sodomis
768 1207 777 1220 ,
805 1180 936 1219 Troia,
963 1179 1107 1213 Graecis
1124 1179 1170 1211 cix
1181 1178 1207 1209 i—

220 1234 370 1273 tatibus,
398 1240 430 1266 et
450 1233 518 1266 alia
543 1233 730 1265 innumera
750 1232 921 1275 exempla.

220 1285 391 1318 tinentiae
410 1291 459 1317 est
477 1283 730 1327 temperantia,
753 1295 843 1327 quae
861 1288 911 1315 est
929 1281 1061 1321 virtus,
1087 1281 1208 1313 mode-

220 1349 303 1370 rans
327 1335 562 1379 appetitiones
586 1334 654 1366 cibi
677 1340 709 1366 et
730 1339 854 1377 potus,
879 1346 963 1365 nam
984 1331 1070 1365 baec
1087 1333 1209 1364 mode-

220 1387 313 1420 ratio
331 1393 380 1419 est
399 1392 515 1420 custos
533 1385 791 1425 continentiae,
817 1391 857 1417 ut
874 1390 1029 1423 constat,
1056 1383 1140 1416 luxu
1159 1383 1209 1415 in-

223 1438 325 1472 cendi
340 1438 522 1477 libidines,
550 1443 589 1470 ut
605 1436 748 1469 dicitur:

975 1231 999 1261 Ὺ
1010 1230 1098 1262 icina
1125 1242 1207 1261 cou-

349 1498 386 1526 Et
409 1497 509 1525 Venus
533 1497 561 1524 in
585 1496 673 1530 vinis,
697 1495 770 1533 ignis
791 1495 820 1522 in
843 1495 911 1531 igne
932 1494 1003 1522 furit
1015 1494 1070 1531 G⁸).

324 1547 521 1593 Septimum
540 1553 786 1591 praeceptum:
814 1546 896 1580 Non
914 1546 1100 1585 furaberis,
1128 1557 1210 1577 con-

224 1600 312 1634 tinet
330 1599 483 1633 iustitiae
502 1598 724 1643 particularis
742 1597 905 1641 speciem,
928 1609 1017 1641 quae
1037 1598 1211 1640 gubernat

224 1664 345 1685 rerum
365 1650 577 1684 dixisionem
596 1656 629 1683 et
647 1655 866 1688 contractus,
895 1660 937 1680 ne
956 1648 1085 1681 iniusta
1104 1648 1138 1680 vi
1155 1648 1210 1680 vel

224 1704 348 1736 fraude
365 1703 478 1734 aliena
492 1702 587 1734 bona
605 1707 832 1744 occupentur.
867 1699 943 1732 Huc
961 1700 1065 1732 etiam
1083 1699 1210 1731 libera-

225 1754 305 1787 litas
321 1754 487 1798 pertinet,
508 1766 597 1798 quae
615 1754 656 1785 de
673 1764 738 1785 usu
754 1751 960 1784 facultatui‘n
981 1751 1209 1795 propri:n·um

227 1806 403 1850 loquitur,
440 1811 474 1836 et
494 1804 610 1836 vicina
647 1809 698 1836 est
728 1803 893 1835 iustitiae.
955 1802 1046 1846 Quia
1078 1801 1210 1834 iustitia

226 1863 382 1901 praestat
398 1856 555 1889 debitmn
581 1867 621 1887 ex
642 1854 795 1886 naturali
821 1859 855 1886 et
871 1853 964 1885 civiti
984 1853 1212 1896 obligatione,

228 1907 408 1946 x‘idelicet,
444 1907 539 1952 quod
570 1913 604 1939 et
633 1912 760 1938 natura
788 1911 821 1937 et
844 1904 1071 1947 magistratus
1092 1904 1213 1936 iubent

228 1959 329 1992 solvi.
390 1958 458 1991 Sed
482 1958 675 1990 liberalitas
700 1955 939 1989 communicat
962 1955 1016 1994 id,
1051 1956 1147 2000 quod
1173 1966 1213 1987 ex

228 2010 382 2042 naturali
399 2009 613 2052 obligatione
632 2008 790 2041 debetur.
843 2007 918 2039 Etsi
943 2007 1037 2038 enim
1058 2018 1131 2038 non
1156 2007 1214 2038 de-

227 2061 334 2094 bebat
363 2061 606 2094 Samaritanus
620 2059 665 2103 G⁹)
700 2065 846 2102 propter
884 2057 1037 2090 edictum
1068 2058 1214 2102 aliquod

229 2112 512 2156 magistratuum,
536 2111 653 2144 saucio
674 2110 798 2142 iacenti
815 2110 849 2142 in
869 2109 944 2141 via:
973 2115 1092 2141 tamen
1111 2109 1213 2141 debe-

229 2164 290 2196 bat
308 2176 348 2196 ex
366 2163 518 2196 naturali
538 2161 772 2205 obligatione,
801 2161 882 2205 quia
907 2161 1085 2205 quoddam
1111 2166 1214 2191 natu-

229 2215 302 2247 rale
317 2215 440 2248 foedus
457 2221 507 2247 est
522 2211 708 2246 hominum
726 2212 819 2245 inter
834 2224 868 2245 se
881 2238 889 2251 ‚
919 2212 1011 2256 quod
1029 2211 1214 2255 praecipit,

229 2272 269 2299 ut
293 2266 436 2299 alterius
465 2265 558 2298 vitae
589 2264 832 2309 unusquIsque
874 2268 1044 2308 quantum
1086 2268 1213 2306 potest,

231 2329 334 2361 opem
352 2318 452 2350 serat.
490 2316 543 2349 Ex
560 2313 625 2349 hac
642 2315 799 2348 naturali
817 2314 1032 2357 obligatione
1049 2314 1214 2346 oriuntur

230 2368 341 2400 multa
370 2368 462 2401 dicta
501 2369 597 2412 apud
626 2366 910 2400 iurisconsultos:
953 2364 1032 2398 Iure
1065 2371 1213 2398 naturae

232 2430 383 2464 aequum
414 2425 484 2459 est,
518 2419 698 2452 neminem
727 2430 806 2451 curn
834 2417 976 2450 alterius
1001 2416 1213 2450 detrimento

267 2569 314 2597 66)
333 2567 351 2592 i.
371 2574 394 2592 c.
413 2567 539 2591 Pinehas.
575 2568 632 2591 Hoc
652 2568 751 2592 factum
771 2567 828 2591 eius
847 2569 976 2591 narratur
996 2567 1072 2590 Num.
1090 2567 1134 2595 25,
1153 2565 1177 2590 7.
1189 2566 1214 2589 8.

267 2611 315 2640 67)
335 2610 528 2639 interficiente]
548 2610 587 2633 sic
606 2611 653 2634 Ed.
677 2611 768 2640 15⁴6.;
791 2611 837 2633 Ed.
859 2611 931 2633 1545.
952 2609 1151 2634 interficientis.

265 2655 312 2683 68)
336 2653 413 2677 ovid.
432 2652 501 2676 artis
519 2654 632 2675 amatur.
654 2653 670 2675 l.
693 2654 714 2676 1.
735 2660 759 2675 v.
779 2653 854 2677 24⁴..
880 2653 922 2676 ubi
948 2654 1036 2675 autem
1058 2658 1106 2681 pro
1127 2651 1215 2682 furit,

301 2688 371 2718 quod
388 2687 470 2710 Editt.
489 2686 567 2708 huius
586 2688 759 2710 commentar.
781 2688 890 2717 hahent,
909 2688 1039 2716 scriptum
1059 2688 1116 2711 est:
1135 2686 1204 2718 fuit.

264 2731 312 2759 69)
331 2729 409 2754 Cous.
427 2730 490 2753 Luc.
513 2729 559 2757 10,
577 2729 619 2752 33.
639 2729 681 2754 34,

470 120 670 158 SCRIPTA
696 121 771 156 PH.
800 119 912 155 MEL.
939 119 1004 154 AD
1037 116 1246 152 ETHICEN
1274 115 1340 151 ET
1367 114 1625 152 POLITICEN
1652 115 1961 153 SPECTAINTIA.

2162 119 2237 156 324

1254 210 1287 237 et
1303 203 1432 237 iniuria
1450 203 1528 237 fieri
1554 204 1836 249 locupletiorem.
1886 204 1969 238 Ideo
1991 203 2028 238 in
2051 205 2238 238 contracti-

1254 256 1318 289 bus
1335 255 1449 288 bonae
1468 255 1547 288 fidei
1564 256 1675 289 multa
1693 256 1904 301 praestanda
1923 263 2024 296 sunt,
2053 268 2142 301 quae
2166 268 2239 291 non

1255 312 1507 350 nuncupantur
1523 307 1655 349 lingua.
1697 310 1764 341 Sed
1784 307 1874 341 lianc
1892 308 2090 341 naturalem
2109 307 2241 351 obliga-

1255 359 1387 391 tionem
1414 357 1526 401 magis
1548 359 1728 393 declarant
1753 372 1871 393 sacrae
1891 360 2012 392 literae
2032 360 2072 391 de
2091 360 2241 391 eleemo-

1255 409 1362 454 synis.
1393 407 1475 441 ltem
1498 408 1647 442 loannes
1665 410 1715 455 (1.
1733 411 1832 455 epist.
1851 412 1894 451 3,
1915 411 1989 456 16.)
2009 410 2140 455 iuquit:
2170 409 2242 442 Sic-

1255 467 1288 494 ut
1313 458 1473 493 (ltu-istus
1499 473 1564 504 pro
1591 461 1692 495 nobis
1716 463 1871 495 animam
1891 462 2027 507 posuit,
2053 462 2101 494 ita
2118 474 2182 494 nos
2195 460 2242 507 70)

1256 513 1423 545 debemus
1442 523 1505 555 pro
1523 511 1691 547 tratribus
1709 513 1845 547 animas
1862 526 2005 558 ponere.

1360 562 1485 595 Yiriua
1503 563 1615 596 virtus
1633 571 1682 597 est
1698 565 1927 609 parsimonia,
1945 577 2034 610 quae
2053 570 2103 597 est
2119 563 2242 603 xirtus,

1256 626 1400 647 serxans
1418 627 1473 647 res
1493 614 1675 658 proprias,
1703 616 1856 649 xitandis
1880 616 2044 649 inanibus
2067 614 2244 659 profusio-

1256 666 1371 705 nibus,
1388 678 1478 710 quae
1496 672 1611 699 custos·
1628 674 1678 700 cst
1695 667 1846 701 iustitiae
1863 674 1896 700 et
1913 666 2144 705 liberalitatis,
2160 664 2243 711 quia

1259 717 1479 761 profusiones
1506 718 1651 759 tolerari
1679 719 1740 751 diu
1763 719 1837 752 sine
1857 719 1972 751 alieno
1992 730 2066 751 non
2083 722 2244 761 possunt.

1260 768 1338 800 ldeo
1357 768 1534 801 Antonius
1551 770 1585 801 iit
1605 782 1734 814 rapax,
1764 771 1845 815 quia
1864 770 1938 803 sine
1955 771 2062 803 modo
2082 768 2159 801 aliis
2175 768 2245 800 lar-

1257 820 1361 862 gitur.
1422 821 1597 853 Demades
1611 821 1655 867 ⁷¹)
1685 821 1926 866 corrumpitur
1957 833 2044 854 auro
2078 819 2245 853 Macedo-

1258 872 1336 903 nico
1351 871 1395 915 7²²)
1408 897 1416 911 ,
1445 871 1526 916 quia
1546 878 1596 905 est
1612 879 1850 917 sumptuosus.
1903 873 1949 906 lit
1964 879 2114 917 utraque
2133 870 2245 903 virtus

1257 923 1500 955 xeuustissime
1520 924 1674 967 pingitur
1694 925 1727 957 in
1745 925 1838 957 dicto
1853 923 2053 956 Salomonis
2073 922 2196 968 (Prov.
2210 919 2247 961 5,

1261 974 1317 1007 16.
1342 973 1434 1019 17.)’.
1463 974 1593 1007 fontes
1612 976 1662 1008 tui
1678 977 1883 1009 derixentur
1899 978 2004 1015 toras,
2030 981 2064 1007 et
2080 980 2117 1007 tu
2132 971 2248 1006 domi-

1260 1038 1323 1057 nus
1341 1037 1464 1057 eorum
1479 1033 1634 1060 maneto.
1666 1028 1825 1060 Pertinet
1841 1028 1883 1059 ad
1902 1032 2126 1071 praereptum
2141 1023 2248 1068 septi-

1258 1089 1355 1108 mum
1374 1082 1407 1108 et
1423 1077 1620 1119 gratitudo,
1647 1079 1728 1122 quia
1746 1085 1796 1111 est
1812 1078 1957 1116 iustitia,
1984 1078 2134 1109 reddens
2151 1074 2248 1107 debi-

1261 1134 1334 1160 tum
1358 1139 1424 1171 pro
1449 1128 1617 1160 beneficio
1643 1140 1683 1161 ex
1705 1130 1859 1162 naturali
1885 1127 2112 1171 obligatione.
2164 1124 2248 1158 Ideo

1259 1178 1355 1211 Deus
1372 1178 1529 1221 ingratos
1547 1179 1667 1223 punit,
1695 1181 1784 1214 sicut
1803 1180 1920 1226 inquit
1935 1180 2106 1212 Salomon
2124 1176 2250 1222 (Prov-

1263 1229 1321 1268 17,
1347 1229 1440 1274 13.);
1469 1230 1550 1262 Non
1569 1232 1706 1264 recedet
1724 1232 1857 1265 malum
1876 1245 1893 1264 a
1912 1232 2019 1263 domo
2036 1228 2176 1273 ingrati.

1365 1281 1540 1314 Octavum
1558 1289 1803 1327 pracceptum:
1831 1283 1913 1317 Non
1937 1282 2032 1315 dicas
2055 1281 2181 1314 salsum
2198 1285 2248 1312 te-

1262 1331 1494 1373 stimonium,
1522 1334 1679 1367 continet
1705 1335 1910 1374 veritatem,
1938 1345 2027 1379 quae
2053 1338 2104 1365 est
2125 1331 2248 1370 virtus,

1263 1384 1482 1416 voluntatem
1506 1387 1739 1425 confirmans,
1766 1391 1806 1418 ut
1831 1391 1926 1418 recta
1949 1385 2126 1423 dicamus,
2155 1388 2188 1415 et
2212 1381 2249 1413 in

1264 1434 1365 1468 dictis
1389 1436 1623 1469 constantiam
1648 1443 1889 1480 praestemus,
1924 1443 1958 1469 et
1990 1436 2027 1468 in
2049 1433 2249 1467 actionibus

1264 1486 1414 1520 vitemus
1434 1487 1596 1528 iusidias,
1623 1486 1690 1521 hoc
1713 1495 1782 1528 est,
1815 1495 1854 1521 ut
1881 1499 1969 1532 quae
1995 1486 2129 1529 agenda
2155 1490 2250 1524 sunt,

1264 1544 1376 1579 recte,
1403 1539 1516 1579 serio,
1544 1540 1667 1583 plane,
1694 1552 1838 1583 aganms
1865 1546 1898 1571 et
1921 1550 2004 1582 prae
2031 1536 2134 1569 nobis
2158 1537 2249 1568 sera-

1264 1602 1361 1628 mus,
1385 1596 1423 1622 ut
1442 1602 1561 1630 mens,
1589 1590 1724 1630 oratio,
1750 1603 1867 1623 mores
1884 1593 2092 1632 congruant.

1365 1641 1461 1673 Haec
1473 1642 1584 1675 virtus
1598 1641 1823 1686 amplissimis
1838 1641 2000 1674 laudibus
2013 1637 2248 1683 praedicatur,

1265 1689 1347 1735 quia
1370 1694 1613 1733 mendacium,
1639 1691 1875 1737 sophismata,
1911 1690 2107 1724 calumniae
2131 1687 2249 1721 multi-

1265 1741 1401 1785 pliciter
1419 1751 1547 1776 nocent
1564 1745 1667 1777 xitae.
1707 1743 1789 1776 ldeo
1806 1743 1922 1788 inquit
1939 1742 2126 1775 Salomon:
2154 1739 2250 1772 Abo-

1265 1793 1412 1826 minatio
1431 1795 1465 1826 in
1481 1795 1583 1827 labiis
1602 1795 1691 1838 regis
1708 1794 1933 1827 mendacium
1948 1793 2005 1838 ⁷³).
2033 1792 2079 1825 lit.
2095 1789 2248 1824 Achilles

1266 1845 1398 1888 inquit:
1431 1847 1471 1878 Ut
1491 1853 1640 1878 mortem
1662 1846 1733 1885 odi,
1752 1846 1847 1878 aliud
1865 1845 1980 1878 dicere
1997 1844 2129 1886 lingua,
2153 1841 2249 1875 aliud

1265 1896 1406 1929 sentire.
1461 1897 1614 1929 Maxime
1643 1903 1760 1930 autem
1778 1896 1955 1930 Ecclesiae
1978 1893 2172 1928 necessaria
2198 1898 2250 1926 est

1266 1944 1352 1979 baec
1371 1948 1491 1981 xirtus.
1535 1949 1626 1980 llaec
1644 1960 1765 1981 veram
1781 1948 1958 1981 Ecclesiae
1975 1958 2099 1991 pacem
2116 1951 2149 1978 et
2165 1957 2248 1978 con-

1267 1998 1422 2031 cordiam
1441 2000 1555 2033 et'ticit.
1606 2000 1651 2033 Ut
1668 2006 1786 2033 autem
1800 1997 1868 2032 hoc
1884 1999 1945 2035 27.
1960 1998 2016 2031 die
2032 1996 2249 2041 Septembris

1266 2049 1355 2082 Arca
1373 2050 1448 2086 No&
1470 2052 1658 2084 consistere
1677 2051 1792 2095 coepit
1815 2057 1896 2083 ante
1920 2062 2032 2082 annos
2055 2049 2170 2082 3830:
2200 2048 2248 2082 ita

1268 2102 1380 2134 Deum
1412 2115 1570 2141 oremus,
1600 2109 1637 2136 ut
1659 2115 1816 2146 repressa
1835 2099 2045 2147 sophistica,
2072 2100 2248 2134 Ecclesiae

1268 2154 1559 2197 trampiillitatem
1581 2166 1674 2187 nunc
1697 2155 1877 2186 concedat.
1928 2153 2087 2185 Pertinet
2112 2152 2154 2183 ad
2181 2148 2249 2184 boc

1268 2211 1492 2249 praereptum
1512 2212 1543 2238 et
1563 2219 1575 2237 x
1588 2205 1691 2244 irtus,
1718 2218 1808 2250 quae.
1825 2211 1971 2237 vocatur
1988 2204 2132 2243 candor,
2157 2213 2248 2248 quae

1268 2268 1303 2287 re
1321 2256 1393 2299 ipsa
1414 2268 1487 2289 non
1503 2257 1620 2289 dill'ert.
1637 2270 1655 2289 a
1673 2257 1833 2296 xeritnte,
1854 2256 1914 2289 sed
1930 2261 2047 2287 tamen
2065 2266 2149 2286 voce
2167 2266 2248 2287 can-

1267 2308 1380 2347 doris,
1407 2308 1668 2341 circumstantia
1686 2309 1859 2353 quaedam
1877 2312 2039 2344 vocatur,
2066 2318 2109 2337 ne
2126 2306 2249 2339 durius

1269 2358 1461 2399 iudicetur,
1498 2372 1605 2405 quam
1636 2372 1691 2392 res
1717 2359 1846 2403 poscit,
1873 2358 1931 2391 sed
1958 2356 2162 2400 principalis
2185 2370 2247 2390 vo-

1267 2411 1383 2444 luntas
1405 2417 1599 2455 spectetur,
1628 2417 1703 2444 tum
1720 2411 1758 2443 in
1774 2409 1893 2449 dictis,
1921 2415 1994 2441 tum
2011 2407 2183 2448 intactis,
2209 2414 2249 2441 ut

1301 2566 1348 2593 70)
1368 2566 1434 2593 nos]
1457 2565 1511 2592 sic,
1532 2563 1623 2586 verbis
1642 2561 1748 2593 graecis
1767 2561 1961 2591 congruenter.
1980 2561 2030 2584 Ed.
2046 2561 2138 2593 15⁴5.;
2156 2561 2183 2587 in
2197 2563 2247 2588 Ed.

1338 2600 1410 2623 1546,
1429 2600 1558 2623 omissum
1578 2599 1630 2623 cst.

1300 2643 1348 2671 71)
1368 2642 1502 2666 Demades
1520 2639 1697 2664 Atheniensis
1722 2639 1834 2668 orator,
1853 2637 2044 2662 Demosthenis
2063 2639 2195 2669 aequalis.

1299 2686 1348 2713 72)
1367 2685 1426 2708 scit.
1446 2683 1560 2712 Philippi
1579 2681 1653 2711 regis
1673 2681 1811 2704 Macedon.

1298 2727 1347 2758 73)
1370 2727 1449 2752 Cous.
1468 2726 1548 2750 Prov.
1569 2725 1616 2754 17,
1636 2723 1660 2750 7.
