2347 3000
247 143 294 178 95
533 139 735 175 SCRIPTA
757 138 831 174 PH.
858 137 968 173 MEL.
993 136 1059 170 AD
1079 135 1288 171 ETHICEN
1314 135 1378 170 ET
1400 132 1654 173 POLITICEN
1681 137 1989 174 SPECTANTLA.

250 231 407 267 '.1’leant,
435 235 473 261 ut
501 227 676 261 trucident
704 226 862 259 membra
887 222 1042 258 Christi?
1094 223 1151 255 An
1176 220 1233 256 hic

249 293 351 313 orare
379 287 512 312 mentes
539 284 700 322 possunt:
729 276 882 309 Domine
917 275 1030 313 Deus,
1064 286 1234 308 conserva

246 331 315 365 luc
333 344 479 373 regnum
493 357 500 369 ,
530 336 566 363 ut
585 341 715 361 nomen
733 335 831 361 tuum
856 325 1070 359 contumelia
1093 326 1234 359 adficia-

249 392 323 423 tur,
349 389 385 416 ut
403 382 626 423 extinguatur
647 379 780 421 agnitio
807 376 955 416 Christi,
983 376 1033 420 pii
1058 377 1234 410 truciden-

250 433 328 466 iar?
382 433 479 466 Talis
500 439 550 465 est
567 432 721 475 precatio
740 442 804 473 pro
824 428 940 472 impiis
957 427 1101 472 politiis,
1128 441 1147 461 a
1164 441 1232 474 qua

249 496 385 517 necesse
410 491 460 517 est
484 484 556 527 pias
583 489 715 515 mentes
741 480 832 514 serio
864 486 898 513 et
922 477 1149 513 vehementer
1173 481 1233 513 ab-

248 539 406 568 horrere.

352 586 444 627 Ergo
461 584 487 617 si
508 583 684 627 principes
701 581 765 625 ipsi
781 581 906 614 volunt
923 581 1088 614 invocare
1104 580 1233 620 Deum,

248 643 395 669 caveant
407 662 414 674 ,
443 648 484 667 ne
503 635 581 667 talis
597 634 641 667 sit
658 645 780 665 corum
798 634 955 676 precatio
968 660 976 673 ,
1004 633 1064 666 scd
1082 632 1233 675 allegent

248 689 321 721 Deo
343 699 441 719 xeras
456 698 588 725 causas,
607 684 783 717 videlicet:
803 684 890 717 Cum
908 684 1049 728 politias
1062 683 1139 715 ideo
1151 693 1233 715 con-

245 751 380 775 serves,
415 743 452 769 ut
480 736 635 770 serviant
669 735 737 769 tuis
761 734 945 775 Ecclesiis,
980 741 1018 768 ut
1041 733 1233 778 propagari

250 788 478 831 Exangelium
503 787 630 832 possit,
664 787 743 819 ideo
769 798 874 829 roge,
909 793 949 820 ut
971 798 1068 818 meas
1091 784 1233 828 politias

246 852 441 874 conserves.
496 839 571 871 liae
588 844 668 872 sunt
686 838 763 881 piae
784 849 921 881 preces,
950 848 1037 882 quas
1053 836 1149 869 Deus
1176 848 1233 868 ex-

246 892 355 925 audit.
409 890 533 935 Qualis
551 896 600 923 est
615 896 732 922 autem
749 886 903 921 hominis
919 888 1010 927 vita,
1039 887 1099 932 qui
1117 886 1231 920 Deum

246 956 319 976 non
337 954 417 975 vere
436 948 549 985 potest
574 941 758 978 invocare,
786 938 847 983 qui
870 938 933 972 scit
958 951 993 972 se
1012 938 1131 971 vivere
1156 938 1231 971 sine

245 995 334 1033 Deo,
363 993 530 1026 reiectum
551 1005 569 1024 a
591 991 679 1024 Deo.
732 989 826 1022 Haec
846 996 896 1023 est
915 1002 1051 1023 summa
1070 989 1231 1023 omniurn

246 1044 486 1078 calamitatum
506 1050 539 1076 et
555 1042 788 1075 miseriarum.

348 1094 428 1128 ldeo
447 1093 495 1133 hi,
515 1094 575 1139 qui
594 1098 772 1137 praesunt,
790 1098 829 1125 ut
847 1091 913 1136 ipsi
932 1091 1046 1124 Deum
1064 1092 1232 1124 invocare

246 1146 392 1191 possint,
411 1153 443 1178 et
459 1152 497 1178 ut
514 1144 647 1188 possint
663 1143 732 1175 srui
749 1142 889 1186 piorum
907 1143 1081 1187 precibus,
1109 1148 1233 1176 curent

246 1206 283 1231 ut
308 1197 459 1230 osticium
490 1195 618 1229 serviat
643 1194 777 1237 gloriae
800 1194 868 1227 Dei
896 1200 929 1226 et
946 1193 1130 1233 Ecclesiis,
1158 1205 1231 1226 non

245 1249 469 1291 belligeretur
483 1247 528 1289 5¹⁵)
547 1258 624 1279 cum
641 1243 794 1278 Christo.
847 1244 1008 1278 Pericula
1026 1245 1120 1277 enim
1136 1244 1231 1277 Deus

244 1299 464 1341 gubernabit,
492 1298 579 1330 sicut
597 1296 772 1340 promisit,
793 1296 874 1339 quia
893 1301 1028 1328 certum
1045 1302 1095 1328 est
1109 1306 1230 1327 veram

244 1350 434 1384 Ecclesiam
458 1348 670 1381 conservari.
724 1345 816 1379 lllud
847 1346 953 1379 etiam
984 1345 1157 1385 viderint,
1192 1351 1232 1378 ut

246 1404 279 1434 in
300 1400 546 1434 emendatione
570 1398 640 1431 sint
665 1398 870 1441 diligentes,
899 1403 991 1430 recte
1015 1396 1231 1429 constituant

244 1461 277 1485 et
311 1458 437 1484 ornent
469 1450 661 1486 Ecclesias,
698 1454 822 1481 curent
854 1448 1029 1492 stipendia
1060 1447 1231 1480 ministris

245 1502 430 1541 constitui,
458 1501 607 1533 excitent
625 1499 805 1532 literarum
830 1499 964 1539 studia,
993 1498 1119 1544 quibus
1144 1511 1231 1542 opus

245 1554 351 1588 habet
367 1552 532 1585 Ecclesia.
560 1550 729 1583 Videmus
750 1549 845 1582 enim
860 1550 965 1583 etiam
976 1550 1229 1593 Apostolorum

245 1613 404 1649 tempore
421 1601 648 1637 scholasticos
664 1607 782 1634 coetus
807 1603 900 1644 apud
916 1600 1090 1634 Ecclesias
1114 1601 1232 1640 fuisse,

244 1665 283 1690 ut
301 1655 463 1693 loannes,
482 1661 516 1686 et
535 1653 661 1685 deinde
679 1652 896 1697 polycarpus
914 1650 1117 1685 habuerunt
1132 1650 1232 1685 scho-

247 1713 307 1741 las.
360 1706 414 1739 Ad
448 1704 512 1738 hos
544 1703 759 1737 necessarios
789 1715 871 1737 usus
904 1704 1119 1736 transferant
1150 1716 1232 1747 opes

247 1758 477 1802 collegiorum
501 1762 534 1788 et
550 1755 871 1795 monasteriorum,
897 1761 936 1788 ut
962 1761 1083 1799 postea
1105 1754 1232 1789 dicam.

247 1810 350 1843 Prius
367 1808 460 1841 enim
478 1812 684 1850 argumenta
704 1806 878 1851 quaedam
893 1806 939 1851 57)
957 1806 1089 1840 diluam
1101 1833 1110 1846 ,
1143 1818 1232 1851 quae

248 1860 420 1895 obiiciunt
447 1857 623 1891 nonnulli.

346 1911 521 1944 Primum.
574 1908 801 1952 Magistratus
829 1906 982 1939 officium
1010 1913 1059 1940 est
1082 1919 1232 1952 corpora

248 1962 350 2002 tueri,
364 1961 601 1995 Ecclesiarum
618 1958 827 2003 gubernatio
844 1957 1052 2002 pertinetad
1064 1958 1232 1993 animam.

248 2014 342 2055 Ergo
360 2012 585 2055 magistratus
604 2023 677 2043 non
700 2010 803 2043 debet
826 2009 996 2053 attingere
1021 2009 1162 2054 negotia
1180 2022 1233 2043 ec-

250 2064 452 2098 clesiastica.

348 2114 560 2158 Respondeo
586 2112 631 2145 ad
654 2110 839 2144 maiorem.
892 2110 1062 2144 Definitio
1086 2123 1160 2144 non
1183 2118 1234 2145 est

250 2169 406 2210 integra,
441 2177 520 2198 cum
544 2163 690 2203 dicitur,
724 2162 949 2206 magistratus
981 2162 1134 2196 officium
1161 2175 1232 2196 esse

248 2219 432 2251 defendere
450 2227 614 2260 corpora,
641 2220 702 2247 aut
719 2226 854 2258 pacem,
883 2213 966 2258 qnia
985 2215 1029 2246 ad
1049 2214 1232 2258 magistra-

251 2281 324 2302 tum
362 2267 516 2313 pertinet
551 2265 755 2309 disciplinae
795 2271 959 2297 externae
998 2265 1232 2306 conservatio,

251 2333 323 2353 non
346 2325 483 2353 tantum
511 2317 605 2351 iuxta
630 2316 819 2350 secundam
842 2315 1018 2357 tabulam,
1045 2317 1104 2350 sed
1127 2316 1231 2350 etiam

253 2372 346 2404 iuxta
378 2371 543 2414 primam.
607 2367 738 2413 Estque
770 2365 856 2400 haec
886 2367 1022 2411 integra
1055 2368 1231 2401 definitio:

253 2421 477 2464 Magistratus
501 2427 551 2453 est
576 2425 690 2452 custos
714 2418 819 2462 legis,
863 2419 959 2463 quod
983 2420 1027 2452 ad
1052 2425 1232 2453 externam

251 2471 473 2516 disciplinam
508 2470 651 2509 attinet,
683 2480 831 2515 eamque
858 2470 893 2502 vi
909 2471 1087 2514 corporali
1103 2477 1233 2506 tuetur.

286 2593 333 2619 56)
352 2592 542 2622 hetligen-etur]
562 2592 601 2615 sie
614 2593 697 2617 Editt.
717 2595 804 2624 pecul.
820 2595 894 2619 1539.
917 2597 942 2619 et
957 2595 1032 2619 1540.
1053 2597 1079 2619 et
1094 2595 1141 2620 Ed.
1156 2594 1234 2620 huius

320 2627 390 2655 Epit.
411 2627 500 2657 1540.;
521 2627 567 2649 Ed.
589 2628 661 2651 1546.
683 2629 884 2659 belligerentnr.

287 2669 333 2696 57)
357 2669 498 2697 quaedam]
518 2669 556 2692 sie
575 2670 623 2693 Ed.
647 2672 731 2699 pecul.
760 2672 833 2696 1540.
859 2676 885 2696 et
910 2672 957 2696 Ed.
978 2672 1048 2702 Epit.
1069 2673 1161 2703 1546.;
1186 2673 1234 2697 Ed.

320 2703 403 2732 pecul.
423 2704 496 2727 1531).
515 2703 626 2732 quedam
645 2706 693 2733 (z
711 2706 872 2736 quaedaiuj:
891 2707 938 2730 Ed.
953 2706 1023 2736 Epit.
1046 2708 1121 2732 15⁴0.
1141 2713 1237 2733 errore

321 2741 445 2767 typogr:
466 2737 577 2766 quadam

2230 140 2278 175 96

1288 223 1337 257 Ut
1366 221 1532 269 prohibet
1563 224 1757 265 adulteria,
1789 224 1837 258 sic
1866 221 2057 269 prohibere
2087 231 2119 258 et
2149 226 2275 269 punire

1286 274 1480 319 Epicureos
1497 287 1697 316 sermones,
1723 282 1756 309 et
1773 282 1954 309 externam
1977 276 2219 310 idololatriam
2236 289 2276 311 ac

1286 324 1523 371 blasphemias
1543 327 1662 365 debet;
1690 338 1763 359 non
1780 327 1875 360 enim
1892 328 2038 361 dubium
2056 333 2126 367 est,
2153 340 2274 362 secun-

1287 379 1370 411 dum
1388 384 1615 422 pracceptum
1633 378 1809 422 pertInere
1826 379 2138 423 admagistratum.
2164 378 2275 416 Inter-

1287 435 1338 462 est
1356 428 1448 462 inter
1464 429 1700 462 armentarios
1727 435 1760 462 et
1786 430 2032 473 magistratus,
2060 430 2112 462 illi
2137 436 2275 464 tantum

1286 479 1401 512 ventri
1428 480 1603 524 pecudum
1630 479 1868 524 prospiciunt,
1894 481 2120 525 magistratus
2146 482 2276 525 princi-

1287 531 1414 575 paliter
1442 531 1575 575 gloriae
1600 529 1667 563 Dei
1692 530 1824 564 servire
1847 532 1962 566 debet.
2032 532 2186 576 Propter
2209 531 2276 566 hoc

1286 582 1457 615 excellens
1480 594 1609 616 munus
1634 581 1730 615 Deus
1758 581 1790 614 ei
1812 581 1970 626 impertit
1995 583 2199 617 societatem
2221 584 2276 618 sui

1286 633 1454 666 nominis.

1387 684 1476 717 Dico
1501 689 1618 716 autem
1647 685 1828 717 custodem
1861 695 1932 717 esse
1964 684 2070 728 legis,
2105 686 2201 730 quod
2231 684 2275 717 ad

1286 742 1467 768 externam
1484 734 1707 779 disciplinam
1725 735 1870 775 attinet,
1898 741 1936 768 ut
1953 742 2181 770 conservetur
2205 735 2274 769 dis-

1286 787 1421 820 crimen
1446 786 1540 819 inter
1568 786 1804 819 ministerium
1822 785 2007 830 Evangelii
2031 793 2064 820 et
2089 787 2274 831 magistra-

1286 845 1373 872 tum.
1401 837 1640 872 Ministerium
1652 837 1835 881 Evangelii
1849 838 2018 882 proponit
2027 837 2274 882 Evangelinm,

1286 902 1348 934 per
1365 890 1461 935 quod
1473 888 1624 933 Spiritus
1640 895 1780 922 sanctus
1796 895 1846 922 est
1863 890 1982 922 efficax
1993 889 2029 921 in
2040 889 2274 928 credentibus,

1285 941 1374 975 sicut
1390 943 1425 976 2.
1446 938 1608 974 Corinth.
1627 941 1671 980 3,
1690 940 1758 986 (6.)
1778 940 1924 973 dicitur:
1956 940 2054 973 Fecit
2079 953 2143 974 nos
2167 939 2273 973 mini-

1285 998 1377 1026 stros
1396 991 1482 1025 novi
1506 991 1745 1031 Testamenti,
1773 1004 1847 1024 non
1869 991 2009 1031 literae,
2034 993 2094 1025 sed
2118 991 2274 1035 spiritus.

1285 1042 1422 1076 Interea
1447 1049 1567 1075 tamen
1590 1042 1817 1085 magistratus
1843 1055 1945 1076 snum
1976 1040 2083 1075 habet
2119 1042 2273 1076 officium

1286 1100 1489 1134 externum,
1525 1106 1570 1126 ne
1595 1094 1760 1127 scandala
1795 1100 2064 1137 proponantur,
2107 1091 2274 1137 prohibet

1286 1151 1467 1178 externam
1489 1144 1750 1184 idololatriam,
1778 1145 1867 1178 sicut
1890 1144 2084 1184 adulteria,
2112 1150 2173 1177 aut
2197 1156 2273 1178 cae-

1285 1197 1357 1230 des.
1383 1194 1423 1228 ld
1438 1195 1529 1228 clare
1545 1195 1787 1229 docetPaulus
1805 1196 1856 1241 (1.
1869 1195 1962 1229 Tim.
1975 1197 2007 1235 1,
2019 1194 2070 1239 9.)
2089 1195 2271 1241 inquiens:

1285 1246 1358 1279 Lex
1382 1252 1433 1279 est
1456 1245 1594 1278 iniustis
1619 1246 1753 1289 posita,
1796 1246 1972 1290 profanis,
2009 1246 2273 1281 contumeliosis

1285 1297 1321 1329 in
1338 1296 1466 1329 Deum.
1516 1295 1562 1328 Et
1577 1294 1672 1329 hunc
1687 1309 1789 1329 usum
1806 1297 1890 1341 legis
1914 1304 2015 1330 vocat
2031 1298 2163 1331 Paulus
2189 1298 2273 1342 legi-

1285 1348 1424 1387 timum,
1451 1344 1519 1379 hoe
1535 1353 1597 1387 est,
1624 1360 1703 1380 cum
1721 1354 1864 1380 externa
1883 1347 2068 1392 disciplina
2086 1349 2272 1392 magistra-

1285 1405 1340 1432 tus
1357 1396 1520 1431 cohercet
1534 1397 1686 1441 flagitia,
1713 1410 1804 1443 quae
1822 1411 1901 1432 cum
1921 1399 2037 1443 prima
2063 1404 2097 1432 et
2119 1399 2271 1433 secunda

1286 1449 1405 1483 tabula
1424 1455 1596 1493 pugnant.

1385 1500 1467 1534 Non
1483 1500 1590 1544 igitur
1608 1499 1795 1533 miscemus
1822 1499 1955 1540 officia,
1983 1502 2042 1534 sed
2070 1498 2175 1534 hahet
2198 1513 2272 1533 ma-

1285 1551 1450 1596 gistratus
1475 1563 1575 1585 suam
1597 1551 1835 1591 functionem,
1880 1551 2117 1596 pertinentem
2143 1552 2187 1585 ad
2214 1563 2271 1585 ex-

1286 1609 1424 1635 ternam
1440 1602 1675 1646 disciplinam,
1703 1602 1792 1635 sicut
1811 1609 1843 1635 et
1859 1602 1913 1635 lex
1930 1603 2027 1635 iubet
2043 1602 2163 1647 puniri
2180 1602 2271 1636 blas-

1285 1652 1446 1698 phemos.
1481 1653 1629 1686 Levitici
1642 1652 1709 1692 24,
1727 1652 1924 1699 (14-16.)
1945 1660 1977 1687 et
1995 1653 2190 1688 Deuteron.
2211 1655 2270 1689 12.

1286 1717 1380 1749 cap.,
1400 1704 1487 1751 (3.);
1514 1703 1612 1738 Idola
1631 1705 1776 1738 evertite
1793 1711 1857 1740 etc.
1917 1704 2033 1738 Habet
2059 1706 2167 1738 aliam
2189 1705 2270 1738 fun-

1286 1756 1439 1790 ctionem
1464 1755 1650 1801 Evangelii
1669 1755 1850 1796 minister,
1886 1762 1925 1789 ut
1950 1763 2131 1801 proponat
2152 1756 2269 1790 Evan-

1286 1807 1366 1852 gelii
1383 1807 1600 1848 doctrinam,
1627 1819 1696 1853 qua
1712 1807 1863 1851 Spiritus
1892 1814 2032 1841 sanctus
2065 1814 2116 1841 est
2139 1808 2270 1842 efficax.

1285 1859 1341 1891 Ad
1363 1857 1450 1892 haec
1474 1859 1699 1903 magistratus
1722 1858 1911 1903 praecipue
1943 1859 2047 1891 debet
2070 1871 2173 1892 suum
2196 1859 2271 1891 offi-

1287 1910 1379 1944 cium
1405 1911 1563 1944 conferre
1589 1911 1633 1942 ad
1649 1910 1798 1953 gloriam
1825 1909 1892 1942 Dei
1917 1910 2136 1949 ornandam,
2167 1910 2271 1944 debet

1287 1968 1321 1994 et
1345 1968 1543 2005 praestare,
1568 1967 1607 1994 ut
1626 1961 1738 1994 luceat
1765 1960 1935 1994 consessio
1959 1960 1995 1993 in
2022 1973 2085 1995 suo
2109 1973 2270 2002 munere,

1287 2012 1369 2057 quia
1386 2010 1423 2045 hi
1439 2019 1521 2046 sunt
1535 2013 1632 2051 fines,
1649 2012 1860 2056 principales
1869 2011 2029 2045 omnium
2039 2009 2268 2046 honestarum

1285 2064 1528 2103 functionum,
1556 2064 1592 2096 in
1612 2061 1678 2096 hac
1703 2063 1845 2107 politica
1861 2063 2039 2098 societate.
2093 2063 2181 2097 Cum
2205 2063 2269 2097 im-

1286 2121 1491 2158 peratorum
1506 2114 1654 2148 decretis
1674 2113 1947 2148 cohercerentur
1966 2114 2186 2153 Donatistae,
2215 2127 2269 2148 ca-

1286 2166 1506 2199 lumniantur
1525 2166 1762 2209 Augustinum
1786 2166 1969 2205 nonnulli,
1997 2166 2058 2212 qui
2079 2167 2269 2200 contende-

1285 2217 1371 2249 bant
1388 2223 1525 2250 tantum
1545 2218 1704 2250 docendo
1720 2218 1924 2252 refutandos
1941 2229 2012 2251 esse
2029 2216 2177 2261 impios,
2209 2219 2269 2251 sed

1286 2267 1503 2311 Augustinus
1520 2275 1613 2301 recte
1633 2270 1752 2308 docet,
1781 2270 1877 2315 quod
1895 2269 1939 2303 sit
1957 2269 1994 2302 in
2010 2268 2138 2302 talibus
2157 2271 2268 2304 causis

1287 2319 1439 2352 officium
1458 2319 1694 2363 magistratus.

1387 2370 1586 2404 Secundum
1605 2377 1865 2415 argumentum.
1916 2369 2060 2404 Nemini
2078 2370 2155 2404 licet
2169 2383 2268 2405 usur·

1286 2433 1370 2466 pare
1387 2422 1541 2455 alienum
1557 2422 1722 2463 officium,
1750 2422 1816 2456 soli
1833 2421 1987 2465 episcopi
2008 2422 2135 2455 debent
2151 2421 2269 2457 Eccle-

1286 2473 1354 2507 sias
1370 2473 1599 2507 constituere:
1629 2486 1712 2518 ergo
1736 2485 1808 2507 non
1826 2473 1907 2506 licet
1930 2473 2192 2517 magistratibus
2212 2486 2267 2508 ra-

1286 2536 1368 2569 pere
1387 2524 1542 2559 alienum
1561 2525 1726 2559 officium.

1386 2575 1442 2609 Ad
1458 2576 1633 2609 minorem
1650 2576 1846 2620 respondeo
1863 2574 2059 2619 dupliciter.
2106 2575 2266 2610 Primum

1260 2639 1261 2642 ¹
1287 2626 1510 2670 magistratus
1526 2625 1657 2661 habent
1670 2640 1771 2660 sumn
1791 2638 1918 2660 munus
1943 2627 1984 2659 de
2002 2633 2143 2659 externa
2167 2628 2267 2661 disci-

1288 2677 1402 2722 plina,
1430 2685 1469 2712 ut
1485 2679 1574 2719 dixi,
1603 2685 1635 2712 et
1651 2679 1693 2711 de
1709 2677 1950 2722 praeficiendis
1971 2677 2036 2722 piis
2053 2679 2266 2714 doctoribus.

1289 2728 1408 2774 Quare
1426 2742 1498 2763 non
1517 2729 1714 2775 impediunt
1727 2729 1880 2763 officium
1891 2729 2104 2763 docentium.
2132 2729 2266 2764 Deinde
