2347 3000
62 108 78 141 1
88 107 158 141 133
269 105 357 141 XIII.

159 190 189 237 3.
220 191 279 227 85.
332 193 528 236 Implicatns
563 195 607 226 ad
639 194 865 238 severitatem]
910 191 1045 234 πάθος.

62 243 120 276 Vel
141 246 228 287 apud
250 243 443 287 Cassianos]
479 243 515 275 id
540 250 610 283 cst,
644 256 796 279 severos.
856 245 970 280 Huius
997 252 1048 280 est

57 295 191 327 mentio
211 295 305 339 apud
322 293 527 328 Sallustinm
546 294 582 327 in
598 293 809 338 Iugurthino
828 297 921 330 bello
937 296 996 343 ⁷⁷).

164 345 250 389 Cap.
267 343 388 379 XXXI.
418 343 447 388 3.
465 345 524 379 86.
552 348 595 379 In
609 347 671 380 hac
688 349 778 381 enim
791 347 906 393 eausa]
926 347 1048 381 Minor

57 396 262 441 syllogismi.
365 397 436 430 Sed
453 409 490 429 eo
510 399 723 439 perspicuum
745 400 887 444 crimen]
923 399 959 432 id
985 405 1047 439 est,

57 447 145 480 citra
164 446 399 492 suspicionem
417 453 611 480 statuerent
620 447 684 494 ⁷⁸),
718 449 817 482 illum
840 462 913 485 esse
934 462 1048 491 reum,

58 496 151 531 hunc
167 498 405 532 innocentem.

159 547 190 593 3.
207 549 267 583 87.
300 551 493 583 Avaritiam
513 550 684 594 praefers]
718 548 754 582 id
775 557 844 591 est,
878 551 1045 586 ostendis.

58 602 123 642 Qui
153 603 342 635 societatem
369 601 505 644 coieris]
539 601 671 634 scilicet
693 613 771 634 cum
799 599 1045 647 Chrysogono.

56 654 110 684 De
131 653 326 696 municipis]
355 650 389 683 id
417 657 486 691 est,
513 651 632 685 deines
657 652 899 687 landsmanns.
978 656 1047 688 Sed

54 704 156 735 etium
190 703 342 746 offerres]
383 702 514 736 scilicet
544 704 588 735 ad
617 704 873 745 accusandum,
916 704 952 737 id
983 711 1045 744 est,

54 758 250 786 ostentares
265 753 371 785 etiam
387 760 420 786 te
438 760 599 786 autorem
617 754 721 787 fuisse
746 755 872 788 caedis.

159 801 189 847 3.
206 803 265 837 88.
293 805 429 845 Restat,
456 806 595 849 iudices]
624 804 812 838 Conclusio
837 804 1043 850 syllogismi.

53 853 99 888 Et
118 861 169 888 est
184 854 348 899 repetitio
365 855 586 898 argumenti,
615 861 648 887 et
676 855 817 889 collatio
839 855 876 888 in
903 856 1043 889 conclu-

53 905 164 940 sione.
247 909 288 940 Ut
304 911 474 951 quaestum
497 911 605 939 nosset
629 907 771 951 uallum]
806 906 841 939 id
865 913 935 947 est,
968 919 1042 940 non

54 956 320 1000 negotiabatur,
347 956 408 989 sed
422 956 605 989 fruebatur
621 957 692 990 suis
710 958 874 1002 praediis.

156 1005 389 1052 Cap.XXXIl.
420 1005 450 1051 3.
469 1007 528 1041 89.
555 1010 647 1041 Haec
662 1013 715 1048 iu,
744 1011 864 1054 Eruci]
892 1007 1042 1043 Insecta—

53 1059 103 1091 tio
120 1057 260 1097 Erucii;
287 1058 395 1091 laedit
409 1056 466 1091 hic
485 1059 558 1092 eius
575 1058 928 1106 existimationemw)
948 1067 1042 1093 atro-

53 1110 199 1144 cissimis
217 1109 434 1144 criminibus.

154 1160 240 1205 Cap.
257 1159 410 1194 XXXIII.
447 1159 476 1204 3.
493 1160 554 1196 92.
593 1163 692 1195 Video
714 1162 836 1206 iyilur]
871 1162 978 1196 Redit
997 1163 1042 1196 ad

52 1211 264 1245 institutum.
323 1212 437 1256 Supra
473 1213 691 1245 x‘oluntatem
726 1220 760 1246 et
791 1213 1040 1257 impulsionem

53 1263 235 1300 t1·actavit;
264 1262 334 1295 iam
358 1263 507 1296 facultas
523 1263 694 1308 sequitur.

155 1312 185 1357 3.
212 1313 272 1347 93.
317 1316 397 1348 Cum
415 1313 607 1357 defensione
632 1320 747 1349 nostra
770 1317 973 1360 contendito]
1005 1315 1039 1349 id

52 1372 121 1405 est,
149 1366 280 1398 confer.

155 1416 240 1460 Cap.
257 1415 412 1450 XXXIV.
442 1415 471 1460 3.
487 1415 548 1450 95.
581 1418 757 1452 Videamus
775 1430 863 1452 nunc
877 1418 1040 1462 strictim]

53 1466 285 1501 Coniecturae
304 1474 338 1500 et
352 1466 580 1512 suspiciones.

84 1588 132 1617 77)
151 1589 265 1613 sallust.
284 1589 406 1619 lugurtii.
425 1594 447 1613 c.
464 1589 506 1612 32.

86 1631 323 1688 783u51331t11t1erent]
344 1630 384 1654 sie
398 1630 482 1655 Editt.
498 1630 584 1662 1539,
604 1630 687 1659 1553..
709 1630 800 1661 1563,
819 1631 868 1654 Ed.
884 1632 959 1656 1554.
978 1633 1039 1655 sta-

82 1707 130 1736 79)
150 1707 392 1736 existimationem]
412 1707 453 1731 sic
471 1707 554 1732 Editt.
571 1707 656 1736 1539.,
678 1707 769 1737 1553„
791 1708 881 1738 1568.;
900 1708 948 1732 Ed.
965 1708 1038 1733 1554.

117 1742 343 1767 aestimationem.

410 105 693 141 ENARRATIO
726 105 987 142 ORATIONIS
1022 107 1270 145 CICERONIS
1304 108 1402 142 PRO
1438 107 1610 143 ROSCIO
1645 109 1879 146 Amisum).

1999 114 2010 145 1
2024 114 2092 145 154

1203 195 1287 240 Cap.
1311 195 1448 230 XXXV.
1492 194 1631 240 3.100.
1670 199 1768 230 Hane
1788 200 1933 240 primam
1958 211 2027 231 esse
2043 198 2089 241 Μ’)

1100 248 1346 292 lemniscatam]
1375 248 1489 287 idest,
1508 248 1697 291 insignem,
1726 248 1894 281 nobilem.
1949 247 2090 281 Lemni-

1100 299 1168 339 sci,
1194 299 1319 332 fasciae
1337 310 1356 332 a
1377 299 1518 332 coronis
1537 300 1811 343 propendentes.
1846 298 1966 331 Elevat
1988 301 2088 332 sidu-m

1101 357 1206 396 atque
1225 350 1453 383 autoritatem
1472 350 1655 395 Capitonis
1677 350 1784 384 testis.

1203 401 1288 445 Cap.
1306 401 1459 436 XXXVI.
1489 400 1625 445 §.102
1660 404 1776 448 Itaque
1793 414 1883 436 more
1909 403 2089 446 maiorum]

1099 451 1153 485 Ab
1173 452 1333 496 exemplo
1352 459 1385 485 et
1402 453 1612 493 autoritate,
1639 454 1743 486 fidem
1760 453 1899 487 testium
1919 453 2043 485 elevat.

1202 502 1232 547 3.
1250 501 1333 537 105.
1357 506 1429 548 Aye
1452 504 1584 550 numm)
1608 505 1683 549 illa]
1720 503 1840 548 Pergit
1866 505 1910 536 ad
1938 503 2088 547 reliqua,

1099 561 1133 587 et
1149 556 1331 600 quomodo
1348 555 1441 587 bona
1461 562 1578 599 empta
1596 555 1665 589 sint
1683 561 1952 588 commemorat.

1202 606 1288 650 Cap.
1305 605 1489 639 XXXYIII.
1524 605 1658 650 3.109.
1698 609 1793 640 Venit
1817 609 1853 640 in
1876 607 2001 649 decem]
2035 604 2087 637 Do

1098 657 1273 701 legatione
1292 657 1358 690 alia
1377 656 1542 701 suspicio.

1201 707 1231 752 3.
1252 708 1334 742 111.
1362 710 1404 742 In
1422 710 1567 751 privatis
1590 709 1703 753 rebus]
1730 708 1781 742 Ex
1799 708 1943 741 minori.

1202 760 1287 803 Cap.
1298 758 1386 793 XLI.
1416 758 1445 803 3.
1465 759 1547 793 119.
1576 761 1708 793 Etenim
1726 762 1882 805 qnoniam
1896 759 1995 801 fidem
2014 771 2085 791 ma-

1093 811 1211 855 qistri]
1246 810 1391 855 Repetit
1422 811 1537 844 locum
1571 810 1613 843 de
1642 811 1751 844 servis
1775 812 1818 843 ad
1842 809 2085 855 quaestionem

1097 862 1295 905 postulatis.

1200 912 1285 957 Cap.
1303 911 1424 946 XLIV.
1453 911 1584 956 5128.
1616 913 1798 946 Redin-ium
1816 907 1942 956 eurem]
1968 909 2085 941 Rodu-

1096 962 1152 995 via
1168 964 1314 998 morbus
1331 971 1400 1004 est,
1428 964 1490 1010 qui
1506 965 1640 998 Graece
1656 960 1875 1009 παρωνυχιά
1884 962 1930 1006 ⁸²)
1947 960 2087 995 (licitur.

1096 1016 1240 1060 quando
1258 1016 1346 1048 cutis
1367 1015 1457 1048 circa
1478 1027 1612 1059 ungues
1629 1013 1830 1048 resolvitur.

1198 1066 1283 1110 Cap.
1304 1065 1456 1100 XLVIII.
1486 1065 1516 1110 3.
1535 1066 1618 1100 138.
1651 1066 1757 1109 Ilaec]
1786 1063 1915 1098 scilicet
1930 1063 2083 1107 Syllana.

1095 1119 1146 1150 Ae
1170 1119 1237 1151 iam
1267 1119 1355 1152 nihil
1375 1124 1424 1152 est
1448 1120 1533 1164 qeeozl
1557 1117 1746 1164 quisquam]
1782 1115 1861 1148 Alia
1887 1114 2085 1158 occupatio,

1096 1180 1165 1212 qua
1185 1169 1252 1203 illis
1270 1169 1440 1209 occurrit,
1471 1169 1531 1214 qui
1548 1175 1644 1202 metu
1659 1180 1693 1202 se
1711 1165 1892 1211 prohiberi
1909 1165 2084 1198 (licebant.

1095 1219 1245 1263 Separat
1275 1226 1392 1253 autem
1417 1218 1641 1265 Chrysogoni
1677 1231 1817 1252 causam
1851 1230 1867 1249 a
1903 1216 2082 1249 communi

1095 1270 1210 1315 Syllae
1228 1284 1342 1304 cansa.

1196 1330 1281 1375 Cap.
1299 1329 1418 1364 XLIX.
1447 1328 1588 1374 3144.
1624 1332 1731 1373 Royat
1754 1327 1905 1373 oratque]
1931 1326 2083 1360 Perora-

1094 1381 1164 1421 tio,
1199 1390 1364 1416 constans
1388 1381 1685 1426 amplificatione,
1714 1380 1923 1418 collatione,
1952 1377 2081 1410 affecti-

1092 1432 1177 1473 bus,
1203 1433 1434 1477 indignitate,
1463 1431 1696 1478 ἀποστροφῇ.

1126 1568 1173 1600 80)
1193 1569 1268 1596 esse]
1286 1566 1335 1591 Ed.
1356 1565 1441 1591 Oretl.
1461 1570 1522 1588 esse
1540 1565 1645 1588 tamen.

1125 1620 1172 1651 81)
1193 1620 1275 1648 num]
1301 1618 1342 1642 sic
1365 1615 1555 1643 Editt.1.'›39.,
1578 1613 1670 1643 1553.,
1691 1614 1783 1643 1554..
1806 1613 1897 1641 1563.;
1925 1613 1974 1636 Ed.
1996 1612 2081 1636 oreti.

1161 1661 1245 1679 nunc.

1125 1707 1174 1735 82)
1193 1706 1272 1730 Cons.
1289 1706 1372 1729 Henr.
1388 1702 1518 1733 Stephani
1537 1702 1660 1725 thesaur.
1681 1700 1745 1731 line.
1766 1705 1881 1730 graecae
1901 1699 1942 1724 ed.
1957 1699 2032 1722 Hase
2052 1705 2066 1721 e

1161 1741 1285 1765 Dindorf.
1306 1747 1328 1763 s.
1348 1741 1373 1762 lt.
1392 1745 1418 1760 v.

354 1966 392 2001 2.
452 1963 603 2000 ALIA
642 1963 903 2000 SCHOLIA
940 1962 1210 2000 PHILIPPI
1244 1957 1774 2003 MELANTIIONIS⁸²³).

148 2083 297 2117 Roscius
313 2082 379 2115 suit
394 2083 561 2127 locuples.
614 2083 716 2116 Hunc
734 2084 861 2118 occidit
882 2096 973 2117 unus
998 2096 1038 2117 ex

51 2135 202 2180 Syllanis
224 2133 369 2167 nornine
391 2131 663 2179 Chrysogonus,
697 2142 735 2167 ut
758 2135 831 2169 eius
855 2135 1038 2168 invaderet

50 2188 156 2220 bona.
232 2186 321 2218 Cum
349 2191 465 2218 autem
493 2185 652 2225 timeret,
694 2198 736 2218 nc
762 2199 779 2218 a
807 2186 937 2220 Roscio
965 2187 1037 2219 filio

49 2238 142 2271 bona
176 2236 369 2282 aliquando
403 2248 523 2269 rursus
552 2236 618 2270 sibi
644 2237 905 2278 adimerentur,
943 2244 1037 2281 post-

52 2300 157 2334 quam
176 2288 269 2333 Sylla
292 2287 465 2320 extinctus
489 2293 595 2327 esset,
630 2300 711 2321 usus
733 2295 784 2322 est
807 2287 873 2322 hac
896 2289 1037 2329 astutia,

50 2340 225 2373 accusavit
248 2339 357 2372 filium
384 2337 574 2378 Roscium,
614 2344 785 2384 tanquam
809 2339 1037 2374 interfecisset

50 2397 198 2436 patrem.
254 2388 307 2423 Ibi
330 2389 454 2423 Cicero
479 2389 549 2433 egit
570 2401 711 2423 causam
728 2390 866 2431 Roscii,
902 2398 935 2424 et
960 2397 1036 2424 tan—

49 2449 124 2476 tum
141 2440 213 2475 odii
229 2440 442 2480 conciliavit,
470 2447 504 2474 et
520 2447 656 2474 tantum
675 2442 822 2485 periculi
840 2442 1035 2483 accersivit,

50 2500 88 2527 ut
103 2498 242 2526 coactus
261 2492 306 2526 sit
319 2498 399 2536 post
413 2489 481 2525 hoc
497 2491 665 2525 iudicium
689 2494 849 2527 secedere
873 2494 909 2526 in
926 2493 1035 2528 Grae-

83 2608 132 2636 83)
151 2608 224 2631 Haec
245 2606 349 2630 scholia
372 2605 399 2629 in
426 2606 485 2630 sola
504 2606 553 2629 Ed.
571 2606 644 2629 1568.
671 2606 845 2630 inveniuntur
869 2608 909 2632 sic
934 2609 1034 2633 inscri-

117 2644 177 2672 pta:
201 2641 264 2664 Alia
283 2640 385 2664 scholia
405 2640 498 2664 brevia
522 2640 550 2662 in
576 2640 727 2664 orationem
747 2641 888 2666 Ciceronis
908 2649 958 2673 pro
976 2645 1033 2668 Ro-

116 2674 331 2734 {ZtoeAme1·j33,
350 2674 473 2705 Philippo
486 2674 693 2698 Meiauchthone
707 2674 833 2705 privatim
847 2678 1033 2709 praelegente,

157 2716 163 2722 “
182 2711 228 2740 pta
248 2710 279 2733 10
317 2727 322 2732 .

1091 2082 1178 2115 ciam
1191 2109 1200 2122 ,
1227 2093 1271 2114 ne
1289 2080 1396 2114 simili
1413 2082 1521 2113 modo
1536 2093 1554 2113 a
1573 2081 1728 2126 quodam
1745 2078 1889 2123 Syllano
1908 2077 2078 2109 interfice-

1091 2140 1199 2167 retur.
1235 2132 1362 2171 ἄλλως.
1416 2131 1544 2164 Oratio
1561 2138 1611 2165 est
1627 2130 1765 2176 generis
1784 2129 1976 2168 iudicialis,
2008 2135 2076 2161 sta-

1088 2191 1143 2218 tus
1161 2191 1211 2218 est
1229 2183 1486 2217 coniecturalis.
1537 2182 1600 2216 Est
1625 2182 1718 2215 enim
1746 2180 1924 2226 quaestio,
1952 2191 1996 2211 an
2020 2191 2077 2209 w·

1088 2236 1234 2270 risimile
1264 2234 1309 2268 sit
1338 2241 1475 2278 patrem
1501 2233 1669 2267 Roscium
1697 2246 1715 2265 a
1745 2232 1816 2265 filio
1853 2231 2074 2263 intersectum

1088 2300 1172 2321 esse.
1225 2285 1348 2319 Cicero
1367 2285 1524 2318 defendit
1541 2285 1708 2318 Roscium
1730 2295 1800 2315 non
1829 2294 1846 2313 a
1871 2281 1941 2314 filio
1968 2281 2075 2313 inter-

1087 2339 1236 2376 fectum,
1263 2343 1296 2369 et
1318 2336 1429 2370 utitur
1448 2336 1533 2370 locis
1550 2334 1865 2372 coniecturalibus,
1893 2332 2074 2365 voluntate

1087 2396 1121 2422 ct
1137 2389 1308 2435 ¹‚facultate
1331 2387 1441 2420 filium
1465 2398 1648 2432 nunquam
1671 2385 1775 2419 fuisse
1791 2384 1946 2417 alienum
1969 2397 1987 2415 a
2016 2394 2075 2426 pa-

1087 2447 1157 2480 tre,
1198 2452 1261 2472 nec
1292 2438 1448 2483 potuisse
1478 2438 1512 2471 id
1544 2439 1670 2471 facere.
1735 2434 1950 2469 Huiusmodi
1973 2445 2075 2475 argu-

1086 2497 1205 2525 menta
1229 2497 1358 2523 vocant
1386 2488 1546 2523 rhetores
1576 2487 1883 2534 praesumptiones
1904 2498 1965 2519 sen
1995 2496 2076 2517 con-

1086 2543 1248 2576 iecturas.
1314 2541 1431 2574 Habet
1456 2537 1784 2587 ἆντικατηγορίαν,
1824 2536 1893 2571 hoc
1918 2543 1988 2575 est,
2020 2548 2074 2568 rc-

1086 2593 1392 2632 criminationein,
1420 2604 1510 2637 quae
1529 2591 1721 2636 plurimum
1738 2591 1830 2623 valet
1849 2589 1886 2621 in
1904 2586 1969 2621 hac
1993 2598 2073 2620 cau-

1085 2658 1135 2679 sa.
1206 2643 1349 2677 Crimen
1383 2644 1476 2676 enim
1507 2643 1718 2676 transfertur
1751 2641 1787 2674 in
1819 2645 2072 2675 accusatorem,

1085 2703 1115 2729 et
1140 2696 1248 2729 multa
1266 2695 1348 2728 dicit
1375 2696 1416 2729 de
1435 2693 1574 2728 licentia
1592 2694 1741 2728 istorum
1759 2700 1972 2737 temporum.
2015 2688 2070 2721 Ci-
