2347 3000
220 123 312 160 1231

321 205 351 251 ἓ.
368 204 427 241 20.
455 197 615 247 Obsecro]
643 197 816 243 Quintum
827 195 874 242 ⁴²⁹)
901 197 1151 239 argumentum
1168 202 1210 225 ex

219 259 348 305 signis,
390 268 431 289 ex
456 254 552 288 cultu
575 257 608 283 et
637 255 751 293 gestu:
793 247 1008 291 Magnorum
1039 243 1211 278 scelerum

222 308 495 355 significationes
512 307 684 348 apparent
704 301 739 332 in
763 299 862 332 vultu
886 304 919 331 et
943 303 1053 341 gestu,
1104 293 1212 328 Deio-

223 371 321 398 tarus
347 367 430 393 tunc
450 356 517 390 suit
542 352 662 386 animo
692 351 846 384 maxime
879 347 1092 394 tranquillo,
1134 344 1213 379 nul-

223 416 296 448 lam
324 408 489 457 praebuit
516 403 809 449 significationem
841 400 947 435 ullius
977 396 1215 444 perturbatio-

225 466 299 500 nis:
328 474 411 505 ergo
430 465 504 492 tota
523 468 578 490 res
595 461 646 487 est
664 454 824 487 conficta.
905 447 1065 497 Obsecro]
1093 445 1217 486 πάθος

228 519 272 551 ab
294 513 481 549 hominum
508 506 673 551 gestibus.
759 501 878 550 Illius]
912 502 1042 536 scilicet
1059 512 1130 546 quo
1147 498 1217 532 dis-

228 565 357 602 cessisti
385 563 420 595 in
443 558 655 594 cubiculum.
749 558 841 590 IVum
864 553 963 600 quae]
996 552 1112 595 Signis
1136 561 1219 595 pro-

227 622 302 654 bat.
383 606 593 656 Trepidario]
623 607 753 642 scilicet
775 606 852 639 suit.
930 599 1102 649 Hominis]
1130 599 1220 635 scili-

229 677 283 705 cet
304 663 479 701 Deiotari.
559 661 646 702 Quid
670 657 790 703 iyitur]
826 655 1003 690 Sabim-tio
1031 666 1093 699 per
1114 653 1222 685 inter-

229 720 476 765 rogationem,
503 711 602 758 quasi
624 710 773 743 diceret:
810 708 845 741 Si
873 706 1020 739 insidiae
1041 712 1115 738 tum
1139 702 1224 737 fuis-

233 779 329 810 sent,
370 769 404 800 id
429 764 524 799 haud
548 762 654 796 dubie
677 761 731 793 vel
756 773 795 793 cx
821 757 976 791 hominis
1004 757 1125 795 vultu,
1168 753 1224 786 vel

236 824 343 857 etiam
359 815 597 862 trepidatione
620 809 921 857 deprehendisses.
997 802 1225 851 L‹11‹u‹m³⁰)]

235 876 272 909 id
298 879 367 911 est,
399 868 461 903 uhi
484 866 647 904 lavisses,
681 862 783 909 quasi
808 862 918 894 dicat:
958 865 1039 893 ante
1067 868 1226 891 coenam.

239 920 436 964 caenatum]
464 919 500 951 id
517 924 587 956 est,
616 928 694 949 eum
713 925 906 947 coenasses.

340 972 371 1018 {-
389 972 450 1008 21.
477 965 608 1015 lnquit]
638 966 769 1001 scilicet
793 969 988 997 accusator.
1066 954 1228 1005 Distulit]

238 1027 369 1064 scilicet
384 1022 576 1057 Deiotarus
592 1025 624 1051 te
645 1017 815 1050 occidere.
893 1012 1086 1055 Castellum]
1116 1011 1150 1042 id
1168 1015 1230 1048 est,

239 1077 425 1123 oppidum.
534 1067 730 1113 Persic-eres]
775 1066 906 1100 scilicet
934 1070 967 1095 te
1000 1062 1232 1094 interimeret.

240 1129 338 1173 Loci]
365 1126 402 1159 id
425 1129 496 1163 est,
521 1132 597 1154 non
621 1118 798 1161 intelligo,
828 1128 888 1149 cur
913 1115 1031 1147 locum
1056 1117 1234 1145 mutatum

239 1177 395 1214 voluerit
408 1174 612 1208 Deiotarus.
691 1168 894 1211 Griminose]
923 1165 957 1198 id
979 1170 1048 1202 est,
1082 1163 1146 1196 ista
1170 1163 1235 1195 fin-

241 1237 373 1278 guntur
389 1226 490 1260 valde
510 1221 713 1267 suspiciose.
791 1218 922 1265 Inquit]
949 1215 1080 1251 scilicet
1095 1225 1236 1247 accusa-

243 1291 313 1318 tor.
365 1279 513 1313 Movere
532 1274 593 1308 alii
609 1274 748 1316 legunt,
777 1270 837 1303 alii
860 1280 943 1301 vero
961 1277 1117 1300 vomere.
1190 1266 1237 1298 At

244 1342 275 1370 te
299 1331 428 1375 eadem]
461 1324 660 1370 Sextum³¹)
688 1327 956 1367 argumentum:
990 1318 1027 1352 Si
1050 1317 1087 1349 in
1107 1315 1236 1349 balneo

244 1383 364 1432 potuit
394 1380 567 1415 collocare
591 1374 758 1415 insidias,
798 1372 970 1418 potuisset
993 1369 1100 1402 etiam
1124 1374 1239 1400 trans-

245 1439 338 1471 ferre
362 1434 401 1467 in
425 1429 644 1468 cubiculum,
686 1427 746 1460 sed
777 1425 814 1457 in
838 1422 999 1457 cubiculo
1024 1419 1143 1454 nullae
1166 1419 1240 1451 fue-

246 1493 349 1523 runt:
378 1495 462 1527 ergo
482 1481 590 1515 etiam
615 1490 690 1511 non
713 1478 857 1511 fuerunt
880 1475 917 1507 in
938 1473 1079 1506 balneo.
1157 1471 1241 1504 For-

247 1538 348 1583 tuna]
375 1534 507 1570 scilicet
524 1542 614 1578 quae
639 1535 742 1563 antea
769 1538 920 1571 semper.
999 1518 1123 1569 Malle]
1151 1520 1242 1555 scili-

252 1597 307 1625 cet
323 1599 431 1635 quam
447 1585 485 1618 in
500 1583 689 1620 balneum,
713 1579 775 1614 ubi
799 1584 900 1612 erant
923 1575 1085 1610 insidiae.
1164 1572 1242 1616 Dii]

251 1638 452 1676 ExecratiO.
605 1632 747 1676 Amens]
792 1629 924 1663 scilicet
957 1632 1074 1659 mente
1110 1629 1242 1666 captus.

254 1688 390 1736 Quid2]
418 1684 635 1722 confutatio.
714 1681 840 1726 Siqua]
868 1678 998 1713 scilicet
1014 1675 1140 1722 quibus
1159 1674 1245 1706 Cae-

254 1754 372 1779 sarem
402 1748 592 1772 munerare
623 1733 747 1767 voluit.
851 1729 993 1773 Balnea]
1030 1726 1161 1761 scilicet
1184 1724 1245 1758 ubi

257 1799 360 1829 erant
378 1796 471 1824 ante.
556 1783 772 1829 Transferrz']
799 1782 930 1815 scilicet
945 1792 1007 1824 per
1023 1777 1246 1811 Deiotarum.

256 1844 382 1889 Habes]
417 1837 654 1885 Approhatio.
742 1833 864 1878 Dixit]
898 1831 1029 1866 scilicet
1053 1833 1247 1862 accusator.

257 1894 404 1939 Horum]
441 1887 675 1925 Confirmatio
700 1884 926 1919 accusatoris.
1021 1882 1108 1923 Quid
1129 1876 1247 1922 ΐιυηὲ]

259 1947 455 1993 Septimum
467 1942 513 1988 32)
545 1944 793 1984 argumentum
828 1942 879 1970 est
902 1936 1004 1968 firma
1030 1931 1248 1965 coniectura:

259 2000 343 2035 Non
360 2003 410 2031 est
427 1993 593 2028 credibile
611 1989 742 2024 dimitti
758 1987 937 2021 conscium
954 1983 1162 2030 praesertim
1178 1981 1250 2014 Ro-

260 2062 374 2085 mam:
414 2058 498 2090 ergo
531 2044 560 2078 si
592 2041 750 2076 'Medicus
779 2039 901 2072 suisset
933 2035 1110 2073 conscius,
1152 2033 1250 2066 nullo

261 2102 371 2136 modo
397 2102 487 2131 esset
508 2096 633 2129 missus
647 2093 815 2125 Romam.
892 2091 995 2131 Quem
1013 2086 1194 2129 conscium]
1222 2083 1253 2116 A

262 2153 354 2197 regis
377 2151 482 2183 facto.
566 2139 832 2188 Vindiem·e³³)]
862 2141 897 2173 id
923 2146 992 2178 est,
1020 2137 1146 2182 punire
1173 2147 1250 2168 eum

265 2205 459 2239 absentem.

368 2252 399 2297 ἓ.
422 2253 483 2286 22.
524 2247 671 2291 Gonscii]
706 2244 835 2278 scilicet
861 2241 1084 2276 insidiarum.
1192 2238 1254 2280 Te]

265 2305 397 2342 scilicet
409 2301 587 2336 Medicum
606 2299 766 2331 Servum.
821 2292 1039 2327 Confutatio.
1116 2290 1256 2333 Eadem]

266 2357 398 2393 scilicet
420 2352 565 2386 insidias
589 2352 697 2383 factas
716 2346 876 2386 Caesari,
911 2343 1009 2390 quasi
1036 2342 1146 2375 dicat:
1183 2352 1256 2373 non

268 2415 318 2443 est
334 2404 536 2440 verisimile.

305 2532 351 2559 29)
373 2529 514 2560 Quintum]
535 2526 595 2551 huic
613 2532 718 2557 quoque
738 2523 798 2548 voci
817 2522 843 2547 in
862 2522 910 2547 Ed.
929 2521 1002 2546 1568.
1022 2518 1143 2544 auctoris
1161 2522 1258 2541 nomen

343 2565 489 2596 praefixum
510 2564 566 2586 est:
587 2561 654 2585 Phil.
673 2560 735 2584 Mel.

307 2609 356 2636 30)
378 2607 520 2634 Lautum]
541 2604 580 2628 sic
599 2604 735 2627 Edam-1.
757 2604 782 2626 ct
801 2601 853 2631 al.;
881 2601 929 2624 Ed.
951 2598 1035 2624 orell.
1058 2598 1156 2621 lotum.

309 2650 356 2680 ³1)
377 2650 502 2676 sextum]
522 2648 569 2670 Ed.
587 2647 661 2671 1568.
681 2645 749 2669 Phil.
769 2645 832 2667 Met.
853 2645 971 2667 sextum.

309 2695 356 2721 32)
377 2692 540 2721 septimum]
559 2690 607 2713 Ed.
627 2689 698 2712 1565.
719 2688 786 2711 Phil.
806 2687 866 2710 Mel.
888 2686 1045 2714 septimum.

309 2737 358 2765 33)
384 2735 552 2762 Vindicate]
573 2733 612 2756 sic
631 2732 678 2755 Ed.
695 2731 768 2754 1568.
790 2732 817 2753 ct
836 2730 886 2760 at.;
912 2728 960 2752 Ed.
982 2726 1066 2751 Orctl.
1088 2725 1227 2749 indicare.

789 108 913 145 PfflL.
947 105 1059 142 MEL.
1096 102 1298 139 SCMPTA
1332 100 1668 138 PHILOLOGICA.

1267 294 1348 331 λως.

1265 342 1470 376 Adversarii
1488 342 1581 375 enim
1597 341 1782 375 dicebant:
1809 340 2000 375 Deiotarus
2019 341 2156 386 optavit
2170 340 2257 374 Cae·

1267 394 1355 429 saris
1372 394 1567 428 interitum.

1268 458 1362 480 nem.

2149 103 2247 138 1252

1365 188 1452 234 Cap.
1477 186 1569 223 Vm.
1617 185 1647 232 §-
1671 190 1733 224 22.
1781 188 1938 234 Reliqua]
1981 186 2187 222 Confutatio
2202 187 2250 232 ³⁴)

1265 240 1417 274 aliorum
1434 240 1660 286 quorundam
1678 240 1862 283 signorum
1879 246 1913 272 et
1932 239 2133 273 criminum.
2188 237 2254 272 ἄλ·

1418 291 1587 324 Consutat
1623 290 1798 336 reliquam
1833 290 2067 324 accusationis
2102 295 2254 335 partem·

1646 393 1802 439 Reliqua]
1827 392 2009 427 Transitio
2028 404 2091 437 per
2114 391 2258 425 dix-isio·

1458 445 1546 489 Una]
1582 443 1772 478 Confutata
1796 444 2016 478 accusatione
2041 445 2083 477 de
2110 442 2259 482 insidiis,

1270 510 1334 542 per
1356 495 1567 530 divisionem
1586 495 1760 541 reliquam
1787 501 1926 540 partem
1949 494 2182 529 accusationis
2205 505 2260 526 re-

1272 549 1359 593 petit
1377 554 1410 581 et
1425 547 1596 581 confutat.

1273 600 1404 634 scilicet
1422 605 1586 643 paratum
1604 597 1708 631 fuisse
1727 599 1771 630 ad
1787 610 1822 630 se
1841 598 2114 631 defendendum.

1274 652 1341 696 mo]
1374 651 1408 683 id
1433 656 1503 690 est,
1537 649 1630 682 male
1657 649 1801 682 ass'ertus
1827 649 1870 682 de
1896 655 1940 682 te.

1275 701 1493 747 Propositio.

1678 543 1768 594 Una]
1796 545 1926 580 seilicet
1942 546 2019 580 suit.
2095 544 2264 590 specum]

2173 597 2264 630 Ani-

2017 651 2072 682 De
2094 646 2263 691 exercitu]

1571 701 1767 746 Nunquam]
1796 698 2000 733 Consultatio
2018 698 2161 732 alterius
2183 707 2266 742 par-

1278 753 1320 787 tis
1359 754 1402 786 ab
1440 751 1667 796 impossibili,
1715 763 1777 784 seu
1817 763 1835 783 a
1874 751 2044 796 qualitate
2072 749 2268 795 copiarum.

1279 804 1502 848 Latrociuiis]
1530 803 1661 837 scilicet
1680 801 1938 836 vastationibus
1954 799 2123 836 hostium.

2200 802 2269 834 Ae-

1281 856 1357 902 que]
1385 851 1509 893 πάθος
1532 866 1551 887 a
1577 855 1733 887 fortuna.
1816 854 1935 898 Tueri]
1972 853 2102 887 scilicet
2123 857 2269 897 propter

1282 905 1501 940 calamitates
1533 911 1693 949 acceptas
1720 905 1756 937 in
1782 904 1895 944 bello,
1929 911 1962 937 et
1983 911 2130 949 propter
2152 904 2272 936 adem-

1282 964 1381 1003 ptam
1406 956 1591 990 ditionem.

1389 1022 1419 1068 ἓ.
1437 1024 1497 1059 23.
1530 1026 1576 1058 At
1602 1023 1710 1066 misit]
1736 1021 1915 1067 Repetitio
1941 1022 2149 1056 obiectionis
2175 1032 2274 1055 accu—

1285 1076 1424 1111 satoris.
1506 1071 1734 1120 Caeliumsss‘ss
1763 1074 1864 1119 quasi
1881 1074 1991 1107 dicat:
2020 1073 2101 1108 Non
2126 1079 2177 1106 est
2202 1084 2275 1105 cre-

1286 1126 1393 1161 dibile
1411 1124 1545 1159 misisse
1570 1125 1615 1157 ad
1639 1123 1819 1168 privatum
1844 1126 2034 1171 quendam.
2114 1123 2277 1167 caelium]

1287 1178 1418 1213 scilicet
1433 1176 1676 1210 adversarium
1702 1181 1823 1215 tuum,
1852 1189 1872 1209 o
1892 1176 2032 1210 Caesar.
2110 1174 2194 1217 Sed]
2223 1172 2278 1206 ln-

1288 1229 1433 1264 fitiatio:
1461 1227 1537 1261 Imo
1554 1239 1627 1259 non
1643 1226 1750 1260 misit.
1811 1229 1957 1272 Quaero]
1973 1226 2103 1260 scilicet
2123 1226 2277 1269 disputo,

1289 1281 1427 1324 Reyem]
1461 1278 1592 1312 scilicet
1616 1277 1840 1312 Deiotarum.
1942 1278 2116 1322 Mitteret]
2149 1276 2282 1311 scilicet

1291 1330 1517 1365 adCaelium.
1585 1329 1665 1374 Eos]
1691 1328 1775 1369 Alii,
1804 1328 1865 1374 qui
1881 1329 1978 1363 missi
1995 1335 2121 1368 essent,
2147 1328 2280 1372 legunt.

1292 1382 1468 1426 Paruisse]
1501 1379 1634 1415 scilicet
1660 1379 1846 1414 Deiotaro.
1959 1380 2118 1424 Causam]
2152 1379 2283 1413 scilicet

1292 1432 1610 1478 Pompeianorum.
1676 1429 1769 1466 Phil.
1804 1430 1887 1465 Mel.
1927 1430 2093 1475 intelligit
2129 1441 2284 1470 causam,

1294 1485 1424 1520 scilicet
1441 1484 1483 1517 de
1503 1495 1584 1516 aere
1601 1482 1730 1517 alieno.
1809 1483 1953 1528 Victum]
1977 1482 2107 1516 scilicet
2124 1480 2284 1515 Caelium

1295 1536 1415 1571 statim
1435 1546 1644 1580 oppressum
1662 1546 1747 1568 esse.
1825 1534 1899 1578 An]
1929 1533 2133 1567 Consutatio
2153 1533 2197 1566 ab
2221 1530 2286 1566 hu—

1295 1587 1445 1621 militate
1462 1598 1636 1632 personae
1647 1584 1770 1620 Caelii.
1836 1585 2030 1629 Hominem]
2058 1583 2160 1630 quasi
2176 1583 2285 1617 dicat:

1297 1639 1456 1674 minime.
1559 1638 1624 1678 Qui
1647 1637 1782 1680 optime]
1816 1635 1994 1669 Dilemma
2020 1641 2089 1669 est:
2127 1634 2287 1669 Caelium

1298 1694 1541 1724 contemneret
1558 1688 1766 1727 Deiotarus,
1794 1687 1847 1719 vel
1865 1687 1947 1731 quja
1972 1698 2045 1719 non
2069 1692 2205 1726 nosset,
2232 1685 2288 1719 vel

1299 1741 1381 1787 quia
1400 1746 1519 1774 nosset
1535 1737 1718 1772 hominem
1738 1738 1924 1771 abiectum.
1958 1737 2040 1772 Non
2057 1737 2165 1782 igitur
2180 1736 2289 1772 misit.

1402 1807 1433 1853 ᾗ.
1451 1807 1511 1844 24.
1537 1808 1694 1851 Addidit]
1721 1805 1904 1839 Transitio
1930 1805 1976 1838 ad
1998 1805 2106 1839 aliam
2123 1804 2292 1839 obiectio-

1300 1872 1394 1894 nem.
1525 1858 1682 1902 Blisisse]
1725 1857 1856 1891 scilicet
1885 1856 2097 1890 Deiotarum
2135 1855 2291 1892 Caesari

1308 1910 1456 1954 Veteres]
1483 1909 1615 1943 scilicet
1632 1908 1712 1954 quia
1731 1908 1830 1953 prius
1848 1908 1885 1940 in
1900 1908 2001 1941 bellis
2019 1907 2193 1942 Romanis
2217 1908 2293 1942 fue·

1304 1969 1397 1996 runt.
1450 1960 1516 1994 lste
1540 1960 1606 1994 suit
1629 1960 1714 1992 olim
1738 1971 1834 1999 mos,
1870 1961 1966 2004 quod
1989 1959 2172 1993 orientalis
2195 1959 2296 2005 equir-

1304 2020 1398 2048 tatus
1412 2013 1519 2046 suerit
1532 2011 1657 2045 leviter
1672 2011 1883 2051 instructus,
1911 2017 1944 2044 et
1966 2017 2104 2044 tantum
2130 2011 2175 2044 ad
2199 2010 2295 2044 velo-

1305 2066 1467 2105 citatem,
1493 2064 1582 2098 sicut
1599 2060 1705 2096 hodie
1721 2070 1771 2096 est
1790 2062 1961 2095 Turcicus
1985 2062 2174 2108 equitatus.
2227 2060 2295 2096 Oc-

1307 2116 1488 2150 cidentalis
1507 2121 1625 2147 autem
1642 2115 1708 2148 suit
1726 2115 1814 2148 bene
1831 2113 2020 2147 instructus
2042 2114 2086 2146 ad
2109 2113 2296 2147 statariam

1309 2180 1483 2213 pugnam,
1532 2167 1577 2199 ad
1614 2166 1877 2205 dimicandum,
1923 2165 2011 2198 sicut
2040 2170 2091 2198 est
2120 2163 2296 2210 equitatus

1309 2218 1554 2254 Germanicus.
1636 2219 1782 2262 Veteres]
1817 2216 2020 2249 Consulatio
2045 2227 2108 2260 per
2131 2221 2297 2249 extenua-

1311 2272 1456 2304 tionem.
1528 2270 1651 2313 Tuum]
1679 2269 1808 2301 scilicet
1825 2265 1913 2300 nihil
1930 2268 1973 2299 ad
1993 2267 2299 2311 comparationem

1311 2322 1362 2356 tui
1385 2320 1573 2366 equitatus,
1666 2320 1808 2365 Habuit]
1842 2319 1970 2352 Caesar
1996 2316 2120 2351 habuit
2145 2318 2241 2363 apud
2263 2329 2299 2351 se

1312 2373 1447 2419 equites
1472 2370 1632 2411 italicos,
1666 2371 1820 2404 Gallicos
1851 2377 1884 2403 et
1904 2369 2153 2408 Germanicos;
2194 2368 2302 2402 Deio-

1312 2432 1408 2458 tarus
1435 2435 1519 2456 xero
1541 2420 1664 2456 habuit
1688 2428 1824 2455 tantum
1847 2421 2031 2455 Asiaticos.
2135 2419 2306 2464 Numero]

1313 2476 1443 2510 seilicet
1460 2474 1631 2520 equitum.
1684 2473 1888 2506 Adversarii
1908 2478 2044 2505 tantum
2062 2469 2148 2505 haec
2167 2471 2303 2505 obiece—

1313 2534 1417 2568 runt,
1444 2533 1483 2560 ut
1501 2531 1732 2559 extenuarent
1748 2524 1914 2558 benefida
1931 2522 2105 2558 Deiotari.
2182 2523 2303 2558 IVescio

1348 2668 1396 2696 3⁴)
1416 2665 1592 2694 confutatio]
1612 2664 1659 2687 Ed.
1681 2662 1754 2686 1568.
1774 2662 1841 2686 Phil.
1862 2661 1924 2686 Mel.
1946 2660 2112 2685 confutatio.

1349 2720 1398 2749 ³5)
1420 2718 1566 2746 Caelium]
1586 2716 1627 2739 sie
1646 2715 1694 2738 Ed.
1706 2714 1779 2738 1568.
1797 2715 1824 2737 ct
1839 2713 1892 2743 al.;
1918 2712 1967 2737 Ed.
1983 2712 2068 2737 orell.
2090 2711 2255 2737 Caecilium.
