2347 3000
39 127 111 165 457

37 215 143 248 Hebr.
163 213 196 255 6,
213 213 323 260 (16.):
351 213 476 247 Omnis
493 213 754 246 controversiae
775 211 854 245 finis
876 218 926 245 est
953 211 1021 244 ius-

37 267 241 300 iurandum.
299 264 344 298 Et
368 264 595 309 praecipuum
620 263 800 296 vinculum
816 268 867 296 est
884 262 1019 307 politici

39 317 185 350 ordinis.

140 368 285 400 Constat
303 371 419 398 autem
436 365 620 409 politicum
645 365 806 399 ordinem
829 377 847 397 a
866 363 941 396 Deo
968 363 1021 395 in-

39 418 196 451 stitutmn
216 423 248 449 et
265 417 500 460 approbatum
519 429 608 450 esse:
637 430 710 450 non
727 416 873 450 dubium
892 421 942 448 est
959 413 1021 457 igi-

39 476 96 502 tur
115 474 148 500 et
164 467 408 500 iusiurandum
425 468 629 511 approbari.
681 468 727 502 Et
744 467 876 500 Paulus
893 475 1020 508 magna

39 517 306 561 exaggeratione
323 518 417 551 iurat
432 518 538 553 Rom.
557 519 592 560 9,
608 519 694 565 (1.):
728 519 922 552 Veritatem
942 516 1020 548 dico

38 569 75 601 in
93 567 233 601 Christo
249 568 325 602 Iesu
337 596 345 608 ‚
374 576 437 603 etc.

139 619 331 664 Quomodo
348 620 454 664 igitur
476 621 609 653 dictum
631 620 667 652 in
684 617 864 652 Matthaeo
889 616 1022 649 lenien-

37 670 120 703 dum
139 670 212 703 est?
266 670 496 715 Respondeo:
523 671 629 704 Recte
646 669 813 703 institutis
836 675 871 702 et
893 665 1022 700 intelli-

38 721 200 764 gentibus
221 721 409 755 discrimen
433 721 517 765 legis
542 728 575 755 et
593 721 796 765 Evangelii,
825 732 865 752 ac
887 717 1022 763 politici

39 772 174 805 ordinis
190 772 300 806 facilis
321 779 371 806 est
393 773 588 817 explicatio.
649 772 781 805 Totum
806 770 893 803 illud
919 774 1024 812 caput

38 823 197 867 loquitur
214 835 287 855 non
304 824 346 856 de
364 824 508 867 politico
535 823 678 863 ordine,
712 823 773 856 sed
798 823 840 854 de
865 819 949 863 legis
970 819 1022 851 in-

39 874 312 917 terpretatione,
341 886 429 919 quae
445 875 665 917 singulorum
685 874 792 906 corda
812 871 939 916 arguit.
975 870 1024 902 Ut

39 936 113 956 non
147 924 237 956 tollit
271 924 451 968 politicam
487 925 745 965 defensionem,
793 936 872 956 cum
908 920 1024 966 inquit

40 972 183 1019 (Matth.
203 972 238 1014 5,
257 974 349 1021 39.):
379 975 462 1009 Non
486 976 606 1010 resiste
628 977 735 1010 malo,
787 974 1023 1019 Nequaquam

41 1025 134 1058 enim
168 1023 224 1058 hic
257 1026 438 1060 constituit
471 1027 652 1071 politiam,
705 1026 765 1060 sed
804 1025 1024 1068 singulorum

40 1077 144 1109 corda
172 1077 308 1120 arguit,
349 1077 437 1111 sicut
465 1084 567 1111 antea
597 1077 685 1110 dixit
709 1074 853 1123 (Matth.
872 1074 907 1116 5,
929 1074 1024 1119 280:

41 1127 112 1172 Qui
141 1127 356 1172 concupiscit
384 1129 528 1162 alterius
558 1141 726 1167 uxorem,
770 1133 820 1160 est
846 1124 1026 1159 moechus.

39 1177 90 1211 Ita
110 1176 165 1210 hic
186 1178 269 1212 laesi
291 1179 497 1223 praesertim
522 1179 649 1212 iniuste
672 1178 910 1211 incenduntur
931 1176 1027 1219 cupi-

42 1230 150 1262 ditate
168 1229 360 1269 vindictae,
389 1237 422 1263 et
440 1230 491 1263 ira
511 1237 544 1263 et
561 1231 683 1263 dolore
703 1230 866 1262 ardentes
882 1233 1028 1260 movent

42 1279 203 1324 imperia,
231 1281 320 1314 sicut
332 1281 542 1314 Coriolanus
560 1281 678 1313 intulit
693 1281 823 1313 bellum
841 1278 1027 1323 patriae-⁵),

43 1332 85 1364 de
103 1344 172 1376 quo
191 1332 273 1364 dicit
292 1330 497 1377 historia&
525 1329 612 1367 οὐδὲ
634 1329 655 1376 ἡ
677 1328 799 1365 πάντα
821 1329 849 1364 τ’
874 1327 1028 1375 ἀνθρώ-

43 1394 132 1416 πινα
163 1382 411 1428 ἐπικοσμοῦσα
442 1380 549 1430 χάρις
582 1383 672 1427 ἐπῆν
707 1380 824 1416 αὐτοῦ
856 1377 1027 1427 τρόπους,

46 1430 118 1466 ἀλλ’
140 1431 195 1467 ἀεὶ
211 1432 338 1480 πικρὸς
353 1430 410 1480 ἦν.

145 1482 218 1516 Iam
245 1484 339 1518 Deus
371 1485 408 1518 in
440 1484 733 1530 interpretatione
764 1484 850 1529 legis
875 1481 1028 1517 ostendit

44 1541 226 1579 peccatum
246 1548 316 1569 esse
334 1548 406 1569 non
426 1537 539 1570 solum
565 1544 744 1570 externam
772 1537 912 1569 caedem
926 1561 934 1575 ,
968 1534 1027 1567 sed

45 1586 151 1618 etiam
184 1586 261 1620 illas
285 1587 445 1620 flammas
471 1588 543 1621 odii
567 1594 600 1621 et
626 1587 826 1632 cupiditatis
852 1585 1028 1619 vindictae

44 1643 175 1669 temere
193 1644 361 1671 errantes.
423 1638 532 1682 Quasi
558 1639 666 1671 dicat:
698 1639 779 1672 Non
804 1639 934 1683 loquor
957 1636 1028 1668 iam

44 1688 87 1720 de
105 1687 307 1720 defensione
323 1688 486 1732 politica,
522 1702 600 1723 cum
625 1689 758 1733 poteris
782 1701 858 1721 eam
887 1686 1030 1726 habere,

44 1738 173 1776 utaris;
213 1751 307 1772 nunc
330 1746 444 1773 tecum
468 1740 504 1772 in
529 1741 659 1773 iudicio
678 1740 744 1773 Dei
769 1741 812 1773 de
839 1745 899 1773 tuo
926 1738 1029 1771 corde

45 1790 193 1835 loquor,
237 1802 384 1833 agnosce
412 1791 616 1824 inordinata
638 1791 802 1824 incendia
827 1790 941 1824 cordis
967 1789 1031 1829 tui,

47 1841 141 1886 quod
158 1841 277 1873 fremit
299 1842 465 1876 adversus
484 1842 617 1883 Deum,
654 1849 688 1875 et
708 1842 910 1875 inordinate
936 1841 1032 1886 cupit

47 1893 162 1924 delere
181 1892 434 1926 adversarium.

147 1941 197 1974 Ita
227 1943 268 1975 de
301 1943 521 1984 iuramento,
562 1956 635 1977 non
666 1941 832 1988 prohihet
856 1943 1032 1976 Dominus

48 1994 245 2026 iuramenta
270 1994 402 2027 sancita
426 1996 500 2039 lege
525 1995 608 2036 Dei,
643 1996 697 2027 vel
724 1995 848 2028 ordine
874 1995 1030 2038 politico.

48 2044 158 2089 Quasi
182 2044 290 2077 dicat:
336 2045 454 2078 Utaris
485 2047 610 2079 ordine
640 2046 806 2090 politico,
842 2058 919 2078 cum
944 2058 1032 2090 opus

49 2102 117 2135 est,
152 2107 245 2128 nunc
268 2096 414 2129 seorsim
437 2097 638 2130 futilitatem
665 2097 780 2131 cordis
805 2095 950 2129 humani
977 2109 1032 2129 ac-

49 2159 152 2186 cuso,
190 2147 285 2191 quod
309 2159 381 2179 non
406 2148 625 2188 considerat,
669 2160 775 2194 quam
809 2148 1031 2181 formidabile

47 2197 226 2230 vinculum
245 2197 289 2230 sit
304 2197 562 2239 iuramentum,
590 2205 625 2232 et
641 2206 812 2245 quantum
832 2199 964 2232 malum
989 2199 1033 2233 sit

84 2327 115 2356 5)
132 2328 179 2352 Cn.
199 2326 318 2352 Marcius
339 2327 502 2352 Coriolanus
520 2329 626 2359 patriae
647 2329 737 2353 intulit
757 2329 854 2352 betium
873 2329 1031 2353 490—488.

121 2367 145 2385 a.
160 2361 239 2389 Cina,
258 2362 408 2385 281—266
427 2368 450 2385 a.
468 2370 492 2387 u.
507 2370 544 2391 0.,
563 2364 616 2387 vid.
635 2364 692 2387 Liv⁴
710 2364 743 2393 ΙΙ,
761 2364 887 2389 36-40.
919 2363 1032 2394 Dionys

117 2395 189 2423 wli,
211 2396 346 2427 12—5⁴.‚
366 2396 435 2419 Piut.
457 2397 558 2421 Corioi.
577 2404 599 2422 c.
613 2398 736 2422 26—38.

85 2446 116 2474 6)
136 2442 195 2468 οῦδὲ
216 2443 229 2474 ἦ
250 2444 340 2469 πάντα
357 2459 387 2463 --
399 2445 493 2477 πικρός
513 2442 568 2477 ἤια]
583 2448 621 2471 sic
635 2454 727 2472 omnes
744 2449 933 2473 Editt.1·a1·um
948 2455 1032 2479 quae-

119 2480 235 2502 stionum
254 2481 408 2504 ethicaruni.
446 2482 536 2505 Verba
555 2483 679 2513 Dionysii
698 2483 836 2507 Halicarn.
857 2483 939 2513 antiq.
955 2484 1031 2508 Rom.

122 2514 139 2538 l,
157 2513 228 2535 VIII.
253 2520 274 2536 c·
287 2514 328 2537 61.
354 2514 451 2546 (opera
469 2516 510 2538 ed.
529 2516 632 2540 Reiske
651 2517 713 2540 Vol.
728 2517 772 2541 111.
790 2524 815 2547 p.
832 2517 936 2544 tow).
965 2524 1032 2547 quae

120 2548 146 2571 11.
162 2548 178 2570 l.
198 2547 355 2585 laudantur,
375 2550 493 2579 genuina
512 2551 577 2574 haec
598 2552 676 2574 sunt:
696 2548 725 2574 τὸ
739 2549 793 2582 γάρ
807 2547 883 2582 πρᾳῢ
900 2549 945 2573 καὶ
965 2559 1032 2582 φαι-

121 2578 186 2611 δρὸν
205 2588 253 2603 ουκ
271 2579 340 2610 ἐπῆν
357 2581 441 2606 αὑτοῦ
460 2584 516 2611 τοῖς
540 2583 664 2615 τρόποις,
694 2582 755 2609 οὔτε
780 2582 808 2608 τὸ
834 2583 1033 2616 θεραπευτικόν

121 2614 175 2638 τῶν
191 2613 275 2654 ,πίλιας
293 2613 323 2638 ἔν
340 2623 367 2639 τε
385 2613 545 2650 ἀσπασμοῖς
562 2617 607 2642 καὶ
625 2616 891 2658 προςαὶνορεὺσεσιν,
921 2616 982 2642 οὐδὲ
1002 2617 1032 2649 δὴ

119 2647 150 2671 τό
170 2647 363 2672 admetiantur
380 2649 425 2673 καὶ
443 2649 641 2683 μετριοπαῧὲς,
672 2651 754 2677 ὁποτε
779 2649 812 2677 δι’
831 2650 912 2684 ὀργῆς
930 2661 966 2685 τῳ
984 2652 1032 2684 γέ-

119 2689 210 2710 νοιτο,
237 2679 299 2705 οὐδὲ
324 2681 340 2712 ἦ
362 2681 453 2708 πάντα
478 2685 512 2709 τά
535 2684 698 2719 ἀνθρώπινα
724 2686 915 2719 ἐπικοσμοῦσα
937 2684 1032 2719 χάρῑς·

121 2713 179 2739 ἀλλ’
198 2713 240 2740 ἀεὶ
258 2715 354 2748 πικρὸς
371 2716 417 2741 καὶ
434 2719 555 2750 χαλεπός
572 2715 615 2752 ἦν.

590 127 632 162 v.
685 124 1018 172 QUAEsrloNEs
1051 120 1268 167 ALIQUOT
1298 118 1516 154 ETHICAE.

1983 118 2056 154 458

1072 208 1188 241 Deum
1204 205 1417 240 contumelia
1434 206 1590 244 afficere,
1619 216 1696 237 cum
1722 204 1926 243 invocatur,
1951 210 1989 236 ut
2013 205 2057 237 sit

1074 258 1168 292 testis
1188 258 1375 291 mendacii.
1417 256 1538 302 ltaque
1556 256 1656 289 multi
1674 255 1774 287 facile
1791 256 1832 287 de
1848 254 2004 300 qualibet
2019 266 2055 286 re

1074 310 1210 348 iurant,
1251 308 1353 341 multi
1380 309 1516 350 fingunt
1535 318 1646 340 novas
1667 307 1799 339 formas
1823 305 1964 338 iurandi
1993 311 2056 338 etc.

1074 360 1175 392 Talia
1193 360 1302 392 multa
1324 359 1407 391 vitia
1425 358 1600 392 Dominus
1617 358 1722 392 simul
1740 363 1846 390 taxat.

1175 409 1299 443 Restat
1315 410 1420 453 igitur
1438 408 1505 442 hoc
1522 410 1617 455 quod
1634 420 1859 454 nequaquam
1876 404 2055 451 prohibita

1074 460 1143 494 sint
1158 460 1377 499 iuramenta,
1405 473 1494 505 quae
1516 473 1589 493 non
1612 461 1701 493 fiunt
1723 467 1873 498 temere,
1901 458 1960 491 sed
1979 470 2057 490 cum

1073 511 1299 554 magistratus
1319 517 1352 543 et
1369 510 1500 544 iudices
1516 512 1717 555 postulant,
1744 516 1804 543 aut
1821 509 1889 542 alia
1911 508 2059 541 necessi-

1074 568 1145 601 tas,
1186 561 1268 606 quia
1300 567 1412 594 textus
1442 561 1566 606 (Hehr.
1587 562 1621 602 6,
1639 560 1712 606 16.)
1745 561 1927 605 perspicue
1957 558 2039 592 dicit
2054 572 2059 590 2

1074 612 1201 646 Omnis
1233 612 1495 645 controversiae
1520 612 1598 645 finis
1623 619 1673 645 est
1692 612 1951 646 iusiurandum.
2016 609 2061 642 Et

1074 661 1141 697 hoc
1159 663 1405 696 iusiurandum
1424 663 1579 695 delatum
1599 675 1617 695 a
1634 663 1843 705 magistratu
1860 662 1915 695 vel
1938 660 2062 695 iudici-

1074 715 1138 748 bus
1157 714 1284 748 Graeci
1299 714 1489 746 nominant
1506 711 1617 759 ὅρκον
1633 710 1843 759 tarandro.

1177 773 1248 806 Alii
1263 773 1482 817 respondent
1496 770 1563 805 hoc
1589 773 1714 805 modo:
1750 771 1892 804 Dictum
1918 772 1953 804 in
1970 771 2062 804 Mat-

1075 823 1181 858 thaeo
1204 830 1342 857 tantum
1367 822 1533 868 prohibet
1557 824 1683 857 modos
1707 822 1864 856 illicitos:
1893 822 1974 856 Non
2000 833 2063 866 per

1077 876 1234 915 coelum,
1260 875 1342 909 Non
1361 887 1424 919 per
1445 881 1588 908 terram.
1648 874 1740 908 Nam
1766 886 1844 907 curn
1868 873 1996 906 iuratio
2021 872 2065 905 sit

1076 926 1255 959 invocatio
1273 926 1359 966 Dei,
1387 932 1426 959 ut
1444 926 1488 958 sit
1503 925 1598 959 testis
1614 931 1647 958 et
1664 925 1792 958 vindex
1804 951 1812 964 ,
1839 923 2062 956 manifestum

1078 984 1129 1012 est
1145 978 1232 1011 alios
1250 978 1376 1010 modos
1392 976 1532 1010 illicitos
1552 989 1643 1017 esse,
1672 976 1754 1022 quia
1773 981 1853 1010 sunt
1870 974 2064 1008 invocatio-

1077 1041 1138 1063 nes
1161 1034 1417 1062 creaturarum.

1180 1089 1353 1123 Secundo.
1381 1089 1444 1123 Sin
1462 1095 1579 1123 autem
1598 1090 1712 1123 forma
1733 1088 1872 1122 Iurandi
1890 1100 1953 1134 per
1971 1099 2065 1121 crea-

1079 1147 1176 1175 turas
1194 1147 1377 1174 excusatur
1394 1147 1565 1186 tanquam
1583 1141 1725 1185 sponsio
1737 1168 1745 1181 ,
1773 1153 1841 1186 qna
1857 1139 1991 1186 aliquid
2009 1140 2067 1171 de-

1079 1191 1243 1237 ponitur,
1269 1198 1320 1230 ut,
1346 1191 1496 1224 Veniam
1517 1198 1577 1225 aut
1595 1193 1686 1225 dabo
1705 1192 1767 1225 tibi
1785 1193 1904 1225 decem
1922 1202 2066 1228 aureos;

1081 1242 1166 1276 baec
1187 1242 1330 1286 sponsio
1346 1254 1419 1275 non
1436 1249 1551 1287 potest
1568 1243 1643 1277 fieri
1659 1243 1725 1276 nisi
1744 1243 1785 1276 de
1804 1243 1907 1276 rebus
1925 1241 2067 1281 nostris,

1081 1306 1168 1340 quas
1184 1294 1374 1326 transferre
1390 1306 1589 1338 possumus.
1646 1293 1728 1327 Ideo
1746 1306 1820 1326 non
1841 1293 2000 1327 facienda
2019 1298 2069 1326 est

1080 1358 1143 1390 per
1160 1344 1297 1378 coelum
1313 1351 1347 1377 et
1362 1357 1424 1389 per
1442 1351 1572 1378 terram
1584 1372 1592 1385 ‚
1616 1358 1680 1378 nec
1697 1357 1760 1389 per
1775 1351 1879 1389 caput
1894 1351 2069 1383 nostrum,

1082 1397 1164 1442 quia
1186 1393 1271 1428 haec
1290 1408 1362 1428 non
1380 1408 1566 1439 possumus
1585 1396 1686 1429 alteri
1705 1396 1864 1436 tradere,
1894 1402 1927 1429 et
1944 1396 1986 1429 de
2005 1407 2069 1428 no-

1081 1448 1160 1481 stris
1178 1446 1347 1480 membris
1363 1453 1456 1479 recte
1475 1447 1604 1480 dicitur
1619 1459 1637 1480 a
1654 1446 1926 1480 iurisconsultis:
1953 1447 2068 1481 Nemo

1082 1505 1132 1533 cst
1148 1497 1314 1532 dominus
1330 1498 1575 1532 membrorum
1598 1510 1742 1532 suorum
1754 1525 1762 1539 ,
1798 1498 1894 1532 iuxta
1918 1497 2068 1531 dictum:

1080 1551 1163 1585 Non
1188 1549 1337 1583 occidas.
1404 1549 1533 1583 Nostra
1568 1562 1719 1594 corpora
1749 1555 1782 1582 et
1806 1549 1966 1583 membra
1989 1555 2071 1583 sunt

1082 1602 1168 1642 Dei,
1197 1607 1231 1634 et
1246 1600 1417 1634 utendum
1437 1607 1488 1635 est
1503 1600 1551 1634 eis
1568 1602 1692 1634 ordine
1709 1613 1726 1633 a
1744 1600 1821 1634 Deo
1839 1601 2014 1635 instituto,

1183 1660 1339 1693 Maxime
1372 1665 1489 1692 autem
1522 1660 1776 1694 consideranda
1816 1667 1867 1694 cst
1898 1659 2070 1705 particula

1083 1711 1227 1759 (Matth.
1246 1709 1281 1751 5,
1298 1709 1393 1755 37.):
1422 1710 1475 1743 Sit
1497 1724 1613 1745 sermo
1639 1718 1753 1745 vester
1769 1710 1851 1753 Est,
1881 1718 1950 1751 est,
1977 1711 2071 1750 Non,

1083 1777 1168 1799 non.
1218 1762 1291 1796 Ubi
1312 1762 1524 1802 mandatur,
1551 1769 1590 1796 ut
1617 1762 1725 1796 simus
1748 1774 1908 1802 veraces,
1935 1769 1968 1795 et
1986 1761 2071 1795 scia-

1083 1828 1161 1850 mus
1179 1814 1297 1849 Deum
1313 1813 1493 1858 postulare
1503 1813 1533 1859 ⁸)
1556 1812 1647 1847 hanc
1665 1814 1832 1847 virtutem
1849 1825 1867 1846 a
1886 1813 2007 1853 nobis,
2033 1819 2073 1845 ut

1084 1867 1235 1901 sciamus
1261 1872 1296 1899 et
1321 1865 1439 1909 ipsum
1464 1877 1625 1898 veracem
1650 1877 1743 1905 esse,
1784 1864 1968 1898 credamus
1999 1863 2072 1896 eius

1084 1918 1190 1951 minis
1207 1923 1241 1950 et
1256 1915 1570 1961 promissionibus,
1598 1929 1642 1950 ne
1668 1917 1842 1960 fingamus
1866 1915 1902 1948 in
1927 1927 1966 1948 eo
1991 1926 2073 1948 con-

1085 1968 1310 2003 tradictorias
1327 1967 1539 2001 voluntates.

1187 2027 1314 2060 Postea
1334 2025 1449 2071 inquit
1468 2023 1658 2071 (Maul1.5‚
1676 2025 1769 2071 37.):
1799 2026 1906 2071 Quod
1922 2025 2072 2070 amplius

1086 2085 1156 2119 est,
1184 2090 1202 2110 a
1220 2078 1315 2110 malo
1333 2083 1395 2110 est.
1447 2075 1626 2120 Intellige,
1662 2078 1759 2122 quod
1781 2077 1933 2121 amplius
1960 2082 2011 2109 est
2035 2076 2071 2108 in

1085 2129 1284 2163 iurantibus
1307 2128 1381 2161 sine
1411 2128 1636 2168 necessitate,
1676 2128 1763 2161 sicut
1795 2134 1908 2161 textus
1937 2126 2071 2172 inquit:

1085 2181 1191 2225 Quod
1207 2179 1423 2224 superfluum
1444 2185 1512 2219 est,
1540 2179 1575 2212 id
1602 2191 1619 2211 a
1645 2180 1740 2212 malo
1763 2185 1830 2219 est,
1864 2178 1899 2211 id
1923 2184 1992 2217 est,
2027 2177 2071 2210 ab

1085 2232 1144 2264 illa
1162 2231 1326 2264 futilitate
1342 2228 1517 2270 humana,
1544 2242 1618 2262 non
1633 2230 1878 2262 considerante
1896 2227 2071 2271 magnitu-

1086 2282 1205 2315 dinem
1224 2280 1466 2321 iurisiurandi,
1495 2292 1601 2327 quam
1617 2280 1818 2314 futilitatem
1835 2291 1938 2323 supra
1958 2278 2071 2312 taxari

1086 2333 1218 2366 dictum
1242 2338 1304 2365 est.

1118 2465 1148 2497 7)
1169 2461 1248 2496 ὅρκος
1272 2463 1388 2492 &moenie
1412 2467 1435 2490 11.
1458 2466 1475 2490 I.
1504 2468 1577 2490 recte
1603 2466 1767 2496 explicatur:
1801 2472 1863 2489 esse
1886 2465 2071 2489 iusiurandum

1153 2505 1208 2523 non
1227 2500 1428 2528 voluntarium,
1462 2501 1510 2524 sed
1528 2502 1561 2524 ab
1580 2502 1669 2524 altero
1689 2501 1822 2527 delatum:
1852 2500 1899 2523 alii
1918 2501 2014 2523 contra
2032 2500 2071 2523 sic

1154 2534 1254 2556 vocant
1272 2533 1475 2563 iusiurandum,
1509 2535 1578 2564 quod
1597 2534 1656 2564 quis
1676 2540 1725 2557 sua
1744 2536 1842 2564 sponte
1865 2534 1994 2563 suscipit,
2025 2534 2070 2557 vel

1153 2573 1204 2597 quo
1226 2567 1286 2596 quis
1304 2568 1375 2590 nitro
1395 2574 1425 2591 se
1450 2569 1604 2596 obstringit.
1652 2569 1714 2591 Yid.
1734 2570 1914 2598 Harpocran,
1942 2568 2071 2598 Hesych.,

1154 2601 1245 2630 Suid„
1277 2602 1368 2631 Etym.
1388 2602 1480 2632 Magn.
1507 2603 1534 2626 et
1552 2602 1618 2626 Βοὴ,
1639 2602 1768 2632 Stephani
1795 2604 1915 2626 thesaur.
1943 2607 1984 2632 gr.
2004 2601 2070 2631 ling.

1153 2635 1195 2660 ed.
1213 2635 1286 2658 uase
1306 2636 1332 2658 et
1350 2635 1468 2659 Dindorf
1484 2642 1506 2660 s,
1525 2643 1551 2659 v.
1571 2634 1695 2664 ἔπακτᾶς.

1118 2684 1148 2717 8)
1168 2686 1254 2709 Deum
1268 2686 1423 2715 postulare]
1443 2687 1482 2709 sic
1495 2687 1578 2710 Editt.
1596 2686 1667 2711 1552.
1689 2688 1715 2711 et
1736 2687 1827 2717 1554.;
1851 2686 2023 2714 Editt.1557.
2043 2689 2069 2710 et

1154 2720 1228 2746 1560.
1246 2720 1330 2744 Deum
1350 2721 1376 2744 et
1394 2721 1544 2750 postulare.
