2347 3000
80 136 152 173 553
549 153 554 157 ·
570 135 595 170 I.

182 222 395 255 Harmonica
413 221 599 266 proportio
619 227 688 261 est,
715 221 752 254 in
769 234 838 267 qua
864 222 976 257 tribus
1001 229 1068 256 ter-

81 273 186 307 minis
214 273 356 318 positis,
398 273 485 306 sicut
510 285 544 305 se
570 270 676 305 habet
697 273 871 306 maximus
896 275 939 306 ad
965 275 1068 307 mini-

83 337 179 357 mum
203 325 412 363 terminum,
440 323 487 356 sic
511 335 545 356 se
569 321 675 356 habet
699 324 896 357 differentia
923 325 1069 358 maximi

81 382 115 408 et
130 375 253 414 medii,
282 375 325 406 ad
343 374 580 407 differentiam
600 374 707 407 medii
727 381 761 408 et
783 376 941 415 minimi,
970 383 1008 409 ut
1035 376 1068 409 6.

83 426 116 460 4.
145 427 178 460 3.
230 425 297 458 Sex
320 425 451 458 distant
478 437 496 457 a
521 424 555 458 4.
581 425 742 466 binario,
778 426 812 460 4.
835 427 968 460 distant
990 440 1008 459 a
1034 427 1067 460 3.

81 477 234 515 unitate,
268 482 306 508 ut
331 483 449 508 autem
475 476 580 520 dupla
608 477 795 521 proportio
820 477 854 511 6,
880 484 930 510 est
955 479 999 510 ad
1022 478 1068 517 3.,

81 527 128 560 sic
153 526 259 570 dupla
286 527 472 571 proportio
505 533 556 560 est
580 530 614 562 2.
641 529 685 560 ad
712 529 743 561 1.
810 528 1068 561 Accommodat

81 576 304 610 Camerarius
327 578 575 623 aequalitatem
604 579 792 612 Paulinam
817 580 862 611 ad
886 577 1067 611 harmoni-

80 639 156 660 cam
173 628 458 672 proportionem,
486 627 553 662 hoe
570 630 690 669 modo,
718 629 746 662 si
764 629 834 662 sint
851 629 954 669 cix'es,
981 642 1067 674 pau-

80 691 141 722 per
159 676 248 711 nihil
264 677 414 719 habens,
442 686 476 713 et
492 680 618 713 deinde
635 678 824 719 habentes,
852 680 886 713 3.
905 679 938 713 4.
957 681 1011 720 6.,
1039 680 1067 713 si

79 730 283 763 adimantur
307 730 446 763 senario
470 733 527 771 2.,
563 731 792 776 quaternario
819 743 950 770 unum,
995 744 1067 763 me-

80 781 157 814 dius
172 793 341 814 numerus
357 781 423 814 erit
434 782 597 826 'aequalis
621 782 655 814 3.
719 781 765 813 Et
780 781 808 814 si
824 782 988 826 adempta
1006 782 1067 815 tri-

78 832 234 865 buantur
249 830 338 864 nihil
354 830 517 872 habenti,
545 830 690 865 habebit
704 832 732 865 is
749 844 889 877 quoque
908 833 941 866 3.

267 914 512 959 Septimum
548 921 871 959 argumentum.

128 983 281 1015 Roman.
297 983 354 1022 13,
367 981 452 1028 (8.):
480 982 624 1016 Nemini
640 983 831 1028 quicquam
849 983 982 1017 debetis
998 983 1066 1017 nisi

180 1033 417 1066 dilectionem.

129 1084 199 1117 Ubi
216 1090 333 1117 autem
350 1096 423 1116 non
439 1090 490 1118 est
508 1084 665 1118 debitum
677 1111 685 1124 ,
718 1085 838 1118 onmia
865 1092 947 1119 sunt
972 1098 1067 1119 com-

178 1135 313 1168 munia.

177 1186 392 1230 Respondeo
411 1186 453 1218 de
469 1185 562 1219 dicto
578 1185 698 1219 Pauli:
727 1186 883 1220 Verbum
906 1185 1067 1233 ὀφείλετε

79 1238 319 1271 enarrandum
353 1242 403 1270 est
435 1237 664 1280 imperative:
707 1237 851 1271 Nemini
876 1239 1066 1283 quicquam

78 1290 220 1328 debete,
248 1287 373 1321 nonin
391 1287 600 1320 indicativo:
629 1287 784 1322 Debetis.
837 1289 881 1321 Et
899 1288 965 1321 hoe
990 1289 1065 1332 ipso

78 1340 172 1373 dicto
204 1340 436 1372 confirmatur
469 1339 647 1372 distinctio
678 1339 940 1380 dominiorum,
984 1339 1065 1384 quia

76 1391 209 1424 Paulus
233 1392 303 1423 duo
329 1396 515 1434 praecepta
535 1390 663 1429 tradit,
690 1390 840 1423 alterum
867 1392 908 1423 de
935 1391 1067 1433 obliga-

79 1442 175 1474 tione
200 1441 311 1481 civili,
345 1441 495 1473 alterum
519 1441 560 1474 de
584 1440 799 1484 obligatione
825 1442 980 1474 naturali
1005 1454 1065 1474 seu

79 1493 199 1526 divina
215 1504 254 1525 ac
271 1498 453 1536 perpetua.
487 1489 490 1491 ’

180 1543 240 1576 Ait
259 1555 340 1586 ergo
364 1542 520 1586 primum
546 1542 588 1574 de
613 1542 830 1586 obligatione
856 1543 968 1575 civili:
996 1543 1064 1576 „Ne-

78 1595 167 1628 mini
184 1594 375 1640 quiequam
393 1593 534 1632 debete,
563 1593 597 1625 id
623 1600 690 1633 est,
717 1600 854 1627 servate
877 1594 953 1627 iura
982 1606 1064 1627 con—

77 1652 272 1685 tractuum,
300 1645 380 1677 date
402 1643 653 1684 creditoribus,
681 1645 942 1684 venditoribus,
970 1646 1064 1678 loca-

78 1697 214 1731 toribus
234 1708 272 1729 ea
298 1707 387 1740 quae
408 1694 455 1728 eis
475 1695 667 1734 debentur,
703 1701 737 1728 et
758 1696 806 1730 sie
831 1708 893 1730 vos
917 1696 1063 1729 liberate

77 1748 292 1792 obligatione
312 1746 415 1779 civili.
469 1744 603 1779 Interea
629 1746 752 1779 scitote
776 1753 896 1779 tamen
919 1760 1062 1781 manere

78 1799 330 1843 obligationem
347 1797 504 1829 divinam
524 1803 557 1829 et
573 1798 773 1830 naturalem
798 1798 840 1830 de
862 1799 1062 1839 dilectione,

77 1862 167 1897 quae
183 1851 294 1883 multa
313 1847 425 1882 officia
447 1848 621 1891 postulat,
647 1850 688 1881 de
714 1849 840 1893 quibus
864 1862 937 1882 non
961 1862 1063 1894 prae-

77 1902 212 1947 cipiunt
236 1902 327 1944 leges
353 1900 530 1938 forenses,
567 1901 627 1933 sed
655 1900 710 1932 lex
732 1899 871 1939 divina,
907 1913 1059 1946 quorum

77 1953 273 1988 officiorum
292 1957 411 1983 tamen
426 1947 483 1982 hic
501 1952 626 1984 modus
644 1956 713 1989 est,
742 1952 784 1982 de
809 1963 879 1996 quo
900 1952 984 1984 dicit
1000 1952 1061 1985 Sa-

75 2007 198 2038 lomon
229 2002 352 2048 (Prov.
371 1999 405 2041 5,
424 2000 517 2045 16.):
556 2001 688 2034 Fontes
710 2002 760 2034 tui
783 2002 987 2035 deriventur
1010 2004 1061 2035 so-

75 2069 152 2096 ras,
181 2061 214 2087 et
236 2060 273 2087 tu
295 2053 459 2085 dominus
477 2064 600 2086 eornm
617 2058 771 2086 maneto.
825 2051 910 2086 Item
930 2054 1060 2088 Paulus

75 2107 219 2154 (2.Cor.
237 2105 270 2144 8,
290 2103 380 2148 13.);
409 2103 457 2135 Ut
471 2115 545 2137 non
561 2104 605 2137 sit
624 2104 723 2137 vobis
742 2103 935 2138 tribulatio.
973 2104 1058 2138 Item

76 2160 127 2205 (1.
142 2157 236 2190 Tim.
256 2154 290 2195 5,
312 2155 380 2201 8.):
409 2153 580 2188 Habenda
605 2155 696 2187 ratio
723 2155 874 2188 maxime
894 2157 1059 2189 domesti-

76 2222 209 2244 eorum.

173 2260 293 2293 Altera
310 2257 499 2291 sententia:
525 2256 667 2290 Nemini
686 2257 836 2302 quicque
853 2257 974 2290 debete
991 2258 1059 2291 nisi

77 2311 297 2345 dilectionem
310 2336 318 2349 ,
346 2309 405 2341 illa
423 2321 512 2354 quae
530 2309 703 2341 debentur
728 2308 821 2341 civili
843 2309 1057 2352 obligatione

75 2362 283 2408 praestanda
302 2366 393 2395 sunt.
447 2359 580 2392 Verum
598 2359 656 2392 illa
674 2360 844 2393 naturalis
865 2366 898 2393 et
915 2366 1055 2393 aeterna

77 2413 244 2456 obligatio
260 2418 379 2446 manet
396 2411 555 2444 immota.
608 2411 670 2444 Est
688 2417 804 2443 autem
829 2411 906 2444 finis
925 2411 1057 2455 obliga-

75 2465 181 2498 tionis
200 2464 320 2504 civilis,
347 2476 426 2497 cum
442 2469 650 2495 numeratur
666 2462 720 2501 id,
747 2462 841 2506 quod
859 2462 952 2494 civili
969 2463 1056 2495 obli-

75 2516 215 2561 gatione
233 2515 390 2548 debetur.
439 2514 632 2559 Nunquam
651 2519 768 2546 autem
795 2513 872 2545 finis
895 2519 946 2545 est
968 2514 1055 2546 obli-

75 2566 226 2612 gationis
241 2565 429 2605 naturalis,
457 2565 538 2610 quia
555 2565 691 2598 etiamsi
710 2576 774 2607 pro
798 2569 955 2608 tempore
980 2565 1055 2597 offi-

75 2619 166 2652 cium
184 2616 418 2661 praestiteris,
441 2622 559 2649 tamen
576 2622 695 2648 manet
713 2615 879 2658 obligatio
898 2621 1052 2655 aeterna,

74 2676 108 2703 et
122 2668 389 2702 benevolentiae
405 2667 441 2699 in
456 2669 560 2701 corde
579 2674 612 2701 et
627 2666 836 2707 officiorum,
862 2665 890 2700 si
909 2667 1051 2711 quando

73 2734 111 2755 ea
126 2725 305 2765 praestare
324 2718 529 2763 poterimus.

648 135 1016 172 PROLEGOMENA
1052 136 1099 172 IN
1135 138 1322 173 OFFICIA
1355 138 1613 175 CICERONIS.
2036 144 2058 178 5

2064 144 2112 179 fii:

1326 225 1548 260 Octavum
1587 235 1909 269 argumentum.

1172 300 1345 334 Matthaei
1368 302 1425 343 19,
1444 302 1556 349 (21.):
1586 304 1622 336 Si
1640 304 1691 338 vis
1708 306 1881 349 perfectus
1900 318 1984 345 esse,
2013 308 2112 341 xatle.

1223 355 1336 386 vende
1359 367 1448 398 quae.
1471 352 1595 395 habeS,
1621 361 1653 388 et
1670 357 1712 388 da
1738 356 1973 400 pauperibus,
1999 363 2029 389 et
2053 369 2109 388 ve-

1223 416 1323 437 niens
1340 417 1484 449 sequere
1504 419 1570 439 me.

1172 453 1327 487 Tollitur
1357 467 1439 498 ergo
1473 457 1652 489 distinctio
1686 457 1950 497 dominiorum,
1990 457 2017 489 si
2053 470 2111 489 ne-

1225 517 1315 538 cesse
1343 512 1391 538 cst
1418 509 1569 540 vendere
1596 508 1795 549 facultates,
1835 515 1868 542 et
1901 508 2110 541 distribuere

1223 568 1280 589 eas
1296 557 1521 599 pauperibus.

1223 606 1436 651 Respondes)
1456 609 1500 640 ad
1521 611 1747 643 ai'itecedeus:
1785 610 1927 642 Dictum
1954 609 2037 641 illud
2067 610 2108 639 ad

1121 657 1392 697 adolescentem,
1421 665 1471 691 est
1488 659 1676 703 singularis
1694 661 1844 699 vocatio,
1874 673 1944 693 non
1965 666 2013 693 est
2033 659 2110 692 uni-

1122 709 1256 741 versale
1291 716 1540 753 praeceptum,
1583 717 1621 742 ut.
1656 712 1765 743 multa
1788 719 1883 744 ‘suut
1917 710 2109 754 singularia

1120 760 1302 798 mandata,
1331 766 1364 792 et
1380 760 1576 803 singulares
1592 762 1806 794 mentiones.
1846 762 1890 794 Ut
1911 761 2111 794 eumAbra-

1120 807 1185 842 hae
1201 811 1418 854 praecipitur
1433 812 1600 844 mactatio
1618 812 1734 856 filiiffl)
1746 839 1755 852 ,
1783 825 1860 844 cum
1875 813 1990 846 Moses
2007 824 2111 844 voca-

1121 867 1177 893 tur
1192 862 1234 893 ad
1253 863 1472 895 educendum
1497 863 1738 908 populumss‘f).
1794 863 1895 895 Talia
1918 863 2109 906 singularia

1122 914 1287 945 mandata
1312 919 1404 945 recte
1427 913 1656 947 discernenda
1683 920 1764 947 sunt
1787 915 1831 945 ab
1853 914 2111 946 universalibus

1121 964 1332 1008 praeceptis:
1363 976 1425 997 nec
1445 966 1704 998 transferantur
1721 966 1763 997 ad
1783 962 2013 1010 κακοζηλίας,
2044 964 2107 997 sic-

1122 1021 1157 1046 ut
1187 1015 1290 1048 multi
1320 1015 1426 1059 impie
1461 1017 1570 1048 secuti
1603 1023 1685 1049 sunt
1708 1016 1905 1059 exemplum
1932 1012 2110 1051 Abrahae,

1121 1072 1154 1098 et
1177 1066 1281 1099 multi
1305 1078 1379 1098 non
1406 1067 1540 1106 vocati,
1583 1068 1773 1100 voluerunt
1803 1067 2012 1099 liberatores
2037 1078 2108 1099 esse

1120 1118 1262 1162 populi,
1291 1118 1450 1161 exemplo
1475 1118 1588 1158 Mosi,
1616 1118 1764 1152 Davidis
1787 1124 1820 1150 et
1842 1117 2006 1151 aliorum.
2059 1115 2109 1149 lta

1121 1166 1186 1200 hoc
1205 1169 1282 1201 loco
1301 1175 1448 1202 vocatur
1466 1170 1668 1203 adolescens
1686 1171 1728 1202 ad
1747 1168 1983 1202 ministerium
1994 1168 2111 1201 Evan-

1536 1220 1630 1253 Haec
1657 1220 1796 1253 vocatio
1819 1232 1893 1252 non
1917 1221 1960 1252 ad
1988 1231 2110 1252 omncs

1911 1271 2108 1304 desertione

2050 1322 2108 1353 Se-

1121 1219 1201 1262 391ἰί
1227 1225 1321 1251 certo
1349 1221 1467 1253 inodo.

1121 1270 1293 1313 pertinet,
1345 1277 1377 1302 et
1413 1272 1581 1314 perfectio
1623 1278 1673 1304 est
1712 1283 1783 1303 non
1828 1272 1863 1302 in

1119 1322 1345 1360 facultatum,
1396 1322 1456 1354 sed
1491 1322 1526 1354 in
1568 1334 1669 1355 causa
1708 1334 1797 1367 quae
1840 1322 1998 1354 additur:

1120 1385 1227 1417 quere
1254 1384 1320 1404 me.

1220 1422 1357 1454 Deinde
1381 1428 1414 1454 et
1438 1424 1479 1455 do
1495 1423 1710 1466 perfectione
1729 1423 1909 1456 sciendum
1928 1430 1996 1463 est,
2026 1423 2109 1468 qnia

1118 1485 1221 1517 saepe
1240 1474 1450 1506 vocabulum
1466 1471 1533 1506 hoc
1552 1474 1714 1506 occurrit.
1761 1474 1959 1507 Perfectum
1980 1474 2108 1517 <licitur

1118 1524 1305 1567 dupliciter
1324 1530 1383 1557 aut
1407 1525 1601 1557 substantia
1629 1531 1689 1557 aut
1714 1525 1883 1569 qualitate
1908 1538 1968 1558 seu
1993 1525 2108 1569 gradi-

1118 1577 1192 1608 bus.
1239 1575 1439 1608 Perfectum
1456 1575 1650 1608 substantia
1671 1581 1720 1607 est
1739 1573 1872 1609 habens
1888 1588 2011 1610 omncs
2027 1588 2108 1620 par-

1118 1633 1167 1659 tes
1190 1626 1398 1670 integrales,
1431 1627 1568 1660 etiamsi
1592 1627 1746 1670 partium
1773 1628 1902 1670 gradus
1927 1640 2000 1659 non
2025 1633 2107 1660 sunt

1117 1677 1302 1721 completi,
1329 1684 1367 1710 ut
1385 1690 1472 1721 puer
1498 1684 1548 1710 est
1570 1678 1741 1721 perfectus
1767 1675 1875 1710 homo
1898 1678 2105 1712 substantia.

1116 1729 1171 1761 Sic
1182 1728 1313 1761 Paulus
1333 1730 1377 1760 ad
1392 1727 1547 1772 Philipp.
1566 1729 1600 1768 3,
1619 1727 1712 1773 (15.)
1732 1729 1904 1773 loquitur:
1935 1730 2009 1761 Hoc
2029 1741 2106 1761 sen-

1118 1780 1245 1812 tiamus
1262 1785 1438 1824 quotquot
1455 1779 1598 1824 perfecti
1618 1792 1757 1816 sumus,
1786 1780 1818 1811 id
1840 1786 1885 1812 est
1900 1807 1907 1817 ‚
1936 1779 2104 1813 habentes

1117 1843 1238 1863 omnes
1255 1837 1371 1874 partes
1390 1831 1590 1874 integrales,
1617 1830 1779 1862 xidelicet
1798 1843 1920 1864 onmes
1938 1831 2105 1864 articulos

1115 1882 1194 1914 fidei
1207 1907 1216 1920 ,
1242 1882 1346 1913 fidem
1365 1889 1397 1913 et
1415 1882 1545 1914 bonam
1564 1881 1814 1913 conscientiam
1827 1908 1836 1921 ,
1863 1882 1998 1915 etiamsi
2015 1894 2105 1914 non-

1115 1934 1198 1964 dum
1217 1932 1417 1964 obedientia
1443 1945 1522 1976 erga
1549 1934 1657 1975 legem
1688 1944 1810 1965 omnes
1836 1934 1964 1975 gradus
1986 1931 2103 1966 habet.

1114 1984 1261 2016 Dicatur
1293 1995 1376 2016 sane
1408 1985 1599 2027 perfectum
1635 1995 1784 2015 numero
1816 1983 1990 2026 partium,
2031 1996 2103 2016 non

1114 2034 1292 2078 gradibus.

1215 2085 1296 2117 Atio
1330 2086 1437 2118 modo
1466 2087 1657 2129 perfectum
1691 2085 1820 2117 dicitur
1848 2085 2016 2130 qualitate
2041 2097 2102 2118 sen

1113 2136 1298 2179 gradibus,
1325 2142 1363 2168 ut
1385 2149 1490 2180 puer,
1519 2137 1654 2170 etiamsi
1682 2134 1789 2169 habet
1808 2143 1924 2180 partes
1948 2136 2101 2179 integra-

1112 2189 1160 2221 les
1188 2199 1330 2226 omnes,
1367 2193 1486 2220 tamen
1512 2189 1672 2220 nondum
1697 2188 1860 2220 omnibus
1888 2187 1940 2219 uti
1972 2193 2098 2230 potest.

1112 2240 1167 2272 Sic
1184 2240 1226 2271 (le
1252 2238 1466 2282 perfectione
1484 2239 1614 2272 Paulus
1642 2240 1675 2271 in
1701 2239 1824 2270 eodem
1850 2238 1960 2281 capite
1985 2238 2099 2282 loqui-

1112 2297 1168 2323 tur
1187 2287 1358 2335 (Philipp.
1376 2290 1410 2328 3,
1430 2290 1522 2334 12.):
1551 2289 1632 2323 Non
1651 2290 1744 2336 quod
1766 2286 2095 2332 co1uprehemlerim

1112 2348 1145 2374 et
1161 2341 1335 2386 perfectus
1351 2340 1429 2374 sim.

1211 2391 1397 2424 Caeterum
1425 2390 1631 2423 observetur
1658 2402 1739 2422 usus
1764 2389 1938 2422 vocabuli.
2004 2389 2095 2422 Nam

1109 2443 1238 2476 latinus
1266 2442 1439 2485 interpres
1461 2453 1532 2473 uno
1557 2440 1728 2473 vocabulo
1751 2441 1924 2484 perfectus
1942 2440 2096 2473 reddidit

1109 2495 1246 2526 diversa
1270 2491 1422 2525 hebraea
1449 2498 1481 2523 et
1505 2503 1641 2534 graeca.
1699 2492 1729 2524 1.
1748 2489 1908 2524 Corinth.
1930 2491 1962 2530 1,
1979 2491 2093 2536 (10.):

1106 2545 1188 2579 Non
1217 2545 1287 2578 sint
1317 2543 1409 2575 inter
1436 2556 1497 2576 vos
1524 2540 1711 2575 schismata
1735 2548 1765 2574 et
1789 2542 1863 2575 sitis
1886 2542 2031 2586 perfecti
2057 2542 2093 2573 in

1138 2677 1185 2705 35)
1207 2675 1361 2699 Genes.22.
1385 2676 1404 2698 1.

1138 2728 1185 2755 36)
1206 2727 1290 2750 Exod.
1305 2726 1330 2751 3,
1354 2727 1389 2749 to.
