2347 3000
224 134 295 168 143

248 239 377 272 Utrum
406 234 622 270 sacerdotes
653 236 730 269 sint
762 233 967 277 usum-55⁵³)
1002 237 1068 267 aut
1099 244 1186 267 usu-

608 291 833 339 fructuarii.

321 370 431 403 Vetus
460 375 511 403 est
540 369 721 415 quaestio,
761 381 805 401 an
837 367 1078 401 sacerdotibus
1109 367 1213 400 liceat

220 423 350 457 babere.
370 421 568 465 proprium.
622 420 773 458 Deinde,
802 419 905 464 quale
924 419 976 452 ius
993 431 1139 452 suorum
1159 431 1213 452 re-

221 475 359 507 dituum
378 471 550 511 habeant,
580 478 613 504 et
633 470 698 503 bae
721 471 763 502 de
790 482 827 502 re
852 482 1001 513 magnae
1027 477 1109 503 sunt
1130 483 1211 503 con-

222 525 396 558 tentiones
430 522 769 561 111100011511110011111,
805 521 865 553 alii
890 522 1075 566 disputant
1100 534 1212 556 saeer—

222 579 321 610 dotes
348 581 484 608 tantum
510 572 641 606 habere
664 585 786 611 usum,
815 573 875 605 alii
895 573 1089 606 defendunt
1105 573 1212 607 etiam

224 630 442 662 usufructum
489 637 547 657 eos
590 622 719 656 babere.
771 625 1085 658 ecclesiasticarum
1128 638 1212 669 pen-

223 682 376 714 sionum.

323 727 383 761 Est
406 733 523 760 autem
542 739 645 765 usus,
674 725 727 759 ius
745 739 815 772 quo
839 725 916 758 lieet
935 726 1130 770 possidenti
1146 739 1211 770 pro

224 795 257 815 se
279 787 311 813 et.
329 778 464 812 familia
483 778 534 811 nti
562 778 666 811 rebus
681 790 742 810 5011
771 778 941 811 fructibus
966 778 1032 817 ita,
1067 784 1105 811 111
1132 777 1212 810 reli-

222 843 376 878 quorum
396 831 574 863 fructuum
594 828 848 874 proprietatem
872 842 945 861 non
963 835 1212 874 consequatur,

222 886 342 929 Quare
360 882 437 914 illos
452 894 526 914 non
542 887 658 926 potest
674 882 826 913 vendere
850 880 945 919 aliis,
975 887 1035 913 aut
1056 880 1091 912 in
1110 886 1212 913 testa-

224 941 343 968 mento
369 946 427 967 eos
450 934 641 966 transferre
673 933 716 963 ad
740 933 827 965 alios
855 933 1015 976 exempla
1040 938 1121 964 sunt
1144 931 1214 965 usi-

225 994 315 1025 tata,
350 991 406 1024 ut,
434 996 514 1018 011111
539 997 621 1017 115115
646 983 795 1016 alieuius
821 984 1063 1027 praefecturae
1090 996 1213 1015 conce-

224 1039 318 1071 ditur
337 1035 454 1069 alicui.

326 1088 392 1120 Sed
419 1086 635 1120 ususfructus
658 1092 707 1119 051
734 1086 804 1125 ius,
833 1098 904 1131 quo
929 1085 1011 1118 licet
1034 1084 1085 1118 uti
1109 1085 1212 1117 rebus

224 1153 284 1173 seu
305 1138 474 1172 fructibus
501 1137 566 1175 ita,
602 1143 637 1169 111
670 1137 891 1182 reliquorum
928 1138 1106 1169 fruetuum
1132 1148 1213 1180 pro-

226 1192 409 1237 prietatem
437 1200 614 1233 possessor
641 1195 897 1234 consequatur,
926 1189 986 1221 5011
1011 1187 1111 1220 fundi
1132 1200 1213 1231 pro-

227 1244 412 1288 prietatem
432 1252 506 1273 11011
525 1238 641 1272 babet.

328 1293 417 1326 Cum
443 1292 549 1335 igitur
572 1290 750 1322 interdum
770 1290 969 1322 sacerdotes
988 1289 1143 1320 vendant
1162 1299 1214 1319 re—

226 1346 340 1390 liquos
356 1345 489 1376 fructus
501 1368 509 1381 ,
537 1347 598 1374 aut
613 1342 747 1373 donent
764 1340 840 1373 aliis
852 1367 860 1379 ,
890 1347 950 1373 ant
970 1340 1007 1372 in
1025 1345 1214 1372 testamen-

226 1397 268 1429 tis
301 1395 516 1428 transferant
545 1392 581 1425 in
615 1392 722 1430 alios,
758 1391 949 1424 extiterunt
979 1390 1214 1436 quaestiones,

228 1453 364 1480 rectene
383 1446 416 1478 id
434 1445 509 1478 fieri
528 1443 656 1488 possit,
684 1455 762 1475 eum
788 1443 1018 1475 ecelesiastica
1034 1442 1128 1473 bona
1146 1441 1213 1474 sint

229 1501 485 1542 eleemosynae.
536 1493 575 1527 In
593 1493 825 1538 eleemosynis
841 1500 958 1527 autem
978 1499 1115 1526 tantum
1132 1505 1215 1525 usus

227 1549 482 1586 constituatur,
510 1546 674 1579 videlicet
687 1552 724 1578 ut
744 1545 920 1589 supersint
938 1544 1068 1589 reliqui
1082 1546 1216 1576 fructus

230 1603 273 1635 ad
291 1600 534 1633 necessitatem
552 1597 704 1630 aliorum
723 1597 913 1640 egentium.
967 1595 1011 1628 Et
1030 1602 1123 1628 extat
1138 1595 1214 1627 dira

229 1651 433 1686 constitutio
467 1650 504 1682 in
535 1648 683 1682 decretis
708 1648 748 1681 Χ.
778 1648 984 1693 quaestione
1002 1646 1097 1692 11:3⁹)
1126 1658 1215 1691 quac

230 1710 325 1737 vetat
361 1702 545 1747 episcopos
584 1707 617 1733 et
658 1699 826 1732 diaconos
864 1699 1018 1732 alienare
1060 1698 1216 1743 reliquos

229 1760 378 1793 fructus,
422 1753 602 1791 videlieet,
645 1751 726 1796 quia
765 1751 845 1783 inde
881 1750 1027 1784 iuvandi
1058 1750 1127 1783 sint
1157 1749 1219 1789 alii

231 1813 381 1851 egentes.
461 1804 578 1837 Facile
616 1809 734 1836 autem
771 1800 857 1835 haec
892 1802 1052 1848 quaestio
1090 1801 1218 1833 diiudi-

231 1859 302 1891 rari
330 1862 463 1901 potest,
501 1855 527 1889 si
560 1853 656 1899 prius
682 1854 956 1893 constituamus,
992 1853 1088 1898 quod
1118 1853 1220 1885 liceat

233 1909 431 1955 pastoribus
454 1905 692 1939 Ecclesiarum
707 1932 716 1944 ,
752 1918 813 1939 seu
837 1905 1009 1938 ministris
1034 1904 1219 1947 Evangelii

233 1970 351 1994 tenere
371 1958 567 2004 proprium.
621 1957 729 2001 Quod
746 1957 839 1990 enim
860 1958 895 1989 id
910 1957 950 1990 sit
971 1956 1067 2001 pium
1084 1962 1116 1988 et
1137 1968 1219 1988 con-

233 2024 386 2050 cessum,
415 2008 499 2042 baec
517 2009 609 2042 ratio
627 2008 710 2042 satis
729 2010 926 2042 confirmat.

334 2062 439 2095 Pium
465 2068 498 2094 et
523 2072 724 2093 concessum
752 2067 803 2093 est
829 2060 992 2093 omnibus
1011 2057 1220 2092 Christianis

233 2115 283 2148 uti
308 2113 460 2158 politicis
486 2111 790 2150 ordinationibus,
832 2119 1001 2157 tanquam
1027 2111 1130 2144 bonis
1156 2110 1221 2142 Dei

234 2165 414 2200 creaturis.
475 2163 640 2208 Emptis),
669 2163 848 2202 venditio,
875 2162 1094 2207 proprietas,
1123 2174 1220 2195 usus-

235 2222 366 2251 trurtus
376 2217 422 2260 60)
440 2221 473 2248 et
488 2215 618 2248 similes
636 2215 899 2253 ordinationes,
927 2221 1009 2248 sunt
1026 2213 1221 2246 ordinatio-

236 2282 295 2302 nes
316 2268 489 2312 politicae.
551 2265 647 2310 Ergo
666 2272 699 2299 et
717 2266 977 2304 sacerdotibus,
1012 2271 1051 2298 ut
1077 2264 1223 2302 caeteris

238 2318 446 2353 Christianis
464 2329 648 2351 concessae
673 2324 767 2351 sunt.
829 2318 900 2351 Ner
926 2317 1005 2349 ideo
1028 2323 1110 2350 511111
1133 2315 1223 2349 exci-

238 2371 355 2415 piendi
383 2376 541 2414 pastores
566 2368 823 2407 Ecclesiarum,
868 2369 950 2413 qnia
974 2368 1142 2412 scriptum
1173 2374 1223 2401 est

237 2423 364 2467 (Mare.
382 2421 417 2459 6,
434 2420 501 2464 8.);
529 2420 698 2454 nonlicet
714 2421 893 2465 possidere
911 2426 1097 2462 argentum
1115 2419 1150 2452 in
1167 2432 1223 2451 zo-

237 2475 302 2507 nis.
364 2472 454 2505 Nam
477 2471 512 2503 in
531 2469 595 2504 bac
619 2472 792 2505 sententia
810 2470 852 2506 τὸ
877 2470 986 2517 ῥητὸν
1010 2472 1113 2504 debet
1134 2471 1223 2504 iudi-

273 2591 319 2615 583
340 2588 472 2616 usum-ii]
493 2586 532 2609 sic
551 2587 617 2611 Etid.
639 2587 711 2611 1538.
731 2589 758 2611 et
780 2588 871 2617 1540.3
898 2588 947 2611 Ed.
970 2588 1043 2612 1546.
1062 2588 1208 2613 usurarii.

273 2632 320 2660 59]
342 2629 452 2654 Decreti
470 2629 590 2652 secunda
608 2635 687 2658 parS,
713 2636 796 2654 eausa
812 2631 847 2655 X.
872 2632 978 2660 quaest.
993 2630 1024 2655 11.
1045 2637 1068 2654 c.
1084 2630 1108 2654 7.
1130 2630 1225 2661 (Corp.

308 2667 358 2689 inr.
379 2670 474 2687 canon.
495 2663 536 2687 ed.
555 2663 666 2686 Richter
686 2664 714 2688 Ρ.
730 2665 748 2688 1.
769 2672 794 2694 p.
809 2666 894 2693 53¹.).

272 2710 322 2766 ⁶0}
340 2706 530 2734 ususfructus]
557 2705 597 2729 sie-
622 2705 670 2730 Ed.
694 2706 783 2738 1546.;
816 2708 884 2732 Edu.
906 2708 980 2732 1538.
1000 2710 1026 2732 et
1049 2707 1121 2734 1540.
1150 2713 1226 2737 usus,

324 2744 424 2766 ructus

492 129 693 166 SCRIPTA
720 130 795 169 PH,
824 130 935 165 MEL.
960 130 1025 164 AD
1050 129 1260 165 ETHICEN
1288 130 1352 166 ET
1381 133 1637 171 POLITICEN
1665 135 1976 172 SPECTANTIA.

2181 135 2253 171 144

1270 218 1341 251 cari
1366 232 1405 253 ex
1429 233 1567 254 summa
1587 222 1769 255 doctrinae
1784 221 1987 266 Evangelii,
2017 222 2112 267 quod
2131 234 2255 255 conce-

1265 270 1317 302 dit
1342 278 1375 304 et
1401 273 1577 316 approbat.
1600 286 1702 307 11511111
1727 287 1845 308 rerum
1873 275 2111 318 politicarum.
2178 272 2253 306 Imo

1266 332 1344 354 cuin
1373 323 1478 357 ‚addit
1509 321 1670 358 Christus
1703 324 1804 370 (Luc.
1831 326 1888 365 1¹0,
1916 326 1984 371 7.):
2031 324 2169 370 Dignus
2204 331 2252 358 est

1267 373 1451 416 operarius
1474 376 1635 410 mercede
1662 388 1745 417 sua,
1773 377 1897 410 tribuit
1919 377 1967 411 eis
1987 376 2255 421 proprietatem,

1266 436 1347 457 nain
1373 438 1505 459 merces
1531 433 1581 459 est
1609 427 1751 471 propria
1775 429 1954 474 cuiusque.
2014 428 2059 461 Et
2078 425 2164 461 haec
2188 439 2256 460 vox

1267 474 1395 509 Christi
1433 477 1503 509 duo
1539 478 1803 522 complectitur,
1855 479 2058 512 consolatur
2093 481 2256 512 doctores

1267 528 1589 575 prmuissionisffl),
1630 535 1669 562 ut
1700 529 1813 562 sciant
1843 529 1958 564 Deum
1994 530 2078 575 ipsis
2109 542 2255 574 prospe-

1267 587 1403 614 cturum
1427 593 1519 619 0550,
1542 587 1575 613 01
1591 580 1691 626 quasi
1708 581 1917 620 fideinbere,
1946 582 2083 615 etiamsi
2101 582 2256 614 mundus

1266 632 1354 665 nolit
1372 645 1433 665 eos
1450 633 1555 666 alere.
1609 631 1696 665 item
1724 634 1826 666 docet
1840 632 2054 673 Ecclesiam,
2083 633 2179 678 quod
2197 633 2255 665 de-

1266 684 1347 717 beat
1364 684 1572 716 docentibus
1592 685 1802 718 mercedem.

1370 736 1490 779 Quare
1512 735 1620 779 igitur
1645 735 1761 781 inquit
1784 733 1929 781 (Manli.
1950 736 2009 776 10,
2024 734 2094 780 9.):
2135 734 2254 768 Nolite

1266 786 1445 830 possidere
1477 793 1683 831 argentum,
1716 799 1842 821 aurum
1868 787 1957 820 etcj?
2024 786 2254 830 Respondeo:

1267 838 1360 870 Haec
1387 838 1477 870 dicta
1502 851 1575 871 non
1602 839 1731 872 tollunt
1748 839 1886 871 civilem
1904 852 2005 872 usmn
2024 850 2166 878 rerum,
2194 838 2254 870 sed

1267 896 1385 922 vetant
1416 890 1450 921 in
1475 890 1674 923 ministerio
1698 890 1943 935 principaliter
1961 890 2084 935 quaeri
2102 895 2163 922 aut
2179 901 2255 938 spg—

1267 941 1355 973 ctari
1374 941 1439 973 alia
1464 943 1671 980 commoda,
1701 940 1767 974 1100
1792 948 1860 982 est,
1889 948 2009 974 xetant
2034 947 2180 985 propter
2204 940 2255 972 in-

1268 992 1385 1037 opiam
1404 993 1516 1025 deseri
1533 993 1769 1026 ministerium
1789 1006 1807 1025 a
1827 993 1975 1025 vocatis:
2013 998 2134 1024 vetant
2150 990 2256 1024 etiam

1266 1043 1503 1077 ministerium
1538 1046 1581 1077 ad
1611 1046 1850 1089 quaerendam
1881 1043 2078 1088 potentiam
2104 1049 2138 1075 ct
2161 1054 2256 1088 opes.

1266 1094 1315 1128 [ta
1341 1095 1573 1128 diffidentiam
1601 1094 1766 1140 probibet
1800 1102 1832 1128 et
1863 1095 2114 1135 ambitionem,
2156 1093 2254 1140 quasi

1267 1148 1378 1180 dieat:
1414 1147 1497 1179 [Non
1515 1147 1561 1179 sic
1578 1147 1722 1185 sentite,
1759 1160 1830 1179 11011
1853 1160 1924 1179 esse
1942 1146 2161 1185 docendum,
2187 1145 2255 1177 nisi

1267 1198 1349 1231 satis
1383 1197 1513 1229 muniti
1541 1198 1614 1230 sitis
1643 1211 1765 1239 regum
1795 1198 1999 1242 praesidiis,
2035 1204 2068 1230 et
2094 1196 2254 1230 instructi

1269 1248 1405 1292 magnis
1431 1248 1569 1292 opibus.
1630 1247 1733 1281 Item:
1768 1249 1849 1282 Non
1879 1255 2042 1293 arrogate
2069 1247 2170 1281 vobis
2193 1260 2254 1292 po—

1269 1300 1436 1339 tentiam,
1477 1311 1551 1331 non
1584 1305 1751 1343 occupate
1785 1313 1868 1344 opes
1908 1299 2255 1344 rermnpubliearum

1269 1357 1451 1396 praetextu
1476 1351 1675 1384 nunisterii.

1370 1401 1407 1434 In
1440 1402 1577 1446 synodo
1605 1401 1854 1447 Basilicnsiffl)
1889 1402 2031 1435 suerunt
2064 1401 2257 1434 certamina

1269 1466 1346 1487 cnm
1364 1451 1553 1493 Boliemis,
1583 1466 1627 1485 an
1649 1453 1890 1486 sacerdotibus
1910 1453 2011 1486 liceat
2029 1451 2158 1486 babere
2176 1465 2257 1497 pro-

1270 1505 1386 1549 prium
1398 1532 1406 1543 ,
1432 1506 1492 1537 sed
1509 1517 1573 1536 nos
1589 1505 1764 1548 fugiamus
1781 1505 2041 1548 superstitiosas
2059 1504 2258 1548 opiniones,

1270 1563 1301 1589 01
1320 1563 1470 1601 utraque
1488 1568 1596 1588 manu
1612 1555 1719 1590 θέσιν
1732 1555 1777 1601 63)
1798 1562 1998 1595 teneamus,
2027 1556 2121 1601 quod
2140 1555 2258 1588 Evan-

1270 1608 1399 1651 gelium
1438 1607 1611 1651 approbet
1644 1607 1805 1650 politicas
1841 1607 2104 1647 ordinationes,
2147 1618 2256 1652 quare

1271 1659 1431 1692 concedit
1449 1658 1613 1691 «minibus
1631 1656 1842 1691 Christianis
1864 1658 2130 1704 proprietatem.

1373 1711 1475 1744 Nune
1496 1710 1599 1742 venio
1618 1710 1660 1742 ad
1682 1711 1827 1743 alteram
1848 1710 2104 1756 quaestionem,
2129 1710 2170 1743 de
2189 1719 2257 1754 qua

1271 1763 1485 1806 respondeo:
1523 1761 1706 1795 Ministros
1728 1761 1911 1805 Evangelii
1935 1760 2030 1794 baud
2057 1761 2162 1794 dubie
2186 1772 2258 1793 esse

1271 1813 1561 1847 usufructuarios.
1615 1812 1763 1858 Loquor
1780 1820 1898 1846 autem
1916 1814 1957 1846 de
1974 1813 2197 1849 doctoribus,
2226 1817 2259 1843 et

1273 1867 1315 1899 de
1332 1865 1563 1903 discentibus,
1591 1870 1624 1896 et
1642 1865 1815 1897 similibus
1831 1865 2009 1908 personis,
2036 1877 2125 1909 quae
2144 1864 2179 1896 in
2197 1862 2259 1906 ali-

1273 1930 1342 1963 qua
1367 1915 1676 1949 administratione
1702 1922 1793 1949 sunt.
1854 1916 1946 1960 Quia
1972 1928 2106 1949 merces
2123 1917 2161 1948 fit
2177 1926 2259 1959 pro-

1275 1971 1350 2014 pria
1369 1969 1462 2006 eius,
1490 1967 1550 2013 qui
1571 1968 1716 2001 meritus
1733 1973 1794 2000 est.
1847 1968 1996 2000 1101111115
2013 1967 2258 2001 ministrorum

1272 2020 1457 2063 Evangelii
1477 2026 1525 2052 est
1541 2031 1693 2057 merres,
1720 2017 1977 2052 sieutClu-istus
1996 2026 2142 2052 testatur
2157 2017 2259 2064 (Luc.

1278 2076 1334 2113 10,
1365 2073 1427 2116 7.).
1494 2070 1578 2103 Item
1605 2071 1736 2103 Paulus
1767 2077 1868 2103 vocat
1897 2071 2071 2115 stipendia
2106 2070 2157 2116 (1.
2177 2070 2259 2103 Cor.

1275 2126 1310 2164 9,
1332 2124 1388 2158 14.
1421 2124 1452 2156 1.
1471 2123 1564 2155 Tim.
1582 2120 1616 2159 5,
1638 2120 1724 2165 18.).
1775 2121 1870 2165 Ergo
1895 2122 2044 2155 ministri
2062 2121 2259 2164 Evangelii,

1276 2190 1353 2210 cum
1373 2181 1445 2207 tota
1464 2186 1596 2206 merces
1612 2173 1653 2206 sit
1678 2174 1841 2217 propria,
1870 2172 2001 2206 liabent.
2018 2174 2053 2207 in
2075 2173 2259 2209 fructibus,

1276 2228 1337 2274 qui
1362 2240 1402 2259 ex
1424 2226 1584 2258 mercede
1602 2225 1728 2269 reliqui
1748 2231 1850 2263 sunt,
1877 2225 2151 2270 proprietatem,
2180 2237 2259 2269 pos-

1276 2278 1411 2323 sinuffl)
1429 2277 1585 2322 reliquos
1603 2278 1735 2311 fruetus
1754 2278 1906 2315 donare,
1933 2277 2084 2309 vendere
2101 2276 2178 2309 aliis
2193 2288 2258 2321 pro

1276 2344 1339 2365 suo
1357 2329 1505 2363 arbitrio
1524 2336 1586 2361 ete.
1641 2328 1746 2361 Tales
1765 2335 1882 2361 autem
1900 2334 1980 2363 511111
1996 2327 2260 2361 usufructuarii.

1379 2382 1484 2426 Quod
1517 2393 1600 2412 vero
1633 2379 1816 2419 obiicitur,
1855 2379 1890 2412 in
1921 2380 2154 2424 eleemosynis
2187 2392 2258 2412 non

1279 2440 1393 2479 potest
1418 2432 1603 2471 constitui,
1639 2431 1707 2465 nisi
1730 2432 1880 2469 fructus,
1909 2431 1990 2476 quia
2016 2431 2258 2476 eleemos-wun-

1312 2544 1360 2570 61)
1379 2541 1569 2572 promissionis
1588 2541 1619 2569 (i.
1636 2547 1661 2570 q.
1682 2538 1858 2569 Evangelio]
1884 2539 1923 2562 sie.
1942 2539 2006 2562 Edit
2030 2540 2102 2564 1533.
2122 2542 2149 2564 et
2169 2541 2259 2565 1540.:

1347 2578 1395 2603 Ed.
1418 2578 1490 2601 1546.
1510 2575 1689 2607 promissione
1706 2575 1770 2603 (hac
1784 2579 1850 2597 vore
1867 2574 1900 2598 ad
1921 2576 2031 2598 verbnm
2047 2576 2195 2600 consolari
2214 2582 2259 2599 re-

1346 2613 1429 2640 lata).

1312 2656 1360 2684 62)
1381 2654 1531 2679 Comitium
1550 2653 1680 2683 generale
1700 2651 1824 2675 Basiieae
1842 2657 1866 2675 a.
1887 2652 2073 2677 1-431—1449.
2091 2653 2217 2678 habitum.

1314 2698 1362 2726 63)
1381 2696 1475 2725 θέσιν]
1495 2696 1578 2720 Editt.
1598 2697 1709 2726 typogr.
1729 2699 1841 2718 errore:
1866 2692 1958 2723 θέο-ην.

1312 2741 1359 2771 64)
1378 2742 1505 2771 possunt]
1524 2740 1563 2763 sic
1581 2739 1630 2763 Ed.
1651 2738 1742 2767 ¹546.;
1761 2737 1826 2762 Edu.
1848 2738 1921 2762 1535.
1941 2741 1976 2765 et.
2000 2739 2071 2764 1540,
2092 2742 2214 2769 possent.
