2347 3000
222 152 296 191 259

224 239 327 274 diosi.
369 238 464 272 Haec
485 238 578 271 enim
596 237 751 271 brexiter
768 235 911 269 recitaxi
932 240 1070 267 tantum
1089 245 1149 272 eo,
1175 238 1215 265 ut

226 292 262 324 in
278 296 375 324 tanta
392 290 562 322 varietate
580 295 825 322 contractuum
851 285 1033 327 diligentia
1056 285 1100 317 ad
1124 284 1213 317 iudi-

226 344 379 376 candum
400 340 622 380 adhibeatur,
651 352 715 372 nec
734 337 889 382 imperiti
907 343 1039 369 temere
1055 348 1213 381 pronun-

228 400 326 428 tient-

229 474 362 506 L'trum
395 468 612 503 sacerdotes
644 468 721 500 sint
757 466 899 499 usuarii
913 463 968 509 9),
1021 469 1087 498 aut
1126 476 1214 499 usu-

326 520 539 567 fructuarii
571 521 611 553 in
636 515 818 551 reditibus
839 517 1109 550 Ecclesiarum.

327 588 436 621 Vetus
461 585 619 631 quaestio
646 590 712 618 est:
752 582 809 616 An
837 583 1079 617 sacerdotibus
1112 583 1214 617 liceat

228 640 356 674 habere
374 637 560 682 proprium
573 663 582 677 ‚
608 649 686 669 cum
707 636 877 681 scriptum
895 635 939 668 sit
954 635 1082 680 (Marc.
1095 635 1130 674 6,
1143 634 1212 680 8.):

227 693 308 726 Non
327 689 496 722 habentes
514 699 571 722 aes
590 688 626 720 in
644 687 753 721 zonis.
807 686 963 725 Deinde,
989 687 1092 731 quale
1109 686 1162 719 ius
1178 687 1213 718 in

228 742 397 776 reditibus
411 739 651 773 Ecclesiarum
668 737 834 772 habeant.
887 737 958 770 Alii
983 739 1215 778 contendunt,

227 794 425 828 sacerdotes
452 798 589 824 tantum
618 788 748 823 habere
772 802 896 830 usmn,
936 789 997 822 alii
1021 790 1215 822 defendunt

225 846 330 878 etiam
348 844 568 878 usufructum
588 854 646 875 eos
664 840 795 875 habere
819 841 1031 886 pensionum
1057 841 1215 874 ecclesIa-

228 897 410 930 sticarum.

328 947 390 981 Est
409 952 526 979 autem
545 957 628 979 usus
646 945 719 985 ius,
742 956 812 990 quo
832 943 913 976 licet
932 943 1126 988 possidenti
1150 955 1214 987 pro

228 1012 263 1035 se
281 1006 314 1032 et
330 998 463 1032 familia
484 997 537 1030 uti
554 997 660 1030 rebus
675 1008 737 1029 seu
755 995 927 1029 fructibus
939 1022 948 1035 ,
977 995 1023 1027 ita
1036 1022 1045 1035 ,
1073 1001 1113 1027 ut
1135 995 1216 1027 reli-

230 1063 381 1098 quorum
399 1051 577 1083 fructuum
595 1047 852 1092 proprietatem
872 1058 945 1079 non
967 1053 1216 1091 consequatur.

229 1104 349 1148 Quare
365 1113 438 1134 non
458 1106 573 1145 potest
590 1112 650 1133 eos
669 1100 840 1138 vendere,
869 1104 930 1131 aut
948 1097 984 1130 in
1006 1104 1216 1131 testamento

230 1156 272 1187 ad
293 1153 380 1186 alios
402 1153 612 1191 transferre,
639 1157 679 1184 ut
697 1163 776 1183 cum
792 1162 876 1183 usus
892 1149 1134 1193 praefecturae
1155 1149 1217 1180 ali-

230 1206 284 1239 cui
308 1203 525 1238 conceditur.

331 1256 399 1289 Sed
425 1255 625 1288 usufructus
651 1258 701 1285 est
725 1251 795 1291 ius,
825 1264 895 1296 quo
918 1251 999 1284 licet
1027 1249 1079 1284 uti
1102 1250 1217 1288 rebus,

231 1320 290 1342 seu
307 1306 497 1345 fructibus,
524 1305 592 1343 ita,
619 1310 659 1337 ut
682 1303 904 1348 reliquorum
930 1303 1109 1335 fructuum
1134 1313 1216 1345 pro-

232 1359 417 1404 prietatem
442 1367 622 1401 possessor
641 1360 900 1400 consequatur,
928 1355 987 1387 sed
1011 1353 1113 1386 fundi
1136 1365 1218 1397 pro-

231 1411 417 1456 prietatem
434 1420 508 1441 non
526 1405 644 1440 habet.

334 1461 423 1494 Cum
440 1459 547 1503 igitur
564 1457 764 1491 sacerdotes
780 1456 959 1489 interdum
982 1456 1140 1489 vendant
1165 1467 1218 1487 re—

231 1515 347 1559 liquos
367 1513 500 1545 fructus
512 1537 520 1551 ‚
548 1515 608 1542 aut
623 1509 757 1541 donent
776 1507 872 1547 aliis,
900 1514 961 1540 aut
979 1507 1014 1540 in
1031 1513 1219 1541 testamen-

231 1566 275 1599 tis
301 1564 515 1597 transferant
538 1562 583 1594 ad
607 1560 713 1599 alios,
740 1564 858 1591 motae
877 1565 959 1592 sunt
984 1559 1218 1604 quaestiones,

232 1623 371 1651 rectene
394 1615 429 1647 id
451 1613 526 1646 fieri
548 1612 679 1657 possit,
722 1622 801 1642 cum
830 1610 924 1643 hona
948 1610 1126 1643 Ecclesiae
1149 1609 1215 1643 sint

234 1669 489 1711 eleemosynae.
524 1663 564 1696 ln
579 1661 810 1706 eleemosynis
827 1668 944 1695 autem
964 1661 1127 1694 videatur
1144 1667 1218 1693 tan—

232 1727 307 1753 tum
332 1730 414 1751 usus
441 1715 625 1754 constitui,
653 1713 735 1759 quia
760 1725 865 1757 parce
891 1713 938 1745 eis
962 1713 1135 1746 utendum
1158 1719 1219 1751 est,

233 1778 271 1805 ut
287 1769 463 1814 supersint
481 1766 609 1812 reliqui
634 1766 768 1798 fructus
795 1765 839 1796 ad
863 1764 1107 1798 necessitatem
1134 1764 1219 1796 alio-

234 1835 312 1857 rum
333 1819 523 1864 egentium.

334 1871 380 1904 Et
403 1876 496 1904 extat
520 1867 724 1902 constitutio
749 1865 786 1898 in
808 1865 967 1899 Decretis
985 1866 1025 1899 X.
1044 1866 1219 1911 quaestio-

235 1938 277 1958 ne
293 1923 412 1968 ll.¹⁰)‚
453 1933 542 1967 quae
566 1925 660 1952 xetat
681 1917 865 1962 episcopos
889 1923 922 1950 et
944 1917 1114 1951 diaconos
1138 1917 1220 1949 alie-

234 1988 319 2010 nare
336 1974 491 2019 reliquos
509 1973 660 2010 fructus,
686 1968 860 2008 videlicet,
888 1968 971 2014 quia
989 1968 1133 2001 iuvandi
1151 1969 1219 2001 sint

235 2028 295 2062 alii
320 2032 470 2069 egentes.
531 2023 599 2056 Sed
625 2021 750 2054 omitto
775 2026 910 2053 veteres
938 2020 1220 2059 constitutiones,

236 2091 326 2126 quae
348 2077 419 2111 suis
443 2074 662 2119 temporibus
687 2084 808 2106 causas
828 2069 1031 2105 habuerunt
1054 2071 1221 2116 probabi-

235 2132 295 2165 les.
345 2129 448 2163 Nunc
465 2127 532 2159 alia
551 2126 664 2158 forma
683 2130 733 2157 est
749 2123 785 2156 in
803 2122 1220 2167 politica‘gubernatione

236 2181 442 2215 facultatum
460 2184 493 2211 et
508 2177 688 2210 redituum
709 2181 772 2208 etc.

338 2231 390 2265 Sit
416 2236 533 2263 autem
555 2227 642 2261 haec
662 2226 777 2272 prima
801 2224 992 2259 conclusio.
1046 2224 1128 2258 Sine
1148 2225 1219 2258 ulla

237 2282 458 2318 dubitatione
474 2293 596 2313 verum
617 2284 685 2318 est,
714 2284 873 2322 pastores
902 2283 935 2310 et
956 2276 1139 2310 ministros
1157 2276 1221 2309 Ec-

238 2335 421 2369 clesiarum
448 2345 549 2377 posse
574 2338 693 2364 tenere
715 2328 924 2374 proprium,
962 2328 1051 2361 sicut
1075 2334 1220 2372 possunt

238 2399 308 2420 esse
326 2385 492 2429 coniuges
509 2390 541 2416 et
557 2389 687 2427 patres,
705 2394 744 2414 ac
762 2381 939 2413 diversum
957 2379 1100 2419 sentire,
1121 2392 1222 2424 pror-

236 2451 293 2471 sus
311 2436 446 2470 insania
464 2441 514 2469 est
526 2462 534 2475 ,
561 2434 650 2468 sicut
666 2444 770 2477 saepe
786 2431 930 2465 fanatici
946 2429 1121 2471 homines,
1140 2429 1222 2465 W-

238 2487 356 2533 clef¹¹)
376 2494 407 2519 et
425 2486 496 2526 alii,
526 2492 557 2518 et
573 2483 957 2527 recensAnabaptistae
975 2483 1017 2515 de
1035 2480 1100 2515 hac
1117 2495 1221 2528 quae—

272 2580 302 2612 9)
321 2579 451 2608 usuarii]
470 2578 509 2602 sic
527 2578 592 2604 Edd.
615 2578 703 2608 1550„
725 2578 797 2601 1554.
817 2578 844 2599 ct
866 2575 954 2606 1557.;
988 2576 1035 2599 Ed.
1058 2575 1131 2599 1560.
1154 2582 1223 2598 usu-

306 2620 395 2638 rar-21.

277 2657 320 2687 ¹0)
341 2656 448 2680 Deci-cti
469 2656 588 2679 secunda
609 2661 687 2684 pars.
713 2660 796 2677 causa
809 2654 843 2678 X.
872 2654 976 2683 quaest.
991 2653 1022 2676 11.
1042 2660 1064 2676 c.
1081 2652 1106 2677 7.
1127 2652 1221 2681 (serp.

308 2692 359 2714 iur.
379 2696 474 2714 canon.
494 2690 534 2714 ed.
555 2690 664 2712 Richter
684 2689 713 2712 Ρ.
728 2689 746 2711 1.
766 2696 790 2718 p.
805 2688 887 2715 531.)

276 2734 320 2761 n]
341 2735 402 2757 {olm
428 2732 564 2762 u'ycliffe
590 2732 632 2755 vei
661 2732 711 2755 1011.
732 2731 859 2754 wit-ies.
890 2730 1038 2753 Professor
1061 2730 1223 2754 Academiae

311 2768 492 2797 oxoniensis,
512 2769 591 2791 natus
614 2766 686 2790 1324.
707 2766 732 2789 in
754 2765 880 2795 parochia
895 2765 1029 2795 XVsclffl'e
1047 2765 1122 2788 iaxta
1141 2765 1222 2787 Rich-

494 150 695 186 SCRIPTA
721 150 796 185 PH.
824 149 936 184 MEL,
963 147 1029 182 AD
1055 144 1263 182 ETHICEN
1290 146 1354 181 ET
1381 145 1638 183 POLITICEN
1666 146 1976 182 SPECTANTIA.

2176 145 2252 182 260

1264 233 1377 266 stione
1396 234 1601 267 tumultuati
1617 241 1710 269 sunt.
1756 234 1946 268 Manifesta
1965 238 2016 266 est
2032 238 2150 266 autem
2168 243 2251 264 con-

1265 285 1418 318 firmatio
1449 286 1684 320 conclusionis
1707 298 1748 320 ex
1773 287 1892 331 regula
1917 284 2121 325 verissima,
2161 294 2252 329 quae

1265 337 1419 369 affirmat
1449 337 1613 371 omnihus
1639 336 1849 371 Christianis
1875 337 1978 370 licere
2005 336 2058 369 uti
2087 334 2253 378 legitimis

1267 387 1552 422 ordinationilms
1575 389 1744 433 politicis,
1773 395 1807 422 et
1824 389 1969 435 quidem
1986 398 2176 432 agnoscere
2193 386 2254 418 de-

1264 440 1407 479 bemus,
1451 439 1620 473 divinitus
1650 440 1828 474 institutas
1860 447 1894 473 et
1923 439 2137 484 approbatas
2167 448 2254 477 esse,

1266 491 1353 523 sicut
1378 491 1550 523 Salomon
1575 491 1691 536 inquit
1716 491 1839 537 (Prov.
1859 491 1917 531 16,
1949 490 2041 537 11.):
2084 489 2193 522 Libra
2220 494 2255 521 et

1266 549 1394 575 statera
1420 542 1548 575 iudicia
1577 542 1721 575 Domini
1743 548 1836 576 sunt.
1896 542 1944 576 Et
1967 543 2099 576 dictum
2124 538 2255 574 Christi

1267 594 1480 626 nominatim
1508 594 1631 627 tribuit
1655 594 1909 639 proprietatem
1928 593 2135 629 docentibus
2152 590 2254 637 (Luc.

1269 646 1328 685 10,
1348 645 1418 690 7.):
1447 645 1584 689 Dignus
1601 651 1651 679 est
1670 645 1854 690 operaritis
1878 646 2051 679 mercede.
2111 643 2170 677 Fit
2193 654 2254 676 au-

1269 703 1338 729 tem
1353 709 1486 730 merces
1504 697 1648 742 propria
1669 697 1761 737 eius,
1788 697 1842 730 cui
1861 697 2011 731 solvitur
2027 707 2162 729 merces
2171 693 2229 740 ¹2).

1370 748 1501 781 Extant
1532 755 1607 781 acta
1630 746 1874 782 Boliemorum
1914 748 1951 781 in
1981 747 2126 793 Synodo
2155 744 2256 778 Basi-

1268 799 1444 846 licnsiffl),
1478 801 1538 833 ubi
1565 800 1657 833 inter
1681 806 1836 834 caeteras
1859 799 2082 846 quaestiones
2107 803 2143 831 et
2162 794 2255 830 hanc

1269 851 1436 893 agitatam
1469 864 1541 885 esse
1571 852 1753 885 scribitur:
1797 852 1854 884 An
1875 851 2124 885 *sacerdotibus
2152 848 2257 881 liceat

1271 900 1400 935 babere
1427 903 1625 948 proprium.
1684 904 1751 936 Sed
1776 903 1998 937 xerissimum
2028 908 2098 942 est,
2133 899 2256 933 deberi

1270 954 1441 988 ministris
1456 954 1640 999 Evangelii
1658 952 1823 989 honestas
1842 955 2021 988 mercedes
2039 966 2101 987 seu
2124 952 2256 997 stipen-

1271 1005 1348 1046 dia,
1363 1009 1410 1038 'et
1435 1006 1471 1038 in
1496 1004 1550 1040 liis
1574 1005 1754 1039 verissime.
1771 1004 1904 1040 liabent
1920 1006 2178 1050 proprietatem
2195 1014 2257 1036 seu

1270 1057 1491 1097 dominium,
1543 1058 1625 1103 quia
1662 1058 1826 1102 politicae
1863 1057 2124 1095 ordinationes,
2173 1065 2257 1088 con-

1271 1115 1436 1150 gruentes
1455 1121 1532 1141 cum
1549 1109 1680 1142 iudicio
1699 1116 1867 1150 naturae,
1895 1115 1977 1142 sunt
1993 1121 2048 1142 res
2062 1108 2198 1146 bonae,
2223 1110 2257 1138 et

1271 1159 1440 1193 divinitus
1465 1160 1620 1193 sancitae
1647 1160 1682 1193 in
1706 1158 1862 1194 humana
1886 1160 2070 1199 societate,
2104 1164 2139 1191 et
2155 1155 2257 1191 Chri-

1270 1211 1393 1243 stianis
1410 1223 1612 1244 concessum
1632 1218 1681 1245 est
1699 1212 1739 1245 iis
1753 1212 1818 1252 uti,
1834 1212 1906 1244 imo
1925 1212 2054 1245 dehent
2065 1206 2258 1244 Christiani

1272 1262 1363 1294 tueri
1381 1261 1519 1295 vinmla
1539 1263 1715 1296 societatis
1732 1264 1943 1297 communis.

1374 1313 1480 1358 Quod
1501 1326 1585 1346 vero
1605 1314 1737 1347 dictum
1757 1320 1825 1347 est:
1861 1314 1944 1348 Non
1968 1311 2178 1359 possideatis
2191 1312 2257 1344 'aes

1273 1364 1308 1396 in
1328 1365 1445 1405 zonis,
1472 1377 1544 1397 non
1562 1365 1803 1411 baculumn),
1831 1378 1905 1398 non
1935 1365 1983 1398 ita
2008 1365 2143 1398 duriter
2170 1361 2259 1395 acci-

1275 1415 1442 1459 piendum
1460 1423 1510 1449 est
1533 1415 1574 1451 τὸ
1599 1415 1729 1462 ῥητὸν,
1758 1423 1797 1449 ut
1822 1417 1943 1460 regula
1965 1414 2176 1449 universalis
2199 1414 2259 1446 (le-

1272 1468 1404 1507 leatur,
1433 1480 1522 1513 quae
1542 1469 1706 1508 affirmat,
1735 1468 1900 1501 omnibus
1917 1468 2020 1501 licere
2037 1467 2089 1501 nti
2105 1463 2259 1511 politicis

1274 1519 1569 1552 ordinationilms.
1613 1519 1681 1552 Sed
1698 1517 1863 1564 prohibet
1881 1519 2013 1553 dictum
2033 1519 2121 1552 illud
2136 1527 2259 1551 curam

1273 1571 1465 1615 quaerendi
1492 1572 1670 1604 mercedes
1693 1578 1726 1617 et
1753 1570 2014 1611 defensionem,
2055 1570 2104 1603 ita
2137 1580 2181 1602 ne
2215 1567 2260 1601 sit

1273 1622 1475 1666 praecipua.
1543 1622 1589 1654 Et
1617 1623 1713 1655 addit
1741 1622 2019 1655 consolationem
2043 1622 2086 1654 (le
2109 1620 2204 1653 victu
2226 1624 2261 1651 et

1273 1674 1496 1713 defensione,
1524 1671 1718 1719 prohibens
1736 1674 1850 1708 deseri
1868 1673 2125 1714 ministerium,
2152 1671 2260 1705 etiam

1344 1792 1423 1814 mend
1443 1791 1467 1814 in
1487 1791 1615 1814 comitatu
1635 1791 1798 1816 Yorkshire.
1818 1791 1859 1816 31.
1880 1793 1943 1816 Dec.
1964 1792 2039 1816 1324.
2057 1789 2259 1815 Lutterworthi

1342 1829 1481 1852 mortuus,
1512 1826 1545 1849 de
1569 1827 1645 1849 cuius
1671 1827 1728 1849 vita
1747 1827 1774 1849 et
1793 1827 1904 1856 scriptis
1923 1827 2043 1857 theolog.
2062 1828 2089 1849 et
2108 1825 2258 1855 philosoph.

1342 1861 1412 1883 conf.
1436 1861 1517 1883 Henr.
1543 1861 1575 1883 de
1601 1861 1766 1890 knyghton:
1798 1861 1838 1884 De
1863 1862 2004 1884 eventibus
2028 1861 2146 1891 Angtiae
2173 1864 2260 1889 usque

1343 1895 1374 1917 ad
1400 1900 1462 1917 ami.
1485 1894 1558 1917 1395.
1584 1895 1642 1923 (ἰιιε
1672 1895 1801 1917 Twisdeu
1819 1896 1970 1925 scriptores
1989 1895 2052 1919 hist.
2074 1894 2154 1925 Angl.
2173 1893 2259 1917 Lond.

1344 1929 1418 1952 1052.
1439 1929 1516 1955 futh
1535 1929 1607 1952 John
1621 1929 1731 1952 newis:
1757 1930 1811 1952 Tine
1830 1930 1938 1959 history
1957 1930 1987 1953 of
2003 1930 2048 1953 the
2066 1930 2113 1952 life
2131 1928 2183 1952 and
2198 1927 2259 1950 sut*-

1344 1964 1449 1988 sei-{11:12
1470 1963 1500 1985 of
1515 1963 1587 1985 John
1603 1963 1746 1992 u'ycliffe.
1768 1964 1854 1988 hond.
1877 1964 1950 1987 1720.
1969 1964 2013 1989 8.;
2033 1960 2259 1994 Boi›.Vaughan[:

1343 1998 1398 2020 The
1419 1997 1465 2020 lise
1493 1997 1546 2020 and
1572 1997 1694 2026 opinions
1714 1998 1744 2021 os
1759 1998 1829 2020 John
1857 1999 1890 2021 de
1910 1998 2054 2028 XVyclisl'e.
2078 1997 2164 2021 Loud.
2186 1996 2259 2020 1829.

1343 2032 1359 2055 2
1374 2032 1456 2055 Tomi.
1475 2032 1518 2056 ἃς
1551 2032 1582 2054 A.
1602 2032 1690 2055 zato:
1717 2029 1864 2064 &eschidyte
1884 2032 1927 2057 bes
1947 2031 2092 2064 englisdjen
2111 2029 2260 2062 meratina*

1343 2068 1402 2091 tots
1421 2065 1453 2095 z.
1471 2064 1582 2096 Qittef.
1607 2065 1694 2098 sprag.
1714 2066 1789 2089 17³⁶.
1808 2068 1850 2097 8.;
1883 2068 1930 2091 w.
1951 2068 2057 2096 Gilpin:
2093 2062 2260 2099 §Eiogtwbie

1343 2100 1387 2125 Det
1412 2099 1591 2130 befanntesten
1612 2099 1821 2130 fflefntmntoren
1848 2107 1894 2126 rot
1913 2100 2024 2132 nuthet!
2054 2102 2105 2127 aut}
2131 2100 2154 2126 b.
2175 2099 2218 2126 ἔτι
2241 2098 2259 2124 1.

1345 2133 1454 2172 ῧταξιῐΐ.
1473 2141 1498 2160 u.
1518 2133 1602 2171 eeipg.
1624 2135 1698 2158 1769.
1717 2136 1761 2165 8.;
1786 2136 1817 2159 G.
1832 2136 1950 2160 Weber:
1976 2134 2120 2167 &esaiam
2137 2134 2181 2160 ner
2200 2139 2214 2158 α
2233 2138 2261 2158 α·

1341 2168 1482 2201 thotzscben
1502 2168 1612 2200 erdyeu
1634 2175 1659 2194 u.
1680 2168 1782 2195 &etun
1801 2174 1852 2195 von
1866 2167 2109 2202 &tnebritanniem
2128 2170 2156 2193 Τ.
2165 2169 2183 2192 1.
2203 2168 2232 2192 P.
2241 2169 2259 2192 1.

1343 2202 1425 2236 Uim.
1447 2205 1521 2228 1845.
1540 2211 1564 2234 p.
1581 2204 1613 2227 62
1628 2211 1688 2234 sqq.

1311 2256 1356 2281 ¹2)
1377 2255 1420 2277 Fit
1447 2256 1536 2278 autem
1562 2261 1667 2277 merces
1690 2255 1803 2285 propria
1827 2256 1904 2283 eius.
1935 2255 1976 2279 cui
1996 2255 2114 2279 solvitur
2132 2255 2260 2283 merces]

1343 2289 1383 2327 sic
1401 2289 1467 2328 Edit.
1490 2290 1578 2319 1554„
1600 2290 1674 2313 1557.
1694 2292 1721 2313 et
1742 2291 1834 2321 1560.;
1860 2291 1908 2315 Ed.
1926 2290 2000 2314 1550.
2020 2290 2065 2314 Fit
2083 2291 2173 2313 autem
2193 2294 2260 2319 pro-

1344 2330 1402 2353 pria
1422 2330 1496 2353 cius.
1517 2331 1574 2347 cum
1595 2325 1713 2348 solvitur
1732 2331 1848 2349 merceS.

1313 2376 1356 2403 13]
1377 2376 1445 2398 Acta
1464 2375 1543 2398 huius
1563 2375 1669 2399 concilii
1688 2377 1829 2404 generalis
1854 2382 1878 2401 a.
1897 2375 2083 2400 1431—1449.
2108 2375 2191 2399 habiti
2214 2374 2258 2398 in-

1344 2410 1492 2433 veniuntur
1512 2410 1537 2433 in
1558 2410 1593 2433 to.
1611 2410 1687 2435 Doin.
1701 2411 1789 2434 Mansi
1808 2417 1913 2434 sacror.
1932 2410 2107 2434 conciliorum
2126 2415 2214 2434 novae
2232 2409 2260 2433 et

1344 2444 1467 2474 ampliss.
1494 2445 1665 2468 collectionis
1691 2445 2040 2471 Tom.XXix—XXX1..
2073 2445 2100 2468 et
2127 2442 2259 2468 nai-duint

1345 2480 1374 2502 T.
1388 2479 1436 2503 lx.
1454 2491 1489 2495 —-
1531 2478 1609 2503 Cous.
1629 2480 1739 2503 Aeneae
1758 2480 1847 2510 Sylvii
1867 2480 2039 2503 Piccoiomini
2059 2479 2259 2503 Commentarr.

1344 2514 1409 2537 lim».
1430 2513 1473 2536 ΙΙΙ.
1499 2513 1532 2536 de
1556 2514 1672 2537 concilio
1690 2514 1843 2538 Basiieensi
1869 2513 1996 2545 (neimst.
2018 2513 2092 2537 ¹700.
2110 2526 2146 2530 —
2169 2517 2258 2536 anno-

1344 2554 1402 2571 rmn
1427 2547 1615 2572 1438-1440,
1639 2548 1780 2571 historiam
1799 2549 1858 2571 eius
1877 2550 1980 2575 cont,):
2005 2549 2029 2572 J.
2050 2548 2182 2572 Lensant:
2208 2546 2260 2570 ni-

1346 2583 1432 2605 stoire
1452 2582 1484 2605 de
1504 2583 1529 2605 la
1548 2588 1648 2610 guerre
1666 2583 1713 2606 des
1733 2583 1860 2606 llussites
1884 2585 1909 2606 et
1929 2584 1962 2606 du
1988 2584 2092 2606 concile
2117 2583 2149 2606 de
2167 2581 2257 2606 Basie.

1344 2618 1430 2640 Amst.
1447 2616 1521 2640 1731.
1540 2617 1556 2640 2
1568 2617 1643 2640 Tomi
1662 2618 1684 2640 4.
1707 2619 1742 2645 (c.
1759 2618 1894 2647 supplem.
1906 2618 1931 2641 J.
1949 2618 1981 2641 de
1998 2618 2162 2641 Beausohre.
2183 2617 2258 2639 Lau-

1345 2657 1432 2674 samie
1453 2650 1556 2681 1735.);
1590 2651 1708 2674 Richerii
1736 2651 1798 2674 hist.
1824 2658 1898 2676 com.
1924 2660 1985 2681 gen.
2011 2652 2106 2675 Coton.
2134 2651 2208 2674 1681.
2232 2651 2257 2673 4.

1344 2685 1421 2708 1.]11.
1451 2693 1473 2714 p.
1488 2685 1522 2708 *20
1540 2692 1615 2715 sqq-z
1650 2692 1675 2709 v.
1695 2686 1903 2718 xx'ossenherg:
1930 2682 1985 2713 {Die
2010 2685 2110 2720 gtofien
2133 2683 2257 2716 Ritdyen‘

1345 2718 1573 2751 rcrsainmtungen
1594 2720 1621 2742 T.
1638 2720 1669 2743 11.
1689 2719 1717 2743 P.
1732 2720 1763 2744 11.

1312 2761 1356 2794 14)
1378 2762 1457 2788 Cous.
1477 2763 1572 2786 Mami.
1596 2762 1635 2787 10,
1654 2762 1678 2785 9.
1700 2763 1737 2787 10.
