2347 3000
207 116 304 153 1155

210 205 371 238 membro
403 204 602 237 conveniat.
668 201 718 235 Ita
748 203 905 235 futurum
940 207 1008 239 est,
1051 207 1091 234 ut
1130 213 1195 234 nos

211 257 316 289 etiam
351 255 546 288 scribamus
577 255 620 286 ad
654 253 796 286 illorum
830 252 1122 291 similitudinem,
1158 258 1197 285 ut

213 306 332 340 omnia
368 307 526 339 membra
559 311 699 338 nostrae
732 304 905 338 orationis
931 304 1020 336 bene
1047 303 1138 335 inter
1160 314 1195 336 se

213 358 454 397 consentiant,
483 364 516 389 et
541 362 579 389 ut
601 353 737 399 phrasis
756 353 885 388 liabeat
903 356 1081 401 quandam
1100 353 1197 387 siini-

212 409 398 441 litudineni
423 410 589 452 antiquae
614 407 772 446 formae,
808 419 898 452 quae
930 413 981 440 est
1004 405 1197 445 Ciceronis,

214 467 319 505 atque
355 460 401 492 ita
435 457 658 503 aequabilior
689 459 761 491 fiat.
837 457 1034 491 Exordium
1073 455 1198 489 liabuit

214 518 283 544 tres
312 512 417 543 locos.
470 509 612 542 Primus
642 509 726 548 fuit,
765 521 828 542 cur
855 509 1047 553 susceperit
1078 509 1197 540 defen-

214 563 348 595 sionem
383 561 520 605 Syllae,
561 572 708 603 nempe,
751 566 790 593 ut
820 561 983 593 ostendat
1013 572 1047 593 se
1082 560 1196 591 lenem

216 625 295 654 erga
322 614 454 650 lionos,
482 619 516 645 et
541 609 785 644 vehementem
810 624 890 654 erga
911 612 1093 655 improbos
1113 622 1197 644 esse.

214 664 251 696 ln
274 665 427 697 secundo
453 664 530 695 loco
559 662 685 706 incepit
714 675 877 695 excusare
908 661 1198 700 inconstantiam,

779 116 901 150 PlllL.
940 115 1052 151 MEL.
1085 114 1287 151 SCRIPTA
1314 119 1649 158 PHILOLOGICA.

2138 124 2236 160 1156

1223 205 1225 249 1
1351 209 1552 253 Des-[ynam]
1596 208 1779 251 Designati
1822 211 1982 246 consules
2014 211 2234 250 dicebantur,

1223 255 1308 299 Squi
1340 263 1414 290 toto
1450 271 1566 300 anno,
1609 267 1798 305 antequam
1834 262 1967 295 inirent
1995 263 2233 305 magistratus,

1249 309 1536 364 creabanturffl).
1665 313 1782 345 Patris
1825 312 1896 361 iul]
1941 314 2111 348 l'ieiectio.
2180 313 2234 345 De

1248 370 1368 401 priore
1394 361 1641 395 coniuratione
1666 362 1751 395 dicit
1775 374 1810 395 se
1836 363 1925 397 niliil
1948 365 2124 398 dicturum
2150 376 2236 403 esse,

1249 410 1330 453 quia
1349 410 1437 444 nihil
1455 426 1611 459 unquam
1629 414 1671 446 de
1689 426 1727 447 ea
1748 425 1785 446 re
1802 416 2065 461 constiteram).
2118 417 2236 449 Patris

1223 460 1316 511 fiai]
1354 463 1386 494 id
1413 470 1482 503 est,
1517 465 1577 511 qui
1611 464 1878 510 inquisitionem
1912 467 2042 511 prioris
2070 466 2237 499 coniura-

1250 512 1355 547 tionis
1393 515 1487 549 feeit.
1590 514 1757 563 Ambitio]
1805 516 1987 562 Accipitur
2027 518 2063 551 in
2102 518 2235 550 lionam

1251 571 1387 606 partem
1405 566 1463 609 ⁶²).

1223 611 1226 659 l
1353 615 1382 659 ξ.
1408 618 1465 652 12.
1493 620 1533 651 In
1555 621 1678 661 primis
1704 622 1742 661 Q.
1767 617 1990 666 Hortensius]
2023 619 2053 652 A
2078 619 2235 658 testibus,

1223 661 1226 713 ξ
1251 664 1399 707 Crasso,
1427 668 1594 709 Lucullo,
1623 670 1826 704 Hortensio,
1881 669 2176 704 Circumstantiae
2198 669 2233 701 in

213 715 294 759 quia
320 715 524 759 Torquatus
551 714 746 753 obiecerat,
772 714 978 746 Ciceronem
995 725 1068 745 non
1085 712 1198 745 videri
1223 716 1226 763 l
1251 714 1317 749 1100
1343 727 1553 762 „rgumenm
1576 722 1775 762 Romamne,
1811 734 1903 768 quae
1934 722 1979 755 512
2010 721 2150 755 testim„
2174 731 2235 753 au-

214 772 454 805 constantem,
494 766 589 810 quod
620 765 708 798 alios
739 778 811 797 nou
838 765 1068 803 defendisset,
1104 761 1198 797 lninc
1223 765 1226 809 1
1252 760 1398 810 toritas,
1429 772 1512 805 fides
1537 778 1570 804 et
1595 773 1764 816 dignitas,
1800 772 1898 806 cuius
1923 772 1960 805 in
1984 770 2052 805 hoe
2075 771 2234 810 crimine,

214 829 297 849 vero
315 817 528 850 defenderet.
582 816 636 848 Ad
656 814 722 849 lioc
741 817 931 860 respondet
949 828 1010 860 per
1029 815 1198 848 obiectio·
1223 813 1227 867 l
1252 817 1318 851 lioe
1346 828 1414 862 est,
1450 822 1659 857 Hortensius
1688 831 1803 868 potest
1835 835 1907 857 esse
1933 824 2030 857 testis
2054 824 2096 856 de
2119 823 2234 867 prima

213 880 314 907 nem,
339 874 373 900 et
398 867 482 900 dicit
503 880 537 901 se
561 868 720 911 exemplo
746 868 922 901 clarorum
947 867 1106 899 virorum
1131 864 1199 899 hoe

213 919 344 952 fecisse.
440 918 564 951 Tertio
604 918 727 952 inserit
764 919 1050 963 occupationem:
1105 917 1197 962 Quia

215 971 355 1003 tametsi
378 969 438 1002 alii
461 970 654 1003 defendunt
678 969 901 1009 coniuratos,
937 976 1055 1002 tamen
1081 969 1199 1002 minus

213 1023 259 1054 ad
274 1029 306 1055 te
326 1033 380 1054 res
398 1021 562 1065 pertinet,
591 1020 673 1065 quia
692 1021 887 1064 patefecisti
901 1020 1198 1054 coniurationem.

213 1072 269 1105 Ad
290 1070 357 1105 lioc
379 1074 569 1116 respondet
594 1083 657 1114 per
680 1072 928 1105 obtectionem.
981 1070 1119 1103 Deinde
1139 1071 1200 1103 ad-

215 1124 267 1156 dit
291 1123 549 1156 inversionem:
586 1122 750 1157 Concedo
775 1128 878 1167 turpe
911 1134 983 1156 esse
1011 1122 1199 1155 defendere

212 1187 313 1208 reum
340 1174 616 1213 coniurationis,
642 1173 722 1207 ideo
748 1186 814 1207 nos
836 1186 909 1207 non
926 1174 1102 1207 adfuimus
1118 1172 1200 1205 reli-

214 1226 292 1271 quis
316 1225 527 1265 coniiiratis‚
555 1224 636 1270 quia
663 1225 858 1258 sciebamus
882 1225 958 1258 illos
981 1231 1099 1258 sontes
1115 1235 1199 1257 esse.

214 1277 304 1310 Huic
329 1282 446 1309 antem
471 1278 659 1315 adsumus,
688 1276 770 1321 quia
798 1276 995 1309 iudicamus
1020 1288 1101 1308 eum
1125 1287 1198 1307 non

215 1342 287 1362 esse
315 1340 413 1360 reiiiii
440 1327 709 1367 coniurationis,
738 1333 771 1360 et
796 1327 896 1360 addit
921 1327 1198 1360 conclusionem.

215 1380 304 1413 Cum
341 1379 468 1424 aliquis
497 1379 543 1412 ita
577 1378 789 1423 principalia
829 1379 986 1412 membra
1026 1378 1197 1411 meditata

213 1429 339 1469 lialiet,
391 1430 517 1464 melius
567 1430 694 1463 seriem
740 1430 914 1463 orationis
958 1429 1197 1475 consequitur.

214 1482 392 1515 Hactenus
424 1481 608 1514 exordium
638 1481 722 1521 fuit,
758 1494 852 1514 nunc
880 1487 1078 1526 sequnntur
1108 1481 1198 1513 duae

213 1533 488 1577 propositiones.
562 1532 628 1564 Hic
658 1544 732 1564 non
764 1545 852 1576 opus
881 1533 948 1565 snit
979 1531 1198 1571 narratione,

216 1585 296 1629 quia
323 1581 410 1615 niliil
435 1584 552 1627 potuit
573 1583 727 1622 narrari,
755 1584 925 1628 quonian:
951 1584 995 1617 sit
1021 1583 1198 1616 infitiatio.

216 1636 287 1680 Qui
313 1632 402 1666 iiiliil
426 1635 592 1677 perfecit,
629 1635 671 1665 de
706 1645 747 1665 eo
783 1632 872 1666 nihil
900 1634 1041 1666 narrari
1071 1639 1197 1677 potest.

212 1686 253 1718 lii
278 1686 526 1728 respondendo
554 1682 643 1717 nihil
671 1697 758 1728 opus
783 1691 843 1718 est.

216 1738 272 1770 Tu
308 1737 492 1781 Torquate
533 1747 675 1768 accusas
713 1735 847 1780 Syllani
889 1741 1059 1780 tanquam
1096 1747 1197 1768 reum

215 1788 398 1833 uti-iusque
418 1786 692 1824 coniiirationis;
734 1798 797 1829 ego
816 1798 900 1819 vero
916 1798 1018 1830 negO.
1073 1785 1196 1819 Cicero

216 1846 334 1872 autem
370 1836 436 1870 lioc
468 1838 545 1871 loco
577 1838 689 1870 utitur
720 1837 931 1877 reiectione,
977 1844 1011 1870 et
1038 1837 1197 1881 priorem

217 1890 499 1935 propositionem
532 1889 647 1921 reiicit
677 1889 722 1921 ad
743 1888 925 1921 Hortensii
946 1888 1199 1928 defensionem,

217 1942 299 1987 quia
317 1941 526 1974 Hortensius
551 1940 634 1973 satis
659 1939 769 1972 inulta
798 1941 839 1972 de
863 1937 929 1972 hac
954 1940 1091 1973 dixerit.
1145 1938 1198 1972 De

217 1994 367 2027 secunda
400 2003 461 2035 per
492 1990 739 2023 infitiationem
772 1992 982 2034 respondet,
1025 1997 1059 2024 et
1093 1997 1200 2033 negat

217 2045 349 2089 Sfllani
383 2055 481 2075 rciun
517 2054 588 2075 csse
624 2041 879 2075 coniurationis
910 2054 1025 2087 neque
1056 2041 1200 2085 prioris,

217 2107 331 2140 neque
355 2093 572 2138 posterioris.
625 2091 676 2125 Ita
705 2105 842 2125 summa
878 2105 996 2126 rernm
1029 2099 1080 2126 est
1105 2105 1200 2125 coin-

218 2144 483 2192 prehendenda.
535 2143 631 2187 Ergo
667 2143 790 2177 Cicero
821 2143 1085 2188 diligenti'ssime
1118 2156 1200 2176 con-

218 2197 374 2233 servavit
400 2195 575 2228 rationein
598 2195 844 2238 proponendi,
880 2195 963 2240 quia
988 2195 1060 2239 ipse
1088 2195 1201 2228 voluit

219 2263 290 2283 csse
316 2249 440 2293 plenus
464 2253 498 2279 et
518 2246 734 2290 perspicuus.
795 2245 867 2278 lain
893 2248 1026 2279 aceedit
1051 2247 1093 2278 ad
1121 2258 1201 2279 cau-

218 2315 291 2334 sam
306 2328 315 2339 ,
344 2309 563 2346 quamquain
590 2298 749 2331 nonduin
769 2298 875 2330 addat
892 2298 1200 2330 confirmationem

218 2366 278 2387 scu
303 2349 581 2385 confutationem
601 2347 659 2394 ⁵9).

254 2537 301 2563 59)
320 2536 374 2558 Pro
395 2535 444 2557 hac
463 2534 545 2563 longa
563 2531 756 2561 annotatione,
775 2536 845 2562 quae
862 2531 889 2555 in
909 2532 957 2555 Ed.
978 2532 1051 2556 1568,
1071 2533 1126 2555 11115
1146 2532 1201 2558 Cic.

290 2569 382 2593 verbis
399 2568 537 2597 adscripta
556 2569 612 2597 est,
637 2567 719 2590 Editt.
742 2566 832 2596 15³9.,
852 2567 943 2594 155³,
971 2568 1044 2591 ¹554.
1064 2568 1133 2591 lianc
1150 2569 1201 2591 113-

289 2605 352 2627 bent
372 2604 478 2625 brevem
497 2602 591 2624 iisdein
615 2601 671 2625 Cic.
691 2600 783 2624 verbis
801 2601 968 2630 appositam:
996 2601 1149 2631 Propositio
1168 2602 1202 2625 de

288 2638 392 2661 duabus
412 2636 651 2659 coniurationibus.
689 2635 812 2658 Priorem
841 2635 929 2659 reiicit
954 2636 988 2658 ad
1013 2636 1200 2667 Hortensium,

288 2674 402 2696 alten-ain
421 2670 500 2700 plane
519 2669 667 2700 iiifitiatur3
700 2670 783 2700 negat
808 2668 879 2693 enim
899 2669 1006 2699 syllam
1029 2670 1114 2696 fuisse
1131 2676 1200 2695 con-

288 2708 413 2731 iuratum.

897 1685 1101 1728 Pi'opositio
1128 1690 1195 1717 est:
1224 1690 1225 1707 ²

1225 871 1227 877 ’
1252 869 1419 912 historia,
1447 886 1519 907 non
1547 881 1683 907 tantum
1709 877 1893 914 defensor,
1921 875 2004 920 quia
2028 874 2102 919 ipse
2129 874 2236 906 inter-

1250 923 1313 955 suit
1345 925 1509 959 omnibus
1534 926 1657 965 rebus,
1685 933 1719 959 ct
1743 933 1793 960 est
1817 926 1872 959 vir
1894 926 2021 969 dignus
2043 926 2111 958 fide
2126 924 2186 970 6Ἃ).

1357 973 1386 1017 ἓ.
1422 976 1479 1010 13.
1521 978 1585 1016 Qua·
1615 979 1777 1011 vobiscum
1808 975 1886 1024 illa]
1929 976 2017 1010 lllnd
2047 976 2234 1010 confirmat

1253 1027 1479 1059 autoritatem
1505 1027 1677 1060 orationis
1694 1028 1886 1061 Hortensii.
1940 1027 2149 1061 Hortensius
2165 1027 2237 1060 lae-

1251 1077 1295 1110 sit
1313 1090 1375 1110 siio
1394 1078 1596 1111 testimonio
1614 1078 1848 1117 Aiitronium;
1876 1078 1932 1111 ille
1952 1079 2044 1112 idem
2061 1090 2124 1112 suo
2143 1077 2240 1111 testi-

1252 1128 1375 1161 monio
1399 1141 1493 1161 nunc
1517 1128 1649 1173 Syllani
1674 1130 1848 1169 laederet,
1875 1130 1904 1164 si
1929 1130 2032 1164 sciret
2059 1141 2139 1163 eum
2164 1139 2237 1162 esse

1252 1191 1352 1212 reum
1384 1180 1640 1214 coniurationis
1655 1180 1714 1227 6³⁴).
1817 1182 1893 1215 Mei
1922 1177 2132 1227 consulatus]
2166 1179 2236 1213 Po-

1252 1231 1409 1264 sterioris
1444 1231 1699 1275 propositionis
1738 1231 1981 1266 defensionem
2018 1230 2163 1275 suscipit
2201 1235 2236 1262 et

1252 1282 1351 1315 addit
1379 1282 1556 1315 rationein
1585 1282 1734 1317 consilii.
1795 1282 1913 1323 ἄλλως
1925 1283 1985 1330 6”’).
2051 1281 2234 1316 Transitio

1252 1334 1296 1366 ad
1317 1335 1507 1368 secundam
1532 1335 1828 1378 propositionem.

1354 1385 1438 1429 Cap.
1455 1385 1494 1419 V.
1519 1383 1547 1428 ἓ.
1568 1385 1626 1419 14.
1654 1387 1781 1426 Dialia,
1799 1398 1899 1431 quum
1914 1382 2036 1432 essem]
2052 1383 2234 1422 lnfitiatio,

1252 1448 1319 1481 qua
1336 1442 1442 1479 negat
1458 1437 1633 1470 obiectum
1653 1437 1797 1469 crimen.
1887 1439 2036 1472 Multum
2054 1437 2134 1470 haec
2150 1431 2236 1482 vox]

1250 1488 1429 1521 Admiscet
1454 1488 1570 1521 locum
1595 1487 1738 1528 Cicero,
1767 1487 1829 1533 qui
1854 1489 1898 1521 ad
1922 1500 2021 1523 suam
2045 1498 2236 1532 personam

1252 1545 1285 1571 et
1309 1539 1454 1572 consilia
1481 1552 1542 1572 sua
1571 1540 1735 1583 pertinet.
1788 1537 1916 1579 ἄλλως.
1969 1539 2077 1572 Redit
2105 1539 2149 1571 ad
2179 1549 2236 1570 ex-

1224 1606 1227 1643 Ἰ
1251 1591 1467 1623 cusationem
1487 1590 1713 1631 defensionis,
1736 1597 1769 1623 et
1785 1591 1918 1635 colligit
1933 1589 2236 1624 dissimilitudines

1224 1668 1225 1672 ,
1249 1641 1418 1674 Autronii
1442 1647 1473 1673 et
1499 1641 1633 1685 Syllae,
1661 1648 1699 1674 nt
1725 1643 1886 1675 ostendat
1912 1654 1947 1675 se.
1972 1642 2053 1675 ideo
2077 1653 2149 1674 non
2175 1641 2234 1673 de-

1250 1693 1400 1725 fendisse
1427 1692 1663 1732 Autronium,
1698 1692 1781 1737 quia
1813 1694 1856 1726 de
1888 1705 1929 1726 eo
1961 1693 2054 1725 male
2079 1691 2232 1736 suspica-

1250 1749 1368 1782 retur,
1409 1743 1542 1788 Syllam
1583 1756 1666 1776 vero
1706 1743 1785 1777 ideo
1825 1757 1859 1778 se
1898 1745 2104 1783 defendere,
2147 1743 2231 1789 quia

1251 1794 1424 1827 existimet
1441 1794 1664 1827 innocentem
1685 1807 1767 1828 esse.
1807 1795 1931 1833 ἄλλως.
1982 1795 2046 1828 Hic
2065 1795 2234 1828 admiscet

1250 1846 1367 1878 locum
1402 1846 1446 1878 ad
1478 1858 1577 1878 suani
1612 1858 1800 1889 personam
1834 1846 2079 1890 pertinentem.
2147 1847 2233 1879 Post

1251 1897 1533 1941 propositionem
1560 1897 1596 1928 in
1624 1897 1735 1930 causis
1761 1909 1899 1942 semper
1921 1898 2010 1930 solet
2033 1897 2133 1943 sequi
2152 1910 2234 1931 con-

1251 1948 1405 1981 firmatio
1430 1948 1485 1980 vel
1508 1948 1714 1982 confutatio.
1767 1950 1833 1981 Sed
1867 1947 1922 1981 hic
1946 1948 2068 1981 Cicero
2104 1950 2232 1994 repetit

1253 2012 1407 2039 causam,
1436 2011 1497 2032 cur
1516 1999 1679 2031 defendat
1696 2000 1849 2047 1111111166)
1866 2000 2011 2045 Syllam,
2034 2012 2111 2033 cuin
2130 2007 2234 2034 antea

1253 2051 1422 2084 acerrime
1446 2057 1479 2082 ct
1502 2048 1810 2085 welieiiientissime
1834 2051 1963 2084 urserit
1988 2051 2076 2085 alios
2099 2058 2132 2085 et
2149 2064 2232 2085 con-

1252 2102 1424 2141 tenderit,
1460 2109 1499 2135 ut
1525 2109 1723 2135 sumeretur
1744 2102 1954 2148 supplicium
1981 2103 2023 2136 de
2047 2103 2134 2143 illis,
2172 2103 2234 2149 qui

1252 2154 1398 2188 fuissent
1418 2153 1469 2185 rei
1493 2154 1761 2188 coniurationis.
1813 2154 1867 2187 Ad
1891 2152 1958 2187 hoc
1984 2156 2176 2199 respondet
2200 2160 2234 2187 et

1288 2275 1335 2302 60)
1356 2275 1432 2298 Hanc
1449 2275 1539 2298 notam
1560 2274 1621 2298 sota
1639 2274 1687 2297 Ed.
1710 2274 1783 2298 ¹568.
1803 2274 1932 2299 continet.

1288 2318 1335 2345 61)
1354 2317 1407 2341 Pro
1426 2318 1476 2340 liae
1494 2319 1627 2343 annotat..
1647 2323 1723 2347 quani
1739 2318 1786 2340 Ed.
1804 2317 1879 2340 1568.
1896 2318 2018 2349 praebet,
2037 2320 2100 2343 cett.
2118 2318 2135 2343 3
2149 2319 2233 2346 Editt.

1323 2353 1420 2375 liabent
1438 2352 1524 2375 solam
1544 2357 1652 2375 vocem:
1671 2352 1803 2377 Retectio.

1288 2395 1336 2423 62)
1357 2396 1432 2418 nanc
1452 2396 1543 2417 notam
1561 2396 1664 2418 tantuin
1685 2394 1733 2418 Ed.
1754 2394 1828 2418 1568.
1847 2394 1962 2419 exhibet.

1289 2439 1336 2466 63)
1357 2438 1433 2461 cuius
1452 2437 1479 2461 111
1498 2437 1547 2460 tioc
1564 2449 1598 2454 —-
1617 2437 1716 2468 dignus
1735 2437 1811 2465 fide]
1831 2443 1879 2467 pro
1893 2437 1933 2460 In's
1946 2438 2036 2462 vei-bis
2047 2438 2075 2463 in
2089 2439 2136 2464 Ed.
2156 2439 2232 2467 1568.

1323 2473 1383 2496 huic
1402 2474 1483 2495 notae
1501 2472 1630 2502 adiecttS,
1657 2473 1766 2495 ceterae
1784 2472 1801 2495 3
1818 2472 1902 2497 Editt.
1921 2473 2047 2497 exhibent
2066 2476 2157 2498 notam
2176 2474 2232 2500 Cic.

1322 2507 1414 2531 verbis
1433 2506 1488 2536 Qui
1505 2513 1569 2530 cum
1585 2507 1706 2537 propter
1722 2506 1857 2530 honorem
1870 2506 2048 2536 adscriptam:
2067 2508 2234 2532 Hortensius

1321 2542 1415 2571 potest
1433 2546 1497 2564 esse
1516 2541 1594 2564 testis
1612 2541 1644 2564 de
1663 2541 1749 2570 prima
1767 2540 1963 2565 coniuratione.
1983 2547 2036 2565 non
2057 2544 2160 2567 tantum
2182 2543 2233 2567 de-

1323 2576 1433 2605 fensor,
1453 2574 1516 2605 quia
1535 2575 1594 2604 ipse
1613 2575 1736 2598 interfuit
1755 2575 1877 2597 omnibus
1894 2576 2055 2600 actionibus.

1287 2618 1336 2646 64)
1355 2619 1430 2642 Haec
1447 2619 1513 2641 uota
1532 2616 1558 2640 111
1576 2617 1637 2641 sota
1657 2617 1704 2641 Ed.
1727 2616 1800 2640 1568.
1820 2617 1967 2642 invenitur.

1286 2661 1335 2688 65)
1354 2659 1521 2684 Pes-terioris
1538 2672 1572 2676 —
1590 2657 1698 2687 ιῖἱ.).ω;.]
1719 2659 1785 2682 haec
1803 2660 1905 2683 tantum
1926 2661 1973 2684 Ed.
1995 2661 2069 2686 1568.
2087 2663 2174 2687 hahet.

1286 2703 1335 2731 66)
1352 2703 1441 2731 11111111]
1460 2702 1510 2727 Ed.
1531 2702 1605 2725 1568.
1625 2707 1720 2726 errore
1738 2703 1862 2733 t)·pogr.:
1881 2702 1964 2728 iiiam.
