2347 3000
79 132 125 166 41
632 127 657 163 Ι.

77 216 188 262 possit
204 222 326 249 nostra
343 213 592 248 exercitatione
611 226 671 247 seu
690 214 956 253 assuefactione,
980 226 1058 248 cum

78 267 266 311 singularis
283 267 327 300 sit
342 266 394 299 vis
411 272 571 299 naturae.
610 264 666 298 Ad
683 263 749 298 1106
768 266 1058 309 respondendum

79 325 149 358 est,
177 318 249 352 sive
272 316 405 356 adsint,
433 316 505 350 sive
529 316 644 350 desint
661 314 795 350 heroici
814 317 983 360 impetus,
1008 322 1058 348 ta-

77 381 160 403 men
176 369 285 402 virtus
310 367 509 411 comparari
525 374 641 411 potest
658 374 779 401 nostra
797 367 1058 401 exercitatione.

76 419 151 454 11110
176 431 314 453 11666556
341 425 392 452 651
421 416 582 452 adhiberi
606 419 804 452 doctrinam
832 425 866 452 et
892 418 1058 451 exercita-

76 471 231 511 tionem,
259 482 348 516 quae
375 469 479 502 efficit
503 470 709 504 excellentes
726 470 873 504 virtutes
888 470 924 502 in
942 468 1058 502 heroi-

76 522 124 555 cis
141 522 277 555 naturis
288 547 296 560 ‚
324 520 361 553 in
378 520 455 554 aliis
470 527 587 554 autem
602 522 809 554 mediocres.
850 521 947 554 Sicut
962 520 1056 553 enim

75 573 182 606 etiam
205 571 354 611 caeteri,
382 572 443 617 qui
466 584 539 605 non
557 570 689 605 habent
705 572 911 605 excellentes
927 578 1057 610 motus,

74 624 104 658 si
125 636 200 656 non
231 623 302 657 sint
332 623 541 657 monstrosis
565 623 714 666 ingeniis
736 623 905 666 praediti,
938 628 1057 655 tamen

74 675 253 708 assuefieri
275 680 440 718 possunt,
467 680 505 706 ut
532 674 759 707 mediocriter
781 673 947 718 pingant,
975 685 1056 706 can-

74 732 169 765 tent,
197 732 258 759 aut
280 737 400 758 versus
422 724 568 757 saciant:
600 725 647 757 ita
674 725 781 758 etiam
805 725 961 758 actiones
986 724 1056 757 xir-

74 783 188 810 tutum
206 776 432 808 mediocriter
449 775 537 807 effici
554 782 701 819 possunt
719 776 793 809 sine
817 773 961 808 heroico
979 788 1055 808 mo—

74 834 125 861 tu.
161 826 244 859 Ideo
262 826 357 859 Deus
374 826 450 859 vult
466 838 588 860 omnes
604 825 767 861 homines
782 826 916 869 legibus
933 824 1055 859 coher-

73 878 143 911 ceri
165 884 199 910 et
218 877 310 921 regi,
339 882 373 909 et
388 876 446 909 vix
463 877 649 924 quisquam
667 884 737 910 tam
756 884 977 911 monstrosus
992 884 1054 918 est,

71 929 109 962 in
133 940 204 974 quo
227 940 301 961 non
325 928 395 961 sint
420 928 559 973 aliquae
584 927 739 977 στοργαὶ
757 926 932 974 φυσικαὶ,
964 941 1054 975 quae

70 985 152 1013 sunt
176 980 291 1012 bonae
316 979 562 1012 inclinationes
588 980 826 1014 communiter
848 979 974 1014 insitae
991 978 1053 1013 ho-

70 1030 224 1064 minibus
241 1031 286 1063 ad
307 1030 491 1075 plerasque
510 1031 668 1065 virtutes.

171 1097 293 1130 Tertia
325 1109 429 1131 causa
460 1097 634 1132 adiuvans
666 1103 717 1131 est
750 1096 955 1141 disciplina,
992 1109 1054 1131 seu

69 1149 296 1189 assuefactio,
330 1161 391 1182 seu
421 1149 636 1184 exercitatio.
697 1149 793 1181 Haec
828 1148 922 1181 enim
958 1148 1052 1181 idem

69 1200 277 1243 significant.
336 1199 481 1232 Utimur
512 1206 630 1233 autem
660 1212 781 1234 rursus
808 1200 967 1243 exemplo
997 1211 1053 1232 ar-

68 1251 180 1291 tium,
206 1250 244 1283 in
272 1249 400 1295 quibus
429 1251 622 1291 discendis,
656 1257 696 1283 ut
719 1252 763 1283 ad
789 1250 987 1282 doctrinam
1019 1256 1053 1282 et

68 1308 234 1334 naturam
277 1306 418 1344 oportet
453 1302 619 1333 accedere
660 1300 948 1334 exercitationem
991 1313 1051 1333 seu

69 1365 170 1386 usum
183 1379 192 1391 ,
220 1352 266 1384 ita
286 1352 323 1383 in
348 1353 506 1395 paranda
525 1352 654 1384 virtute
672 1363 760 1395 opus
783 1357 834 1383 est
852 1362 925 1383 non
942 1351 1050 1383 modo

69 1403 230 1435 doctrina
257 1408 290 1434 et
314 1402 467 1434 naturali
491 1402 642 1445 impetu,
676 1402 736 1434 sed
767 1401 872 1433 etiam
896 1402 1049 1445 quadam

68 1454 173 1496 longa
197 1452 467 1491 assuefactione,
492 1464 582 1496 quae
599 1451 716 1495 pariat
739 1457 773 1484 et
789 1452 973 1483 confirmet
989 1449 1050 1484 ha-

66 1503 171 1536 bitus.
231 1502 326 1534 Haec
358 1502 531 1535 sententia
555 1503 739 1536 manifesta
771 1507 840 1541 est,
869 1508 903 1534 et
930 1508 1049 1535 tamen

66 1559 232 1598 apparet,
259 1564 364 1598 quam
382 1553 505 1585 leviter
526 1559 649 1586 curent
664 1565 740 1586 eam
756 1551 937 1593 homines,
966 1553 1047 1598 quia

64 1605 178 1638 multo
205 1604 322 1637 minus
344 1604 546 1647 diligentIae
573 1603 744 1637 adhibent
773 1605 817 1636 ad
840 1604 1048 1637 formandos

64 1668 200 1695 mores,
227 1667 333 1700 quam
358 1655 508 1688 artifices
532 1656 576 1688 ad
600 1656 783 1689 discendas
808 1661 911 1688 artes.
964 1654 1046 1688 Ideo

65 1707 246 1752 quondam
271 1706 404 1749 legibus
429 1706 526 1739 varia
553 1707 716 1740 exercitia
737 1706 929 1739 iuventutis
949 1706 1047 1740 insti-

64 1765 140 1791 tuta
170 1763 289 1791 erant:
324 1763 359 1789 et
382 1757 477 1791 Deus
502 1758 647 1791 tradidit
673 1757 893 1791 ceremonias
919 1757 955 1789 in
984 1770 1044 1791 sua

64 1810 157 1853 lege,
183 1815 223 1842 ut
239 1808 411 1842 exercitiis
430 1808 640 1854 quibusdam
663 1810 863 1842 assuefieret
883 1809 1045 1852 populus.

62 1860 172 1893 Addit
195 1860 300 1892 etiam
326 1860 441 1893 omnis
467 1861 603 1903 generis
621 1860 847 1899 afflictiones,
875 1866 1044 1905 tanquam

64 1923 239 1945 carcerem
250 1936 259 1950 ,
277 1916 316 1943 111
332 1917 421 1944 65561
438 1911 574 1946 occasio
593 1911 779 1945 exercendi
796 1911 957 1945 omnium
974 1911 1045 1944 vir-

63 1969 179 1996 tutum
195 1961 362 1996 actiones.

164 2028 296 2062 Extant
317 2035 435 2063 autem
452 2030 563 2063 multa
587 2029 793 2075 gravissima
818 2030 911 2063 dicta
933 2030 975 2063 de
992 2029 1044 2063 di-

63 2080 209 2125 sciplina
221 2106 230 2119 ,
257 2092 346 2125 quae
366 2078 422 2114 1116
439 2081 587 2114 recitare
605 2081 757 2115 nimium
776 2081 921 2125 longum
938 2087 1042 2115 esset:

61 2131 234 2166 Aristides
261 2137 406 2163 venuste
432 2132 616 2166 coniunxit
639 2145 778 2173 causas,
807 2133 868 2178 qui
893 2132 1043 2166 interro-

62 2190 180 2229 gatus,
214 2183 396 2227 quomodo
421 2182 589 2217 virtutem
619 2190 825 2218 consecutus
849 2190 956 2224 esset,
990 2184 1043 2216 in-

63 2235 156 2281 quit:
184 2233 380 2277 Praecipua
403 2245 506 2267 causa
538 2241 590 2268 est
612 2241 761 2276 natura,
789 2241 825 2269 et
848 2247 914 2279 ego
939 2241 1043 2268 natu-

62 2298 140 2320 ram
156 2284 310 2318 studiose
327 2283 458 2318 adiuvi.

161 2352 340 2386 Hactenus
370 2353 413 2385 de
444 2349 698 2397 philosophicis
732 2353 921 2388 virtutibus
954 2353 1042 2386 dixi-

61 2416 152 2438 mus.
201 2403 271 2436 Sed
284 2404 326 2436 de
344 2401 554 2437 Christianis
570 2404 653 2437 addi
670 2405 799 2438 debent
813 2417 950 2445 causae,
977 2417 1042 2437 no-

62 2455 139 2488 titia
167 2453 369 2498 Evangelii,
404 2460 439 2487 et
463 2454 614 2498 Spiritus
641 2462 780 2489 sanctus
806 2456 978 2489 adiuvans
1007 2462 1042 2489 et

62 2505 246 2550 impellens
268 2503 441 2538 humanas
463 2506 573 2545 vires,
607 2506 669 2539 ubi
693 2507 777 2539 dum
803 2507 1039 2540 considerabi-

61 2569 160 2595 mus,
196 2562 326 2601 quanta
352 2556 397 2590 sit
420 2556 606 2590 infirmitas
632 2555 871 2591 humanarum
897 2558 1039 2597 virium,

62 2607 315 2650 intelligemus,
348 2607 433 2652 quid
462 2608 550 2641 desit
580 2605 845 2652 philosophiae,
873 2614 907 2641 et
927 2609 1039 2652 magis

62 2658 259 2692 amabimus
288 2655 525 2692 Christianam
557 2659 776 2699 doctrinam,
816 2671 906 2706 quae
937 2672 1039 2692 mon-

61 2716 149 2744 strat
171 2709 339 2743 auxilium
362 2709 399 2742 in
414 2716 511 2743 tanta
535 2709 787 2746 imbecillitate.
839 2710 908 2745 Sed
925 2711 967 2745 de
984 2708 1037 2745 his

699 127 1050 163 PHILOSOPHLOE
1077 124 1293 161 MORALIS
1318 123 1548 160 EPITOME.
2054 124 2101 158 42

1114 213 1226 247 causis
1250 212 1340 245 infra
1364 212 1479 245 dicam
1503 208 1681 254 copiosius
1707 208 1743 241 in
1766 209 1972 253 quaestione
2000 210 2041 241 de
2062 209 2101 241 li-

1112 265 1197 298 bero
1216 263 1377 298 arbitrio.

1402 346 1595 382 Materia
1631 345 1675 379 in
1703 356 1802 391 qua.

1211 416 1341 449 Anima
1366 414 1522 449 hominis
1550 420 1601 447 est
1625 413 1840 451 subiectum,
1870 411 1906 444 in
1926 413 2004 457 'quo
2030 413 2098 444 exi-

1110 472 1208 500 stunt
1230 467 1398 506 virtutes,
1425 465 1594 505 materia,
1622 465 1712 497 circa
1735 475 1843 509 quam
1864 470 2012 496 vocatur
2038 464 2099 494 ob-

1110 518 1250 552 iectum.
1302 518 1394 551 Sunt
1410 518 1478 551 alia
1499 517 1650 550 aliarum
1668 516 1840 549 virtutum
1860 514 2007 547 obiecta.

1405 601 1547 635 Causa
1576 600 1802 635 formalis.

1211 669 1324 703 Causa
1349 669 1508 703 formalis
1531 669 1711 702 actionum
1736 675 1787 702 est
1814 667 1888 712 ipsa
1914 667 2025 705 actio,
2062 667 2094 698 id

1109 727 1178 761 est,
1205 727 1323 754 motus
1346 720 1558 759 voluntatis,
1587 720 1648 765 qui
1674 720 1897 762 obtemperat
1921 724 2017 751 recto
2047 717 2097 750 iu-

1109 772 1222 812 dicio,
1249 778 1283 805 et
1308 770 1389 805 111116
1415 771 1530 805 11101111
1555 771 1663 804 serxit
1689 770 1817 815 aliquis
1835 776 1952 802 motus
1968 768 2097 807 cordis,

1107 830 1147 857 ut
1172 823 1209 855 in
1235 823 1450 863 terroribus,
1487 829 1521 856 61
1549 820 1695 855 caeteris
1728 820 1910 854 affectibus
1941 820 2098 863 conspici

1108 881 1233 919 potest.
1294 874 1388 919 Quia
1413 886 1474 907 cor
1505 880 1555 907 est
1579 883 1753 917 organum
1784 871 1964 915 potentiae
1989 883 2097 914 appe-

1108 925 1232 965 tentis,
1256 937 1317 959 5611
1333 926 1431 958 sedes
1447 925 1655 963 affectuum,
1678 930 1716 956 ut
1733 923 1824 956 infra
1843 923 1970 955 dicam.
2006 923 2094 954 Cum

1108 983 1225 1011 autem
1244 976 1511 1020 propriissimae
1532 974 1756 1009 definitiones
1774 979 1961 1008 sumantur
1980 984 1997 1004 a
2017 984 2096 1005 cau-

1106 1029 1151 1062 sis
1166 1027 1393 1068 formalibus,
1420 1027 1580 1073 sequitur
1599 1038 1677 1059 eam
1694 1025 1959 1063 definitionem,
1987 1036 2092 1068 quam

1106 1091 1210 1124 supra
1238 1078 1389 1119 tradidi,
1416 1078 1570 1112 maxime
1596 1077 1795 1121 appositam
1828 1089 1921 1114 esse,
1956 1074 2015 1107 ubi
2043 1074 2093 1106 di-

1106 1131 1197 1164 citur
1226 1130 1395 1163 virtutem
1425 1142 1498 1163 esse
1530 1128 1790 1168 obedientiam,
1824 1139 1893 1173 qua
1928 1126 2092 1160 voluntas

1106 1183 1330 1226 obtemperat
1345 1187 1460 1215 rectae
1478 1179 1624 1214 rationi.

1425 1267 1565 1300 Causa
1599 1265 1772 1299 finalis.

1206 1332 1304 1366 quta
1324 1330 1574 1377 philosophos,
1602 1333 1714 1366 virtus
1737 1331 1810 1375 ipsa
1838 1336 1889 1363 est
1906 1330 2003 1367 finis,
2033 1342 2089 1362 ex-

1103 1384 1256 1427 petenda
1280 1390 1428 1427 propter
1451 1396 1486 1416 se
1510 1384 1642 1427 ipsam,
1670 1384 1729 1416 sed
1747 1381 1875 1415 rectius
1894 1388 1944 1414 est
1962 1382 2091 1413 addere

1104 1434 1213 1466 alium
1247 1434 1375 1473 finem,
1418 1446 1524 1479 quem
1557 1434 1612 1465 lex
1645 1433 1713 1465 Dei
1747 1432 1919 1470 ostendit,
1960 1431 2089 1464 scilicet

1102 1484 1237 1523 Deum,
1265 1484 1376 1517 virtus
1400 1491 1451 1517 est
1477 1484 1671 1527 expetenda
1703 1488 1851 1527 propter
1880 1481 2019 1518 Deum,
2054 1482 2088 1513 id

1102 1541 1172 1574 est,
1204 1540 1243 1569 ut
1266 1534 1343 1567 Deo
1365 1541 1565 1578 praestetur
1592 1534 1709 1567 debita
1737 1533 1937 1566 obedientia
1952 1560 1960 1573 ,
1997 1539 2027 1565 et
2050 1540 2089 1564 ut

1101 1586 1213 1631 gloria
1230 1585 1297 1618 Dei
1312 1586 1527 1625 illustretur,
1552 1585 1586 1618 id
1604 1591 1672 1625 est,
1700 1591 1739 1618 ut
1754 1584 1951 1617 invitentur
1967 1583 2025 1615 alii
2044 1585 2088 1616 ad

1101 1637 1318 1681 agnitionem
1343 1636 1430 1676 Dei,
1458 1637 1585 1669 deinde
1611 1643 1693 1670 sunt
1716 1637 1801 1669 fines
1823 1636 1940 1668 minus
1958 1634 2088 1678 princi-

1100 1690 1197 1733 pales
1218 1688 1350 1722 scilicet
1375 1688 1533 1732 praemia
1558 1687 1745 1721 virtutum.
1798 1687 1889 1721 Nam
1913 1687 2004 1727 leges
2032 1698 2086 1717 ra-

1100 1740 1203 1785 piunt
1220 1741 1263 1772 ad
1282 1751 1434 1783 poenam
1460 1737 1676 1778 homicidas,
1704 1739 1797 1771 fures
1814 1744 1877 1771 etc.
1893 1738 2088 1770 defendunt

1099 1792 1206 1825 etiam
1230 1791 1351 1824 iustos.
1403 1789 1499 1824 Deus
1517 1790 1623 1823 etiam
1648 1789 1815 1834 praemiis
1839 1788 2086 1831 corporalibus

1099 1849 1133 1876 et
1148 1841 1390 1887 spiritualibus
1406 1847 1499 1874 recta
1523 1842 1612 1874 facta
1633 1846 1755 1880 ornat,
1784 1846 1817 1873 et
1834 1837 1898 1872 bos
1918 1841 2003 1872 fines
2020 1839 2085 1870 mi-

1098 1906 1164 1927 nus
1186 1892 1399 1937 principales
1429 1892 1510 1924 licet
1537 1904 1600 1925 suo
1629 1892 1707 1925 loco
1734 1897 1916 1936 expetere,
1946 1891 2014 1929 ita,
2046 1897 2084 1922 ut

1098 1957 1172 1979 non
1189 1946 1373 1978 deseratur
1391 1943 1600 1988 principalis
1620 1943 1710 1977 finis.

1225 2050 1342 2083 Estne
1361 2048 1536 2082 voluntas
1561 2046 1730 2082 humana
1756 2044 1899 2081 libera?
1914 2044 1960 2088 ³¹³)

1200 2124 1289 2158 Cum
1312 2124 1422 2156 modo
1445 2123 1488 2156 de
1508 2122 1620 2156 causis
1637 2121 1848 2160 dixerimus,
1877 2119 2080 2164 proximum

1096 2181 1167 2216 est,
1192 2181 1234 2209 ut
1258 2176 1301 2208 de
1321 2175 1483 2207 libertate
1501 2174 1694 2207 voluntatis
1718 2184 1949 2218 quaeramus,
1977 2182 2022 2202 an
2038 2170 2082 2202 sit

1096 2227 1206 2260 libera
1234 2227 1398 2260 voluntas
1421 2223 1599 2265 humana,
1627 2222 1695 2257 hoc
1720 2230 1790 2263 est,
1818 2235 1863 2255 an
1882 2221 1991 2266 possit
2019 2221 2079 2254 ob-

1095 2285 1294 2322 temperare
1314 2277 1445 2310 iudicio
1467 2276 1637 2315 rationis,
1664 2281 1698 2308 et
1721 2285 1931 2318 repugnare.
1987 2272 2079 2305 Con-

1094 2335 1163 2363 stat
1186 2335 1304 2362 autem
1327 2325 1419 2361 hanc
1436 2328 1678 2373 quaestionem
1703 2331 1737 2358 61
1757 2337 1775 2357 a
1794 2321 2021 2367 Philosophis
2046 2330 2079 2356 et

1095 2378 1288 2424 Theologis
1311 2391 1414 2423 saepe
1441 2379 1609 2423 agitatam
1635 2388 1725 2415 esse,
1752 2387 1792 2408 ac
1809 2387 1912 2419 saepe
1931 2386 2078 2417 magnos

1093 2431 1264 2465 tumultus
1282 2430 1460 2464 excitasse.
1510 2428 1593 2462 Ideo
1610 2430 1652 2461 de
1670 2439 1708 2461 ea
1724 2426 1902 2470 copiosius
1919 2426 2046 2459 dicam.

1195 2481 1300 2514 Initio
1333 2487 1449 2514 antem
1480 2492 1601 2513 veram
1634 2485 1669 2511 et
1694 2478 1832 2510 firmam
1865 2476 2075 2510 sententiam

1091 2544 1236 2578 ponam.
1285 2529 1517 2576 Philosophia
1550 2542 1625 2564 non
1655 2528 1814 2575 loquitur
1846 2528 1889 2562 de
1920 2528 2076 2561 motibus

1125 2655 1171 2681 43)
1193 2655 1220 2677 111
1242 2652 1288 2676 Ed.
1310 2650 1384 2674 1538.
1403 2650 1462 2673 111116
1482 2651 1508 2673 et
1527 2648 1701 2679 praecedenti
1725 2648 1875 2678 quaestion·
1897 2647 2073 2677 interpositae

1159 2690 1221 2712 sunt
1249 2688 1299 2709 hac
1325 2686 1407 2708 duae:
1443 2685 1544 2709 Recita
1572 2683 1789 2708 Aristotelicum
1812 2681 2015 2713 definitionem.
2041 2694 2072 2698 ——r

1158 2722 1234 2754 Quid
1255 2722 1338 2746 vocat
1356 2719 1488 2745 [tabitam
1508 2718 1670 2744 electivum.
