2347 3000
245 135 292 171 35

243 221 386 255 aientia.
440 221 534 254 Haec
554 222 646 255 bona
673 222 914 267 principaliter
933 220 1092 255 Christus
1117 221 1220 266 polli-

243 279 360 312 cetur,
387 272 475 306 sicut
500 279 645 307 testatur
671 274 706 306 in
729 272 826 306 loan.
854 273 934 319 (Ev.
955 273 1012 313 17,
1030 272 1097 317 3.):
1127 272 1220 306 Haec

242 330 294 357 est
317 324 389 356 vita
420 330 583 363 aeterna,
614 331 653 357 ut
676 331 868 367 agnoscant
900 331 930 356 tc
946 323 991 368 2Ἄ)
1020 323 1135 358 Deum
1163 336 1220 357 ve-

243 386 343 414 rum,
375 380 408 407 et
435 387 539 420 quem
568 375 692 409 misisti
719 375 832 408 lesum
860 373 1051 408 Christum.
1103 374 1219 421 Atque

243 426 290 458 ita
316 426 475 459 videmus
504 427 539 459 in
564 427 757 468 Evangelio
785 438 864 457 vere
890 425 1026 459 restitui
1051 426 1151 461 illum
1182 428 1218 459 fi-

242 488 344 516 nem,
371 478 415 509 ad
439 490 541 522 quem
561 478 704 521 proprie
723 476 884 509 conditus
901 483 951 509 est
970 475 1096 518 homo,
1124 478 1220 510 vide-

242 527 323 560 lieet
339 534 377 561 ut
392 525 553 561 homines
571 529 663 560 clara
687 528 762 561 luce
780 534 973 571 agnoscant
995 535 1029 561 ct
1045 529 1220 562 celebrent

242 578 375 618 Deum,
411 585 445 611 et
475 580 506 611 ei
540 579 723 617 obediant,
750 579 839 613 sicut
866 591 972 623 supra
1001 580 1134 613 dictum
1158 586 1219 614 cst.

242 629 356 661 Porro
380 627 465 662 haec
490 641 626 663 smmna
652 629 746 662 bona
776 630 991 664 comitantur
1019 631 1124 664 etiam
1150 632 1216 664 alia

240 681 353 719 bona,
382 680 472 712 vitae
498 680 735 724 perpetuitas,
770 688 803 714 et
827 688 969 715 aeterna
996 683 1146 720 laetitia;
1180 688 1220 715 ut

240 737 357 763 autem
376 730 609 775 principalem
631 733 737 764 linem
754 738 1012 776 spectaremus,
1040 740 1074 766 et
1091 734 1218 767 discer-

237 793 401 814 neremus
419 782 637 825 agnitionem
655 783 719 815 Dei
735 796 753 815 a
772 784 1029 828 tranmiillitate
1047 785 1218 828 corporis,

238 832 385 865 subiecit
401 832 496 866 Deus
515 833 591 877 pios
615 834 651 866 in
667 832 732 867 liac
749 835 820 867 vita
839 835 1035 868 durissimis
1060 836 1218 868 asssictio—

238 883 362 923 nibus,
399 890 432 916 et
460 884 553 918 intus
586 885 698 917 teneri
730 886 804 918 mlt
837 886 1069 930 principalem
1100 888 1217 926 finem,

240 934 346 966 etiam
376 945 454 967 cum
482 948 555 968 non
586 936 760 979 contingit
788 938 1024 982 tranquillitas
1048 938 1217 982 corporis.

239 984 406 1018 Testatur
427 992 461 1018 et
477 986 568 1030 ipsas
583 987 788 1021 afflictiones
809 989 1012 1021 exercitium
1030 1001 1120 1028 esse,
1147 1001 1216 1034 quo

240 1036 472 1070 exuscitemur
494 1038 538 1070 ad
562 1037 825 1081 intelligendum
850 1039 1080 1083 principalem
1101 1042 1217 1073 finem.

237 1085 358 1132 Itaque
375 1088 438 1120 etsi
454 1089 599 1133 quidam
614 1089 772 1123 ludentes
787 1092 1057 1123 accoimnodant
1072 1091 1217 1135 Epicuri

237 1138 329 1171 dicta
354 1140 396 1170 de
415 1140 596 1183 voluptate
622 1141 666 1172 ad
681 1141 880 1173 doctrinam
898 1143 940 1174 de
960 1142 1216 1186 tranquillitate

238 1189 489 1230 conscientiae,
517 1197 577 1223 aut
602 1193 782 1235 perpetuis
799 1193 953 1235 gaudiis,
982 1200 1101 1226 tamen
1119 1193 1216 1225 dissi-

237 1240 405 1272 millimae
429 1247 510 1273 sunt
533 1243 747 1282 sentcntiae,
775 1249 808 1276 et
830 1241 1032 1277 huiusmodi
1052 1241 1216 1287 sophisti-

236 1303 296 1323 cae
323 1291 530 1335 praestigiae
556 1293 713 1325 officiunt
734 1293 877 1326 iudicio.
931 1295 1109 1327 Hactenus
1129 1294 1214 1326 dilui

234 1348 463 1383 argumenta,
499 1354 588 1387 quae
609 1343 754 1386 Epicuri
779 1344 972 1377 sententiae
997 1344 1215 1389 patrocinari

234 1392 416 1432 videntur,
440 1399 473 1425 et
496 1404 537 1425 ex
558 1391 611 1426 his
634 1394 868 1427 solutionibus
891 1395 991 1427 facile
1008 1401 1155 1439 possunt
1171 1394 1215 1427 si-

233 1443 331 1475 milia
356 1449 563 1486 argumenta
592 1444 752 1477 iudicari.
804 1443 950 1478 Interim
976 1458 1061 1478 vero
1086 1446 1214 1478 debent

233 1494 270 1526 in
298 1500 486 1538 conspectu
510 1505 581 1527 esse
607 1495 745 1540 aliquae
770 1496 891 1528 firmae
921 1496 1094 1536 rationes,
1123 1508 1213 1541 quae

232 1544 378 1589 Epicuri
404 1545 610 1589 opinionem
641 1552 811 1580 evertant.
865 1547 984 1592 Quare
1005 1547 1126 1591 collegi
1151 1545 1213 1581 has

232 1596 389 1641 quinque
411 1596 578 1629 rationes.
630 1597 764 1631 Prima.
817 1597 968 1643 Propria
987 1599 1078 1631 actio
1100 1598 1212 1631 cuius-

233 1659 300 1692 que
315 1653 463 1680 naturae
480 1653 531 1681 est
547 1647 621 1681 eius
645 1648 734 1682 finis.
786 1647 889 1682 Actio
906 1649 1046 1683 virtutis
1065 1656 1115 1683 est
1131 1661 1212 1694 pro-

229 1698 307 1742 pria
327 1696 493 1732 hominis.
547 1698 641 1743 Ergo
658 1699 769 1733 virtus
788 1707 838 1733 est
857 1701 935 1734 finis
953 1698 1119 1733 hominiS.

331 1749 502 1783 Secunda.
556 1749 725 1783 Naturale
750 1758 781 1783 et
801 1751 1018 1785 immutabile
1040 1751 1208 1785 iudicium

230 1806 279 1832 est
298 1800 425 1833 mentis
439 1798 634 1841 humanae,
662 1803 757 1847 quod
771 1802 815 1835 sit
831 1802 944 1842 Deus,
972 1809 1005 1836 et
1022 1803 1117 1848 quod
1137 1803 1208 1835 Deo

228 1851 398 1884 debeatur
429 1852 629 1884 obedientia
660 1860 807 1898 propter
840 1854 948 1898 ipsius
976 1854 1208 1893 voluntatem,

228 1902 365 1935 etiamsi
398 1914 470 1935 non
502 1910 735 1948 sequerentur
766 1917 903 1949 poenae
936 1912 997 1938 aut
1031 1905 1206 1949 praemia:

227 1964 310 1995 ergo
333 1953 494 1997 voluptas
517 1966 591 1987 non
611 1961 662 1988 est
688 1955 784 1995 finis,
812 1957 871 1989 sed
896 1968 1064 2000 agnosere
1080 1956 1207 1996 Deum,

227 2010 260 2036 et
284 2004 360 2037 Deo
387 2005 541 2038 obedire.
583 2005 660 2039 Etsi
683 2012 800 2039 autem
824 2007 996 2051 Epicurus
1022 2007 1207 2051 impuden-

226 2060 278 2087 ter
293 2054 338 2101 25)
373 2055 508 2088 deridet
537 2054 628 2089 lianc
658 2057 852 2097 rationem,
890 2065 1009 2091 tamen
1034 2071 1206 2103 quaeren-

226 2106 309 2139 dum
329 2112 396 2146 est,
422 2107 507 2152 quid
531 2114 623 2140 recta
643 2108 735 2141 ratio
761 2110 907 2153 probet,
934 2121 1007 2142 non
1022 2109 1107 2154 quid
1121 2109 1205 2153 Epi-

225 2168 326 2189 curus
350 2157 530 2191 audaciter
558 2159 776 2192 confinxerit.
833 2160 925 2194 lN‘am
948 2158 1203 2205 philosophum

223 2208 405 2241 dissentire
424 2220 442 2241 a
459 2209 588 2242 iudicio
604 2210 759 2243 naturali
776 2211 936 2250 rationis,
965 2217 999 2244 et
1015 2223 1033 2243 a
1052 2212 1126 2255 lege
1142 2224 1204 2244 na-

222 2264 339 2298 turae,
366 2259 677 2303 flagitiosissimum
698 2268 758 2294 est.
804 2262 851 2295 At
869 2262 1044 2306 Epicurus
1062 2263 1202 2296 abolere

222 2309 389 2344 iudicium
426 2317 575 2344 naturae
617 2318 651 2344 et
687 2304 937 2346 conscientiam
953 2314 997 2360 26)
1040 2320 1201 2354 conatur,

223 2373 310 2405 quae
334 2361 370 2394 in
392 2362 555 2396 omnibus
573 2360 777 2397 hominibus
796 2365 971 2397 clamitat:
1001 2364 1131 2397 Discite
1150 2365 1201 2397 iu-

221 2412 350 2444 stitiam
370 2413 515 2453 moniti,
542 2420 576 2446 et
593 2426 667 2447 non
691 2421 847 2448 temnere
866 2416 966 2449 divos
982 2415 1040 2461 27).
1094 2414 1198 2448 Item:

219 2463 262 2495 A!
282 2470 417 2507 sperate
435 2463 529 2498 Deos
551 2477 726 2500 memores
742 2467 841 2499 fandi
858 2473 963 2513 atque
981 2467 1126 2500 nefandi
1140 2466 1198 2514 ²³).

253 2562 299 2589 ἓξ)
320 2564 360 2590 te]
384 2563 461 2586 deest
480 2563 506 2586 in
524 2564 572 2588 1⁴:11.
594 2565 666 2589 1540.

252 2598 298 2622 251)
319 2597 499 2626 impudenter]
520 2599 559 2621 sic
577 2600 625 2623 Ed.
648 2601 738 2629 1540.:
764 2602 811 2626 Ed.
834 2602 907 2626 1546.
926 2601 1121 2631 imprudenter.

250 2631 297 2658 213)
325 2631 533 2659 ‹onst-tentiam]
559 2633 598 2655 sic
625 2636 699 2658 reete
724 2637 770 2660 Ed.
801 2637 872 2660 1540.
900 2639 1011 2665 propter
1038 2637 1198 2666 sequentia:

284 2666 555 2695 quae—clamitcte3
573 2667 621 2691 Ed.
634 2669 707 2695 1546.
721 2671 948 2696 conscientiarum
963 2670 1036 2702 (scil.
1047 2671 1196 2704 iudicium).

250 2699 296 2725 27)
318 2700 394 2730 virg.
414 2700 480 2723 Aen.
500 2700 535 2731 6,
554 2701 613 2726 620.

248 2733 295 2764 ἐϋ)
313 2733 377 2758 thiu.
398 2734 428 2765 1,
446 2734 504 2759 5⁴3.

513 135 711 169 scutt‘TA
738 134 811 169 PH.
838 135 949 170 MEL.
977 135 1041 169 AD
1067 134 1275 171 ETHICEN
1302 136 1367 171 ET
1395 136 1648 174 POLITICEN
1676 137 1984 174 SPECTANTIA.

2206 139 2254 174 36

1375 223 1497 258 Tertia
1523 225 1628 259 ratio.
1681 223 1770 259 Illud
1797 232 1848 260 est
1872 225 1969 265 finis,
1999 224 2095 270 quod
2120 223 2256 269 praeci-

1273 286 1340 320 pue
1364 283 1482 309 movet
1508 283 1681 320 agentem.
1735 275 1906 324 Στοργαὶ
1933 273 2088 323 φυσικαὶ
2110 282 2256 309 movent

1273 326 1346 360 sine
1382 334 1542 371 respectu
1573 328 1734 362 utilitatis
1766 335 1800 361 et
1827 327 2040 373 voluptatis,
2067 332 2126 366 ut,
2154 333 2255 370 pater

1273 384 1369 410 amat
1391 378 1521 412 liberos
1543 390 1616 411 non
1643 391 1725 413 suae
1751 379 1912 413 utilitatis
1936 391 2054 412 causa:
2084 390 2167 421 ergo
2194 389 2256 410 vo-

1272 429 1388 473 luptas
1405 441 1478 462 non
1498 435 1549 463 est
1564 430 1661 469 finis,
1689 430 1750 464 sed
1764 430 1811 475 ¹²⁹)
1840 431 1935 475 ipsae
1953 427 2107 476 στοργαὶ
2129 434 2163 462 et
2185 428 2255 461 vir-

1273 486 1363 513 tutes
1393 480 1467 513 sine
1497 487 1659 525 respectu
1686 481 1889 525 voluptatis.
1940 482 2106 524 Pugnant
2136 485 2255 513 autem

1271 531 1438 576 Epicurei
1464 538 1497 565 ct
1523 530 1588 565 hac
1613 532 1649 565 in
1673 543 1710 564 re
1737 542 1814 565 cnm
1832 539 1979 571 natura,
2007 532 2104 577 quod
2126 531 2256 564 tollunt

1273 581 1432 629 στοργάς
1455 580 1635 629 φυσικὰς,
1665 595 1743 616 cum
1767 590 1898 627 negant
1920 581 2101 616 hominem
2126 588 2254 615 natura

1272 634 1373 666 alteri
1400 635 1489 667 bene
1518 635 1626 674 velle,
1652 636 1712 668 sed
1743 641 1880 668 tantum
1906 640 2046 679 captare
2069 632 2254 678 propriam

1272 685 1460 719 utilitatem
1485 692 1546 719 aut
1563 686 1795 730 voluptatem.
1847 685 1990 719 Rectius
2006 685 2142 718 Aeneas
2159 684 2254 729 apud

1271 736 1460 778 Yirgilium
1474 736 1541 783 ³⁰),
1578 737 1639 783 qui
1663 737 1712 770 ait
1735 750 1769 770 se
1796 737 1944 781 pietate,
1975 748 2049 768 non
2072 736 2255 779 voluptate

1272 789 1484 828 adductum,
1520 795 1559 822 ut
1582 794 1720 833 patrem
1749 789 1876 821 adiret:
1910 787 2004 819 Vicit
2031 787 2097 819 iter
2123 787 2254 819 (lurum

1271 839 1401 883 pietas,
1430 839 1527 872 iuvat
1545 852 1606 873 ora
1622 840 1712 873 tueri
1729 846 1792 873 etc.
1807 839 1865 885 31).
1906 838 2006 871 Valla
2024 839 2157 871 dictum
2173 836 2255 869 Vir-

1271 891 1344 933 gilii
1374 892 1619 924 accommodat
1648 892 1693 923 ad
1717 891 1862 936 Epicuri
1885 889 2108 924 sententiam.
2160 887 2255 921 Vicit

1272 954 1372 975 amor
1387 943 1523 986 patriae
1540 943 1755 987 laudumque
1773 943 1943 975 immensa
1961 938 2155 986 cupido‘ffi).
2180 939 2255 974 Nec

1271 993 1366 1025 videt
1396 993 1586 1036 Virgilium
1621 994 1842 1027 coniunxisse
1881 993 2048 1025 virtutem
2086 997 2120 1024 ct
2151 1001 2254 1034 prae-

1270 1044 1393 1077 mium.
1446 1045 1528 1078 Non
1547 1045 1641 1077 enim
1657 1057 1746 1087 nego
1762 1044 1929 1089 praemiis
1949 1041 2086 1076 moveri
2101 1041 2253 1081 animos,

1270 1096 1329 1128 sed
1347 1095 1553 1140 principalis
1568 1096 1646 1129 finis
1666 1097 1768 1129 debet
1786 1109 1856 1129 esse
1873 1096 1996 1128 virtus.

1372 1147 1507 1191 Quarta
1524 1147 1628 1181 ratio.
1680 1146 1833 1192 Impetus
1850 1145 2002 1185 heroici,
2031 1144 2091 1190 qui
2108 1143 2252 1188 pariunt

1269 1197 1589 1240 praestantissimas
1614 1198 1788 1237 actiones,
1816 1203 1963 1231 movent
1992 1196 2066 1230 sine
2090 1200 2253 1239 respectu

1268 1247 1450 1281 utilitatis:
1514 1259 1597 1291 ergo
1648 1249 2031 1292 praestantissimarum
2078 1246 2252 1279 virtutum

1269 1297 1425 1331 actiones
1450 1309 1523 1330 non
1548 1298 1787 1342 suscipiuntur
1812 1306 1959 1344 propter
1980 1298 2199 1342 voluptatem
2217 1302 2252 1330 et

1267 1348 1456 1381 utilitatem
1473 1355 1650 1382 nostram:
1680 1362 1790 1394 quare
1813 1350 1975 1394 voluptas
1997 1360 2072 1382 non
2089 1354 2139 1382 est
2159 1347 2250 1381 finis.

1266 1398 1487 1433 Antecedens
1511 1406 1561 1432 est
1582 1400 1820 1434 manifestum.
1873 1400 1970 1434 Sicut
1988 1400 2083 1433 enim
2100 1398 2252 1432 Ovidius

1268 1449 1403 1494 impetu
1427 1450 1561 1494 ingenii
1588 1452 1632 1483 ad
1658 1451 1883 1484 scribendum
1909 1459 2037 1495 poema
2055 1450 2251 1494 impellitur

1267 1502 1403 1545 potius,
1429 1514 1535 1547 quam
1558 1502 1726 1546 praemiis
1750 1508 1810 1536 aut
1827 1502 1899 1535 ulla
1924 1508 2066 1535 externa
2085 1500 2249 1540 utilitate,

1266 1553 1312 1585 ita
1331 1553 1550 1593 Alexander,
1578 1552 1783 1598 Torquatus
1798 1553 1865 1599 ³³),
1886 1553 2023 1597 Scipio,
2052 1551 2181 1585 Caesar
2195 1551 2249 1584 in-

1266 1604 1419 1637 citantur
1445 1605 1490 1637 ad
1517 1604 1763 1638 fortitudinem
1795 1616 1868 1638 non
1894 1603 2060 1649 populari
2086 1603 2190 1636 laude
2214 1608 2250 1636 et

1265 1655 1480 1696 commodis,
1507 1656 1568 1689 sed
1590 1657 1676 1689 duce
1699 1662 1844 1689 natura:
1872 1667 1956 1699 ergo
1975 1656 2027 1689 illi
2046 1654 2112 1700 ipsi
2129 1660 2248 1688 motus

1264 1713 1346 1740 sunt
1360 1708 1437 1740 finis
1448 1733 1456 1746 ‚
1483 1719 1558 1740 non
1575 1707 1749 1751 voluptas.

1366 1759 1499 1804 Quinta
1522 1759 1624 1792 ratio.
1666 1757 1755 1791 Illud
1769 1770 1842 1791 non
1861 1764 1912 1791 est
1928 1757 2138 1802 praecipuus
2155 1756 2246 1797 finis,

1263 1809 1359 1854 quod
1399 1811 1584 1855 plerasque
1624 1808 1880 1855 pulcherrimas
1920 1809 2066 1842 virtutes
2099 1807 2242 1841 evertit:

1262 1867 1420 1894 nostram
1452 1861 1640 1894 utilitatem
1672 1861 1860 1905 praecipue
1884 1866 2042 1905 spectare
2067 1865 2243 1904 repugnat

1261 1913 1381 1946 multis
1405 1913 1595 1957 praeclaris
1618 1913 1823 1945 virtutibus:
1854 1924 1936 1955 ergo
1961 1917 2082 1945 nostra
2108 1910 2242 1944 utilitas

1260 1975 1334 1997 non
1358 1971 1408 1997 est
1434 1964 1644 2008 praecipuus
1664 1963 1753 1997 finis.
1806 1962 1928 1996 Minor
1951 1961 2155 1996 confirmari
2177 1972 2242 2006 po-

1260 2021 1326 2048 test
1351 2016 1471 2049 multis
1489 2016 1666 2059 exemplis.
1720 2015 1787 2047 Sed
1804 2014 1951 2047 illustria
1971 2020 2053 2048 sunt
2071 2013 2113 2046 de
2130 2013 2241 2046 conti-

1259 2067 1376 2099 nentia
1389 2094 1397 2105 ,
1424 2067 1554 2100 iustitia
1572 2073 1605 2099 et
1623 2066 1788 2099 amicitia.
1828 2065 1863 2098 Si
1880 2065 2024 2110 periculi
2043 2076 2146 2098 causa
2163 2070 2240 2097 tan-

1258 2124 1332 2151 tum
1357 2119 1605 2151 abstinendum
1625 2124 1675 2151 est
1693 2118 1736 2149 ab
1755 2116 1897 2150 alterius
1915 2117 2081 2160 coniuge,
2108 2121 2149 2148 ut
2164 2115 2239 2148 vult

1256 2169 1449 2214 Epicurus,
1478 2181 1610 2214 quaero
1633 2181 1697 2209 an,
1730 2168 1888 2212 periculo
1916 2168 2073 2207 sublato,
2099 2171 2235 2199 remota

1255 2220 1300 2253 sit
1323 2221 1427 2253 etiam
1450 2220 1646 2265 turpitudo,
1699 2218 1785 2252 Item
1810 2231 1964 2264 quaero,
1993 2230 2038 2251 an
2055 2217 2158 2250 liceat
2172 2217 2237 2250 fal—

1254 2272 1326 2305 lere
1362 2273 1481 2305 datam
1517 2272 1642 2311 fidem,
1683 2271 1710 2304 si
1748 2269 1837 2303 nibil
1874 2276 2042 2316 sequatur
2075 2268 2235 2313 periculi.

1254 2321 1360 2363 Item,
1396 2335 1441 2356 an
1471 2329 1597 2356 natura
1625 2322 1668 2355 ad
1692 2322 1866 2356 iuvandos
1889 2321 1995 2360 alios,
2025 2331 2071 2353 an
2095 2326 2233 2353 tantum

1253 2374 1366 2408 nostri
1392 2374 1571 2408 commodi
1594 2385 1696 2408 causa
1714 2374 1905 2412 ducamur,
1933 2384 1979 2405 an
1995 2371 2032 2405 in
2049 2371 2153 2405 rebus
2173 2371 2234 2404 ad·-

1285 2499 1332 2532 29)
1353 2500 1430 2530 finis,
1451 2500 1514 2528 sed]
1536 2500 1600 2523 Edu.
1624 2499 1697 2523 ¹5⁴0.
1717 2500 1743 2522 ct
1764 2498 1836 2522 1546.
1857 2497 1927 2521 finis.
1953 2496 2016 2520 sed.

1284 2542 1330 2574 30)
1351 2543 1512 2573 Virgilium!
1538 2543 1586 2565 Ed.
1609 2542 1680 2566 1540.
1700 2541 1868 2571 Vergilium,
1897 2540 2012 2570 itemque
2037 2538 2064 2563 in
2090 2538 2230 2570 sequenti-

1320 2579 1384 2601 bus:
1407 2577 1524 2605 Vergini
1543 2578 1593 2600 ete.

1281 2620 1328 2651 3¹)
1349 2621 1426 2648 Vise.
1446 2621 1511 2643 Aen.
1530 2620 1561 2649 6,
1581 2620 1639 2642 63⁴3.

1281 2663 1327 2694 32)
1357 2664 1432 2691 virgg.
1454 2664 1521 2686 Aen.
1546 2663 1577 2687 6.
1597 2662 1672 2691 82⁴„
1701 2661 1745 2684 ubi
1769 2662 1857 2684 antem
1885 2665 1934 2690 pro
1954 2660 2026 2685 vicit
2044 2659 2114 2684 Edit.
2135 2660 2228 2692 Vt'ag-

1317 2704 1374 2723 ner.
1395 2700 1421 2721 et
1440 2698 1475 2721 at.
1495 2697 1605 2720 habent:
1628 2696 1738 2727 vincet,
1757 2695 1840 2720 Witt.
1862 2696 1962 2722 vincit.

1279 2740 1325 2773 ³3)
1345 2742 1377 2768 A.
1396 2740 1514 2765 Manlius
1534 2740 1696 2770 Torquatus.
