2347 3000
231 101 247 134 1
258 99 332 133 067

226 192 304 219 tura
332 184 374 216 ad
398 182 596 216 bonitatem
621 187 654 214 et
680 178 938 214 humanitatem
967 179 1078 212 finxit.
1131 179 1219 212 Pro-

225 237 307 269 inde
331 248 410 268 cuin
435 228 535 268 nulla
565 246 667 266 causa
693 232 737 264 sit
761 230 938 263 saeviendi
965 230 999 262 in
1018 230 1218 270 Murenam,

227 288 360 321 inultae
393 284 603 319 defendendi
640 283 734 319 eius,
781 282 892 313 debeo
927 283 1083 324 profecto
1121 283 1217 314 omui

225 339 342 372 studio
379 338 546 371 afflictum
580 335 690 366 civem
723 333 924 364 calamitate
957 334 1090 371 levare,
1134 340 1164 365 et
1200 346 1216 365 a

226 390 339 434 capite
364 389 438 422 eius
461 388 531 419 vim
566 392 671 430 atque
697 384 864 416 iniuriam
890 385 1118 428 propulsare,
1155 391 1218 417 etc.

502 469 664 504 Brevia
699 466 952 513 schonaw).

628 545 821 579 Praefatio.

330 615 456 651 Oratio
499 620 549 648 est
587 613 724 657 generis
759 613 945 647 iudicialis.
1022 612 1218 645 Accusatur

226 669 320 703 enim
346 668 496 701 Murena
521 665 702 698 bifariam:
733 664 910 708 primum,
937 665 1032 709 quod
1053 664 1218 708 indignus

226 721 271 754 sit
307 719 493 753 consulatu
528 723 675 761 propter
717 716 809 748 vitae
849 715 1128 759 turpitudinem;
1165 727 1217 748 se-

227 772 342 805 cundo
369 771 411 803 de
436 768 592 807 ambitu,
629 768 725 813 quod
756 767 944 811 largitione
971 773 1147 799 mercatus
1174 766 1218 799 sit

226 822 407 866 suffragia.
462 820 582 865 Quare
609 819 646 851 in
669 831 749 852 eum
778 831 930 862 poenam
965 818 1049 862 legis
1074 819 1116 850 de
1144 829 1217 849 am-

226 875 303 907 bitu
327 872 494 907 constitui
519 871 694 915 postulat,
723 870 903 909 videlicet,
931 875 969 902 ut
993 869 1164 913 eripiatur
1186 868 1218 901 ei

228 925 442 958 consulatus.
496 922 613 956 Status
638 921 674 953 in
695 921 814 964 priore
838 927 938 965 parte
965 927 1015 953 est
1040 920 1216 953 coniectu-

228 977 323 1010 ralis.
401 975 514 1017 Negat
547 973 640 1005 enim
672 972 794 1005 Cicero
827 972 885 1004 illa
923 971 1090 1011 crimina,
1127 983 1216 1016 quae

228 1027 445 1061 obiiciuntur
470 1024 661 1063 Murenae,
690 1029 819 1066 purgat
841 1022 1077 1065 suspiciones,
1105 1028 1137 1053 et
1154 1034 1216 1065 op-

228 1078 330 1124 ponit
352 1077 509 1109 rationes
535 1080 567 1106 et
588 1073 687 1117 signa
712 1085 753 1106 ex
775 1085 902 1116 genere
921 1072 1216 1111 demonstrativo,

228 1141 318 1175 quae
345 1127 528 1161 continent
548 1125 669 1157 laudes
685 1124 869 1157 Murenae.
921 1124 1029 1156 Addit
1056 1130 1089 1156 et
1111 1123 1215 1155 colla-

228 1181 361 1214 tionem
386 1176 567 1222 dignitatis
594 1175 766 1209 Murenae
790 1182 894 1220 atque
920 1175 1045 1208 Servii.
1098 1174 1215 1219 Atque

227 1230 314 1265 haec
345 1229 459 1275 prima
493 1239 575 1272 pars
607 1227 780 1260 orationis
809 1232 883 1259 tota
923 1226 1144 1259 consumitur
1178 1225 1216 1257 in

226 1283 312 1316 locis
337 1281 474 1326 generis
506 1277 789 1312 demonstrativi.
843 1277 966 1311 Solent
997 1277 1091 1310 enim
1124 1275 1216 1309 iudi-

227 1334 331 1367 ciales
363 1343 487 1366 causae
521 1330 700 1363 interdum
731 1328 866 1374 aliquid
901 1341 1041 1362 sumere
1074 1340 1115 1361 ex
1138 1327 1215 1360 aliis

226 1383 432 1429 generibus,
459 1383 565 1427 idque
588 1381 741 1414 maxime
767 1380 843 1413 fieri
871 1386 1012 1424 oportet
1028 1380 1066 1411 in
1083 1378 1214 1413 iudicio

225 1435 408 1480 dignitatis
434 1440 468 1467 et
491 1435 619 1467 famae.
673 1431 856 1465 Posterior
874 1438 985 1465 status
1004 1431 1111 1463 etiam
1133 1441 1215 1463 con-

226 1486 404 1521 iecturalis
432 1491 484 1519 est
514 1485 556 1517 de
590 1483 738 1517 ambitu.
800 1482 915 1526 Negat
941 1482 1034 1515 enim
1064 1482 1213 1514 Murena

226 1539 423 1572 mercedem
450 1537 569 1569 datam
594 1546 686 1574 esse,
713 1541 747 1567 et
770 1534 868 1577 signa
888 1533 1067 1566 contraria
1084 1533 1212 1578 partim

227 1589 347 1629 diluit,
376 1588 506 1632 partim
531 1587 688 1619 defendit
711 1585 796 1617 locis
822 1585 1089 1622 iuridicialibus,
1119 1585 1214 1629 quod

227 1640 338 1674 officia
364 1639 443 1677 illa,
477 1649 567 1683 quae
600 1633 866 1680 reprehendunt
898 1635 1110 1674 adversarii,
1145 1636 1215 1667 sint

227 1693 333 1726 licita.
387 1690 481 1722 Haec
507 1695 558 1721 est
582 1699 720 1720 summa
749 1687 940 1725 orationis,
970 1687 1004 1718 in
1025 1698 1091 1731 qua
1113 1698 1213 1718 inon-

226 1749 338 1777 strato
370 1752 496 1785 genere
531 1750 656 1771 causae
681 1744 714 1770 et
739 1743 854 1776 statu,
889 1738 973 1782 quid
1001 1743 1145 1781 agatur,
1182 1744 1213 1768 et

226 1794 305 1840 quis
320 1792 364 1826 sit
383 1790 555 1825 orationis
573 1789 664 1829 finis,
692 1788 839 1831 intelligi
859 1794 987 1832 potest.
1036 1787 1099 1821 Est
1119 1788 1212 1820 enini

225 1845 325 1884 finis,
361 1849 400 1876 ut
422 1842 572 1876 Murena
600 1839 782 1874 absolutus
803 1840 955 1872 retineat
981 1840 1214 1872 consulatum.

594 1922 647 1955 De
677 1922 835 1956 exordio.

326 1992 521 2029 Exordium
539 2003 613 2024 non
631 1997 681 2023 est
696 1991 827 2024 usitato
846 2002 945 2023 more
965 1990 1212 2034 compositum.

226 2049 342 2082 Habet
367 2045 460 2077 enim
490 2045 576 2076 duas
602 2042 852 2086 purgationes,
889 2041 987 2086 quasi
1019 2041 1213 2085 peculiares

227 2095 499 2133 controversias.
552 2093 619 2126 Sed
637 2091 702 2125 liae
720 2092 960 2125 excusationes
978 2092 1083 2124 oflicii
1106 2092 1211 2125 etiam

228 2153 272 2185 ad
297 2150 414 2183 locum
447 2144 716 2179 benevolentiae
751 2143 993 2176 conciliandae
1023 2144 1212 2188 pertinent.

225 2203 373 2237 Necesse
403 2204 453 2231 est
483 2196 576 2229 enim
610 2195 758 2234 dicenti,
794 2194 1002 2239 praesertim
1035 2195 1064 2228 si
1095 2207 1212 2239 repre-

225 2252 373 2287 liensum
397 2250 441 2283 sit
464 2247 619 2281 officium
644 2253 826 2290 susceptae
853 2258 997 2285 causae,
1035 2246 1136 2279 initio
1170 2248 1212 2279 dc

226 2318 287 2339 sua
313 2312 463 2347 persona
489 2299 621 2337 dicere,
653 2304 692 2330 ut
724 2298 828 2330 sulem
859 2304 891 2330 et
917 2297 1144 2330 autoritatem
1169 2299 1211 2330 ad

228 2367 369 2389 causam
403 2352 545 2389 afferat,
587 2361 678 2394 quae
712 2361 729 2380 a
760 2350 855 2381 bono
894 2348 971 2381 viro
1005 2349 1211 2394 requiritur.

226 2406 369 2439 Initium
393 2408 574 2446 sumptum
599 2407 650 2433 est
675 2412 693 2432 a
710 2406 806 2433 voto.
860 2399 996 2433 Deinde
1016 2407 1213 2446 sequnntur

226 2456 466 2491 excusationes
495 2451 619 2492 officii,
654 2451 690 2483 in
716 2452 842 2496 quibus
873 2451 989 2495 prima
1014 2452 1212 2497 proposit-io

227 2515 294 2542 est:
328 2506 439 2538 Decet
467 2516 523 2536 me
566 2503 752 2536 defendere
786 2503 986 2536 Murenam.
1072 2504 1211 2536 Addam

226 2565 344 2593 autem
370 2561 578 2599 argumenta
608 2554 791 2587 dialectico
817 2566 918 2587 more
944 2553 1212 2599 comprehensa,

260 2667 308 2694 26)
328 2665 401 2689 Haec
425 2663 529 2688 scholia
553 2662 580 2687 in
605 2664 654 2687 Ed.
683 2664 755 2688 1568.
781 2664 821 2687 sic
846 2664 979 2694 iuscripta
1003 2666 1080 2688 sunt:
1115 2665 1213 2688 Brevia

296 2699 402 2724 Scholia
421 2698 487 2722 Phil.
507 2698 640 2722 Melanch.
660 2698 686 2721 in
708 2699 865 2722 Orationem
886 2705 934 2729 pro
954 2700 1075 2723 Murena.
1097 2699 1168 2723 1532.

809 92 929 127 Ptin..
967 92 1076 127 MEL.
1115 92 1316 128 SCRIPTA
1352 95 1688 133 PHILOLOGICA.

2164 104 2261 139 1068

1273 187 1312 215 ut
1338 183 1480 225 agnosci
1505 183 1573 216 loci
1602 184 1817 219 inventionis
1840 185 1976 220 facilius
1998 187 2155 231 possint,
2183 189 2261 234 qui-

1272 233 1337 265 bus
1369 234 1622 269 animadversis
1655 237 1750 269 cerni
1784 238 1889 270 etiam
1922 239 2072 282 poterit,
2118 240 2259 285 qualem

1274 284 1309 316 in
1335 284 1533 318 elocutione
1557 299 1595 319 ac
1620 289 1878 331 compositione
1903 290 2076 323 orationis
2095 291 2258 324 ordinem

1274 334 1440 368 adhibeat
1463 338 1607 377 Cicero,
1642 340 1736 383 quod
1768 342 1810 371 ad
1843 340 2079 374 imitationem
2112 354 2259 385 magno-

1273 398 1354 430 pere
1378 388 1462 420 utile
1489 395 1540 421 est
1565 389 1859 425 animadvertere.
1912 391 1973 425 Est
1998 398 2114 426 autem
2141 393 2257 437 prima

1273 438 1364 470 ratio
1389 446 1527 483 sumpta
1553 452 1593 473 cx
1620 441 1785 473 societate
1810 442 1930 475 officii:
1967 444 2098 477 Consul
2123 444 2260 477 consuli

1272 490 1375 522 debet
1398 502 1502 523 curae
1527 504 1612 531 esse,
1637 492 1743 535 igitur
1769 494 1868 525 decet
1892 506 1947 526 me
1976 496 2162 528 defendere
2179 495 2258 528 Mu-

1271 552 1406 574 renam.
1460 542 1617 575 Secunda
1641 543 1732 575 ratio
1756 551 1806 576 est
1821 544 2033 578 similitudo:
2063 547 2159 579 Sicut
2174 558 2258 579 ven-

1272 591 1366 624 ditor
1392 605 1514 626 cavere
1540 595 1643 627 debet
1672 595 1845 638 emptori,
1879 608 1957 628 cuni
1990 598 2097 630 tradit
2121 598 2152 630 ei
2178 610 2258 642 pos-

1272 643 1475 683 sessionem,
1506 645 1551 677 ita
1579 657 1663 689 ego,
1692 646 1752 691 qui
1771 647 1869 691 quasi
1888 647 2016 679 tradidi
2035 649 2257 681 consulatum

1272 694 1463 735 Murenae,
1505 697 1614 729 debeo
1646 697 1751 730 etiam
1785 698 1816 730 ei
1847 710 1990 737 cavere,
2035 705 2074 732 ut
2104 699 2256 733 retinere

1272 747 1527 789 possessionem
1555 749 1757 782 consulatus
1782 755 1899 794 queat.
1953 749 2074 782 Tertia
2097 750 2189 783 ratio
2213 750 2256 783 ab

1271 799 1432 842 exemplo
1457 799 1625 832 sumitur:
1654 800 1792 833 Alit-ubi
1818 813 1895 833 mos
1924 807 1985 840 est,
2013 813 2056 833 ne.
2074 802 2256 845 magistra-

1272 854 1325 881 tus
1352 861 1369 881 a
1397 849 1537 893 privato
1573 852 1828 891 defemlantur,
1867 853 1925 885 sed
1960 853 2097 896 publice
2128 853 2257 886 dentur

1271 901 1413 943 patroni
1438 914 1476 933 ex
1508 903 1789 943 magistratuum,
1824 915 1908 945 ergo
1935 904 2038 937 nobis
2063 903 2167 937 etjam
2193 901 2258 936 ho-

1270 958 1407 983 nestum
1434 953 1496 984 erit
1525 965 1589 996 pro
1622 954 1829 995 magistratu
1857 955 1982 987 dicere.
2038 956 2174 999 Quarta
2205 967 2256 988 se-

1270 1002 1391 1046 quitur
1408 1004 1594 1036 translatio
1611 1016 1628 1035 a
1642 1004 1788 1047 privatis
1805 1006 2021 1046 argumentis
2038 1007 2080 1038 ad
2098 1006 2255 1050 publica:

1268 1052 1420 1096 Propter
1438 1055 1691 1097 rempublicam
1710 1056 1860 1087 defendo
1880 1056 2088 1094 Murenam,
2117 1056 2256 1100 expedit

1269 1103 1362 1135 enim
1392 1105 1611 1148 reipublicae
1645 1118 1700 1138 me
1733 1106 1935 1150 prospicere
1967 1108 2087 1139 futuro
2120 1106 2257 1140 consuli

1268 1161 1416 1198 propter
1439 1154 1530 1188 lianc
1556 1169 1718 1195 causam,
1753 1164 1791 1190 ut
1814 1157 1882 1190 sint
1908 1157 1944 1189 in
1967 1158 2145 1201 republica
2171 1157 2256 1190 certi

1269 1206 1448 1246 consules,
1489 1209 1585 1252 quod
1615 1208 1821 1253 periculosis
1852 1208 2071 1252 temporibus
2104 1209 2255 1241 maxime

1268 1257 1502 1290 necessarium
1523 1265 1584 1292 est.
1628 1257 1774 1292 Inchoat
1791 1265 1907 1292 autem
1927 1266 1961 1292 et
1977 1257 2044 1292 hoc
2069 1272 2256 1303 argumen-

1269 1314 1343 1340 tum
1381 1320 1400 1340 a
1438 1309 1692 1350 similitudine,
1727 1311 1829 1344 sicuti
1861 1309 1917 1350 hi,
1960 1312 2022 1356 qui
2060 1311 2095 1343 in
2130 1311 2256 1344 itinere

1270 1366 1458 1392 evaserunt
1483 1373 1523 1394 ex
1549 1361 1736 1405 periculis,
1772 1362 1985 1395 naturaliter
2010 1362 2151 1396 solliciti
2174 1369 2256 1395 sunt

1268 1422 1334 1454 pro
1357 1409 1431 1451 his,
1467 1412 1528 1457 qui
1559 1413 1651 1446 idem
1673 1414 1740 1446 iter
1773 1414 1965 1456 ingressuri
1990 1420 2091 1451 sunt,
2120 1414 2168 1446 ita
2191 1426 2256 1455 ego

1269 1474 1333 1506 pro
1366 1463 1486 1496 futuro
1516 1465 1657 1497 consule
1692 1465 1861 1498 sollicitus
1891 1477 1980 1498 sum.
2046 1465 2125 1498 Scio
2161 1465 2253 1498 enim

1269 1511 1359 1546 hanc
1384 1514 1415 1546 ei
1437 1515 1666 1560 praecipuam
1692 1516 1958 1548 dimicationem
1986 1516 2191 1561 impendere
2211 1518 2254 1548 ‹le

1268 1565 1454 1599 retinendo
1473 1568 1668 1600 consulatu.
1721 1566 1869 1601 Interest
1895 1574 2011 1600 autem
2037 1567 2254 1612 reipublicae

1267 1627 1381 1655 nunc,
1408 1623 1447 1649 ut
1469 1615 1597 1650 haheat
1622 1625 1735 1651 certos
1759 1619 1930 1651 consules.

1369 1667 1455 1711 Cap.
1480 1667 1504 1700 I.
1533 1667 1563 1711 ξ.
1591 1670 1621 1701 1.
1649 1671 1739 1709 Quae
1760 1675 1916 1712 precatus
1932 1669 1977 1713 27)
1999 1670 2087 1713 snm]
2115 1669 2146 1701 A
2167 1675 2251 1702 voto

1269 1717 1401 1761 incipit.
1456 1717 1492 1751 ln
1518 1720 1655 1762 magnis
1676 1722 1788 1753 causis
1804 1721 1850 1752 ila
1871 1732 1974 1764 saepe
1993 1720 2140 1763 praefati
2158 1726 2252 1760 sunt,

1269 1770 1363 1813 quod
1388 1770 1470 1801 velit
1495 1771 1575 1803 felix
1592 1772 1816 1816 faustinoque
1836 1783 1921 1809 csse,
1949 1777 1988 1803 nt
2004 1770 2249 1816 Homerus²⁸):

1345 1824 1465 1865 ’Ἁνδρα
1487 1839 1543 1866 μοι
1568 1826 1685 1866 ἔννεπε,
1707 1830 1847 1864 Μοῦσα,
1871 1827 2087 1868 πολύτροπον,
2111 1825 2147 1864 ὃς
2167 1826 2256 1867 μάλα

1606 1879 1729 1916 πολλὰ,
1752 1887 1807 1910 etc.

1269 1928 1316 1962 lta
1344 1930 1449 1962 etiam
1475 1930 1648 1965 Hesiodus
1665 1932 1728 1977 ι29)ῑ

1352 1989 1487 2019 ῙὶῙοῖο-αι
1515 1991 1694 2031 Πιερίηθεν
1717 1987 1844 2031 ἀοιδῇσι
1871 1991 2049 2027 κλείουσαι,
2073 1995 2127 2019 etc.

1268 2043 1419 2075 Comitit's
1443 2044 1658 2087 οεηίιινὶιιίὶε]
1686 2043 1837 2076 Comitia
1866 2042 2061 2075 centuriata
2087 2041 2254 2075 dicuntur

1267 2093 1420 2125 maxima
1445 2093 1607 2133 comitia,
1635 2095 1778 2139 quando
1796 2094 2054 2126 conveniebant
2071 2093 2162 2126 cives
2178 2092 2252 2125 Ro-

1267 2143 1365 2176 mani
1381 2156 1421 2177 ex
1436 2145 1583 2188 singulis
1601 2146 1780 2178 centuriis.
1810 2145 1943 2188 Viginti
1963 2144 2080 2178 curiae
2095 2145 2249 2177 fuerunt.

1266 2195 1390 2228 Plures
1407 2202 1523 2228 autem
1543 2196 1787 2242 ce1itur10030).
1841 2197 1930 2229 Vide
1947 2196 2100 2230 Gellium
2119 2195 2178 2228 lib.
2192 2195 2249 2228 18.

1267 2259 1341 2291 cap.
1369 2245 1425 2280 15.
1442 2247 1500 2294 ³¹).
1555 2247 1730 2281 Crearunt
1747 2248 1905 2281 consules
1922 2247 2096 2291 suffragiis
2115 2246 2249 2290 populi.

1267 2299 1499 2343 Concordiam]
1526 2299 1705 2333 Festivum
1733 2307 1765 2332 et
1789 2300 1965 2332 urbanum
1994 2304 2062 2337 est,
2085 2298 2180 2342 qnod
2205 2297 2250 2330 ad

1267 2350 1362 2382 illam
1387 2350 1627 2394 precationem
1653 2351 1795 2391 alludit,
1831 2351 1919 2384 sicut
1950 2356 2050 2382 autea
2086 2354 2249 2393 precatus

1298 2457 1345 2483 27)
1364 2459 1518 2488 precatus]
1537 2459 1576 2482 stc
1594 2459 1642 2482 Ed.
1666 2459 1755 2485 1568:
1777 2458 1823 2481 Fal.
1845 2458 1929 2481 orell.
1951 2457 2130 2487 deprecatus.

1299 2500 1346 2527 28)
1366 2502 1442 2525 nom.
1463 2502 1566 2532 odyss.
1587 2503 1613 2526 ι,
1636 2504 1656 2526 ι.

1298 2545 1346 2572 29)
1366 2544 1475 2568 Hesiod.
1495 2545 1584 2575 Opera
1604 2547 1629 2568 et
1648 2546 1705 2567 (lies
1727 2546 1748 2568 1.

1299 2587 1347 2613 30)
1366 2587 1445 2611 Cont'.
1466 2588 1496 2611 A.
1518 2587 1620 2610 Adam:
1648 2587 1749 2610 nandi».
1768 2587 1816 2610 der
1835 2587 1900 2610 rom⁴
1922 2586 2050 2612 Atterth..
2068 2585 2159 2609 fibers.
2178 2591 2204 2608 v.
2223 2584 2248 2608 J.

1333 2622 1361 2644 Ι,4
1382 2623 1486 2651 Meyer.
1524 2622 1553 2645 T.
1573 2622 1591 2646 1.
1612 2629 1635 2650 μ.
1661 2622 1705 2645 151
1728 2628 1786 2651 sqq.

1299 2664 1348 2692 31)
1369 2670 1427 2693 cap.
1449 2665 1503 2692 15]
1524 2664 1571 2688 Ed.
1595 2664 1666 2687 1568.
1687 2670 1743 2693 cap.
1766 2665 1824 2694 ¹43
1844 2666 1871 2687 at
1890 2670 1942 2687 non
1963 2669 2021 2694 cap.
2042 2663 2097 2693 ¹4,
2122 2662 2173 2686 sed
2190 2666 2248 2691 cap.

1337 2699 1375 2722 16.
1395 2699 1504 2722 comitia
1521 2699 1676 2722 centuriata
1693 2700 1946 2723 commemorantur.
