2347 3000
69 146 144 181 337
422 141 480 178 111.

68 244 106 265 re
136 231 349 271 deliberata,
392 229 557 262 interficit
584 227 783 263 Gracchum
802 229 860 275 23).
924 229 1055 275 Estque

66 281 153 316 haec
164 282 209 328 Ἧι)
229 281 386 315 definitio
412 281 631 313 observanda
648 287 795 325 propter
812 281 1053 314 definitionem

68 334 228 374 virtutis,
254 344 358 376 supra
376 332 556 365 traditam.
611 332 789 365 Monstrat
814 333 907 365 enini
934 346 1055 365 causas

67 385 226 425 virtutis,
253 383 383 417 scilicet
408 389 563 415 mentem
602 383 837 424 iudicantem,
866 390 899 416 et
928 384 1054 417 volun-

67 443 185 469 tatem.
250 434 372 467 Virtus
397 440 449 467 est
474 432 615 468 habitus
640 435 900 479 proaereticus,
932 435 968 467 id
993 440 1054 473 est,

68 494 164 520 ortus
189 486 232 518 ab
258 485 473 525 actionibus,
511 498 601 531 quae
626 486 755 519 iudicio
782 486 929 524 mentis,
965 492 997 517 et
1014 485 1054 516 li-

63 539 148 570 bera
166 537 348 570 voluntate
366 536 606 580 suscipiuntur
631 543 664 570 ct
688 544 869 581 reguntur.
923 536 1051 569 Postea

65 587 123 622 hic
141 589 332 621 traduntur
353 589 482 631 gradus
508 600 692 622 causarum
720 587 965 627 efficientium,
992 598 1053 618 ne—

65 639 223 679 cessitas,
252 645 399 678 natura,
426 640 567 671 fortuna
586 645 619 670 et
635 650 745 671 mens.

114 689 195 736 I.²⁵)
223 690 472 724 Necessitatem
492 689 655 731 intelligit
680 695 811 721 certam
839 688 950 729 legem
975 700 1052 720 coe—

64 742 206 775 testium
224 752 426 785 corporum,
454 745 502 778 ut,
528 741 623 784 qnod
641 745 735 772 certo
754 740 809 772 die
828 740 916 771 fiunt
933 739 1052 784 aequi-

64 793 202 833 noctia,
228 791 392 830 solstitia,
422 802 626 832 congressus
643 791 797 823 siderum
818 797 880 823 etc.

115 843 157 878 II.
193 844 362 878 Naturam
393 841 558 884 intelligit
583 841 654 873 vini
680 842 715 874 in
748 841 949 882 elementis,
992 847 1052 874 aut

65 895 181 928 mixtis
208 892 435 936 corporibus,
464 892 694 926 efficientibus
716 905 779 936 per
802 905 875 926 sese
900 892 1049 938 qualita-

64 952 134 978 tem
159 944 314 988 aliquam
340 943 377 975 in
403 943 560 983 obiecto,
595 949 652 983 ut,
695 944 784 988 ignis
810 950 937 977 natura
962 944 1051 977 cale-

62 995 144 1028 facit
161 1006 311 1038 corpora
331 995 486 1027 admota.

111 1044 168 1079 ΠΙ.
194 1045 352 1078 Fortuna
371 1051 439 1085 est,
466 1057 544 1078 cum
561 1051 706 1078 eventus
730 1058 803 1078 non
829 1046 1050 1089 gubernatur

62 1097 209 1130 consilio
221 1123 229 1136 ,
256 1109 320 1129 nec
342 1096 487 1140 proprie
504 1097 618 1130 oritur
636 1108 654 1129 a
672 1097 867 1130 necessaria
880 1124 888 1137 ‚
917 1097 972 1130 vel
988 1109 1050 1130 na-

62 1149 170 1183 turali
191 1160 292 1181 causa
312 1147 527 1192 propinqua.

112 1198 171 1233 IV.
199 1199 447 1243 Appellatione
471 1198 598 1231 mentis
622 1198 886 1242 complectitur,
914 1205 947 1231 et
969 1210 1050 1242 par—

61 1257 133 1283 tem
159 1250 394 1290 iudicantem,
417 1256 448 1282 et
475 1256 613 1293 partem
640 1250 838 1288 xolentem,
867 1256 923 1289 ut,
951 1262 1049 1282 mens

59 1301 234 1346 Scipionis
252 1301 395 1346 proprie
414 1313 515 1334 causa
536 1307 597 1340 cst,
618 1302 714 1345 quod
731 1301 772 1332 ab
790 1301 902 1333 aliena
920 1313 1048 1344 sponsa

61 1353 224 1387 abstinet.
285 1353 331 1385 Hi
358 1353 486 1396 gradus
514 1351 739 1384 efficientium
767 1352 1049 1395 complectuntur

59 1404 261 1437 universam
288 1410 474 1442 naturali),
507 1415 570 1434 nec
593 1403 668 1435 vult
692 1402 899 1435 Aristoteles
925 1401 1049 1435 liuma-

58 1467 123 1488 nos
155 1461 298 1488 exentus
331 1454 375 1486 ad
405 1465 526 1486 omnes
560 1451 623 1486 has
653 1453 797 1492 referri,
841 1454 900 1486 sed
935 1453 1048 1486 consi-

60 1506 257 1539 derandum
286 1511 355 1544 est,
385 1501 465 1549 qui,
494 1516 511 1537 a
537 1505 663 1549 quibus
688 1505 870 1543 oriantur,
904 1511 941 1537 nt
962 1511 1048 1536 tem-

60 1563 306 1601 peramentum
327 1569 344 1588 a
365 1556 505 1589 coelesti
523 1567 624 1589 causa
640 1581 648 1596 ‚
677 1556 823 1589 morbus
851 1568 867 1588 a
892 1555 1047 1589 naturali

59 1620 175 1642 causa.
229 1607 390 1641 Fortuita
409 1608 519 1640 multa
540 1613 640 1647 sunt,
674 1619 764 1652 quae
783 1619 856 1639 non
874 1613 1046 1651 reguntur

59 1660 218 1694 consilio.
271 1659 303 1691 A
319 1665 436 1691 mente
455 1659 620 1691 oriuntur
646 1671 736 1703 quae
761 1665 936 1702 reguntur
963 1670 1046 1691 con-

59 1711 193 1757 silio²⁶)
225 1711 297 1743 sive
328 1710 463 1751 bonae,
505 1710 577 1743 sive
598 1710 713 1742 malac
738 1710 906 1743 actiones.
974 1709 1047 1742 Do-

59 1761 170 1795 ctrina
205 1761 433 1795 ecclesiastica
467 1762 565 1794 addit
589 1773 710 1794 causas
736 1762 911 1794 bonarum
940 1761 1046 1793 actio-

57 1825 143 1846 num
157 1839 165 1853 ‚
191 1818 308 1846 motus
325 1812 476 1856 Spiritus
494 1812 616 1845 sancti.
670 1812 847 1845 Malaruni
866 1812 1044 1845 actionum

57 1864 287 1909 impulsiones
306 1863 468 1903 Diaboli,
494 1870 531 1896 ut
555 1863 687 1907 flagitia
704 1863 856 1897 Neronis
882 1864 1047 1897 oriuntur

59 1916 103 1948 ab
119 1916 321 1960 impellente
338 1914 503 1948 Diabolo.

397 2029 535 2083 Caput
563 2030 640 2072 IV.
648 2028 711 2084 27).

159 2113 211 2146 De
231 2113 367 2146 obiecto
386 2113 578 2146 voluntatis
594 2119 686 2145 recte
714 2119 748 2145 et
770 2113 890 2145 dextre
917 2111 1046 2146 dicitur

56 2167 190 2199 bonum
222 2177 293 2198 esse
325 2164 499 2197 obiectum
530 2164 742 2204 voluntatis,
779 2164 874 2209 quod
899 2164 1044 2208 appetit,

91 2310 138 2338 23)
158 2310 186 2334 P.
212 2309 358 2333 Cornelius
393 2308 481 2338 scipio
510 2307 610 2331 Nasica
640 2313 664 2331 a.
686 2307 742 2331 133.
766 2312 790 2331 a.
810 2308 874 2331 Chr.
910 2308 1044 2332 Tiberium

129 2344 316 2373 Sempronium
335 2344 484 2367 Graes-huni
511 2344 544 2365 oh
570 2343 656 2370 legem
682 2342 820 2369 agrariam
841 2342 936 2366 Licinii
960 2350 1044 2367 reno-

125 2380 217 2401 vatam
236 2379 263 2401 in
278 2378 411 2407 Capitolio
434 2377 577 2400 interfecit.
604 2377 754 2404 (Plutarch,
772 2377 828 2400 Tib.
843 2377 956 2402 Gracch.
973 2378 1044 2401 16—

127 2413 167 2437 19.
192 2413 305 2442 Appian.
327 2412 470 2441 14—1G.J.

92 2455 139 2482 24)
160 2454 238 2483 haec]
260 2455 299 2478 sie
318 2454 366 2478 Ed.
388 2454 478 2483 1546‚;
506 2453 554 2478 Ed.
575 2452 649 2476 1545.
669 2452 718 2476 hic.

93 2496 140 2527 25)
160 2497 289 2526 1.--1v.]
309 2497 349 2520 sic
366 2497 414 2520 Ed.
438 2497 528 2521 15⁴5.:
562 2495 588 2518 in
608 2496 657 2518 Ed.
680 2495 753 2519 1546.
779 2495 845 2519 haec
870 2501 1042 2519 numerorum

126 2532 205 2561 signa
224 2532 329 2556 desunt.

89 2574 135 2605 26)
157 2575 179 2596 Α
198 2575 287 2596 niente
306 2573 429 2596 oriuntur
449 2578 517 2602 quae
537 2574 668 2599 reauntur
687 2571 817 2601 consino]
833 2573 872 2596 sic
886 2573 934 2595 Fal.
950 2573 1042 2602 1545.;

126 2610 151 2631 in
172 2608 220 2632 Ed.
246 2608 318 2630 1546.
339 2608 403 2630 llaec
423 2608 523 2630 omissa
543 2609 615 2630 sunt.

89 2651 185 2679 273111
212 2650 295 2673 Editt.
325 2650 397 2673 1532.
427 2652 451 2673 ct
479 2650 568 2677 1535..
602 2654 713 2679 quarunt
739 2649 882 2677 explicatio
909 2650 942 2671 ah
961 2649 1042 2674 Editt,

127 2685 201 2709 1545.
218 2685 244 2707 et
263 2685 336 2708 1546.
355 2684 435 2706 valde
454 2684 542 2707 differt
555 2700 561 2709 ,
582 2684 604 2706 h.
622 2684 638 2708 t,
659 2683 750 2706 eadem
770 2683 911 2712 inscriptio
932 2683 1041 2711 legitur,

126 2725 204 2749 quani
223 2719 303 2747 paulo
324 2720 385 2747 post
403 2719 468 2741 haec
488 2718 625 2747 seqnitur:
661 2717 775 2746 Quintus
792 2718 869 2741 locus
889 2717 921 2740 de
940 2718 1041 2740 obiecto

124 2753 286 2776 voluntatis.

56 2795 236 2825 MELANTH.
260 2795 364 2824 Oeen.
389 2795 471 2824 vam.
495 2792 584 2822 XVI.

532 140 813 177 ENARRATIO
847 142 974 177 LIBRI
1000 141 1056 178 ΙΙΙ.
1090 141 1377 177 ETHICORUM
1412 141 1736 179 ARISTOTELIS.

2022 147 2096 183 338

1109 241 1168 262 seu
1189 229 1416 275 prosequitur
1428 257 1436 270 ‚
1464 229 1536 264 sive
1554 242 1634 263 vere
1650 231 1785 265 bonum
1802 238 1895 265 recte
1913 233 2095 277 iudicanti,

1108 281 1180 313 sive
1199 284 1292 326 quod
1311 282 1450 315 xidetnr
1465 282 1598 315 bonum
1617 283 1762 317 erranti.
1815 284 1950 318 Rursus
1968 293 2001 317 et
2021 300 2095 319 ina-

1108 332 1179 363 lum
1207 345 1278 364 csse
1305 333 1501 373 obiectum,
1543 334 1637 379 quod
1664 335 1752 378 sugit
1776 336 1951 370 voluntas.
2019 337 2093 371 Etsi

1108 388 1224 414 autem
1246 381 1337 415 hanc
1355 385 1549 428 simplicem
1576 386 1788 419 sententiani
1816 387 1959 431 quidam
1988 390 2093 421 cavil-

1105 433 1298 466 lationibus
1331 435 1545 468 lalwl'actare
1579 443 1773 478 conantur,
1811 444 1840 470 et
1876 441 2091 473 contendunt

1107 485 1195 515 adeo
1213 485 1357 517 liberam
1377 499 1448 518 esse
1474 488 1713 528 voluntatem,
1747 495 1786 521 ut
1810 489 1915 522 etiam
1938 491 2011 523 §Ine
2039 504 2094 523 ra—

1107 534 1201 566 tione
1221 536 1326 575 boni,
1351 537 1482 569 malum
1504 539 1613 581 possit
1633 540 1740 579 volte,
1778 546 1898 573 tamen
1925 539 2011 573 baec
2038 554 2092 574 ra-

1106 586 1154 617 tio
1173 587 1355 619 confundit
1373 587 1574 621 discrimina
1598 590 1829 626 obiectorum.
1878 593 1932 625 Sic
1951 594 2091 625 condita

1106 642 1155 669 est
1176 638 1360 681 voluntas,
1388 645 1427 670 ut
1451 638 1487 670 in
1514 640 1608 671 bono
1636 642 1852 686 acquiescat,
1881 644 1986 688 idque
2013 657 2093 688 pro-

1105 694 1292 732 sequatur,
1322 695 1353 720 et
1372 689 1483 732 fugiat
1502 691 1647 724 nialum.
1700 692 1781 725 Ideo
1808 707 1879 726 nou
1903 696 2093 740 acquIescit

1105 738 1140 770 in
1166 740 1282 779 malo,
1318 740 1454 773 etiarnsi
1480 742 1710 784 perxersitate
1737 744 1874 789 aliqua,
1912 747 2091 779 interdurn

1105 790 1201 832 eligit
1224 791 1379 829 malum,
1419 793 1515 824 nulla
1541 793 1625 824 honi
1652 794 1802 828 ratione.
1871 798 1971 840 Quae
1998 798 2091 830 enim

1105 842 1303 875 absurditas
1323 849 1407 875 esset
1425 843 1552 883 dicere,
1578 844 1796 877 voluntatem
1815 844 2009 880 humanam
2033 862 2093 892 pa-

1104 892 1190 924 riter
1208 893 1330 925 inDeo
1351 900 1380 925 et
1403 894 1437 926 in
1456 892 1840 941 tauroPlialaridisw),
1870 899 2091 943 acquiescere

1104 956 1216 987 posse.
1250 944 1459 978 Retineatur
1475 958 1557 989 ergo
1577 948 1775 981 communis
1791 950 1978 989 sententia,
1998 952 2091 995 quod

1102 995 1237 1028 bonum
1254 995 1299 1028 sit
1317 997 1491 1029 obiectum
1510 997 1722 1038 voluntatis,
1748 999 1911 1032 xidelicet
1930 1008 2094 1044 expeten-

1103 1046 1208 1087 dum,
1235 1059 1296 1080 seu
1316 1049 1624 1093 prosequendum,
1652 1062 1716 1082 nec
1741 1051 1874 1084 malum
1906 1053 2092 1096 expetitur,

1103 1097 1171 1130 nisi
1194 1098 1332 1131 ratione
1358 1099 1476 1144 aliqua
1497 1100 1604 1139 boni,
1642 1107 1682 1133 ut
1708 1099 1867 1136 Christus
1888 1104 1963 1135 *nult
1992 1105 2093 1137 susti-

1105 1157 1378 1190 neremortein,
1407 1151 1489 1195 quia
1515 1151 1611 1183 ducit
1635 1152 1794 1185 oninium
1822 1154 1994 1197 optimum
2021 1168 2092 1188 esse

1104 1200 1247 1232 obedire
1264 1202 1434 1233 mandato
1452 1202 1530 1235 Dei.
1591 1201 1664 1234 lam
1691 1204 1874 1248 quaeritur
1902 1206 1943 1237 (le
1967 1207 2092 1239 ordine

1102 1251 1298 1284 bonorum:
1319 1264 1362 1284 an
1382 1253 1486 1284 ctiam
1505 1253 1681 1286 infinitum
1702 1255 1835 1288 bonum
1854 1256 1897 1289 sit
1916 1257 2092 1290 obiectum

1103 1299 1281 1335 humanae
1299 1304 1503 1337 voluntatis.
1556 1304 1762 1339 Aristoteles
1788 1313 1927 1339 tantum
1953 1308 1994 1340 de
2015 1309 2093 1341 tini-

1103 1352 1144 1385 tis
1160 1353 1338 1398 loquitur,
1367 1366 1457 1399 quae
1475 1361 1554 1388 sunt
1575 1356 1694 1400 aliquo
1720 1359 1827 1390 niodo
1856 1357 1891 1390 in
1918 1366 2092 1402 potestate

1102 1410 1241 1443 nostra,
1270 1405 1357 1437 sicut
1375 1417 1479 1449 supra
1497 1406 1603 1445 dixit,
1632 1406 1846 1452 προαίρεσιν
1866 1421 1989 1443 eorum
2008 1423 2093 1450 esse,

1102 1466 1193 1498 quae
1219 1462 1301 1487 sunt
1324 1456 1359 1487 in
1384 1462 1556 1499 potestate
1576 1463 1710 1490 nostra.
1764 1459 1832 1491 Sed
1851 1472 1915 1493 nos
1936 1474 2017 1494 vera
2036 1474 2092 1494 ra-

1102 1506 1169 1544 tio,
1198 1512 1231 1538 et
1252 1506 1327 1550 ipsa
1352 1507 1406 1539 lex
1424 1507 1489 1539 Dei
1516 1508 1635 1545 docet,
1664 1510 1895 1554 praecipuum
1914 1512 2092 1546 obiectum

1101 1557 1295 1591 voluntatis
1322 1571 1394 1591 csse
1420 1559 1553 1591 bonum
1580 1559 1777 1600 infinitum,
1815 1562 1946 1595 scilicet
1964 1562 2093 1604 Deum,

1102 1608 1194 1640 iuxta
1213 1609 1296 1641 illud
1317 1608 1461 1653 (nauh.
1477 1612 1538 1649 22,
1558 1611 1616 1644 37.
1645 1610 1755 1645 Marc.
1769 1613 1826 1652 12,
1846 1614 1904 1647 30.
1933 1613 2017 1648 Luc.
2034 1616 2092 1656 10,

1100 1659 1195 1704 27.):
1213 1659 1348 1703 Diligas
1360 1660 1554 1694 Dominum
1568 1662 1681 1694 Deum
1701 1669 1801 1697 tunm
1822 1676 1862 1697 cx
1880 1671 1955 1698 toto
1974 1668 2091 1700 corde.

1099 1710 1225 1743 Postea
1245 1718 1380 1744 caetera
1397 1713 1490 1745 bona
1510 1712 1601 1746 iusto
1621 1713 1745 1746 ordine
1762 1722 1984 1759 expetuntur.
2020 1717 2091 1750 Da-

1100 1761 1158 1794 viil
1179 1763 1368 1807 praecipue
1388 1764 1502 1796 Deum
1521 1764 1653 1808 diligit,
1689 1772 1810 1809 postea
1831 1769 1961 1812 expetit
1980 1769 2090 1801 victo-

1099 1813 1182 1852 rias,
1210 1813 1354 1853 xictnm,
1382 1816 1516 1848 bonum
1537 1822 1665 1848 statum
1686 1816 1921 1860 reipublicae,
1949 1825 1988 1852 ut
2008 1832 2089 1852 con-

1099 1870 1258 1897 serxetur
1285 1865 1461 1906 Ecclesia,
1505 1866 1620 1899 Deum
1653 1868 1844 1902 celebrans.
1916 1870 2090 1914 Scipionis

1099 1916 1263 1948 wluntas
1290 1924 1452 1950 versatur
1477 1917 1568 1950 circa
1596 1918 1733 1951 finitum
1765 1920 1919 1959 bonum,
1961 1923 2089 1966 expetit

1099 1966 1286 2007 virtutem,
1324 1969 1406 2013 quia
1432 1966 1536 2002 huius
1562 1967 1863 2013 pulchritudinem
1891 1974 2019 2011 cernit,
2058 1980 2089 2006 et

1100 2017 1231 2051 iudicat
1247 2020 1359 2062 magis
1381 2020 1571 2052 convenire.
1594 2018 1731 2053 homini
1757 2023 1912 2057 actiones
1938 2024 2088 2063 virtutis,

1099 2082 1205 2114 qnam
1224 2070 1397 2104 belluinas
1415 2071 1625 2115 voluptates.
1687 2073 1754 2105 Sed
1780 2086 1840 2106 cur
1862 2075 1954 2106 mala
1982 2088 2087 2119 appe-

1099 2120 1246 2153 tuntur?
1282 2122 1449 2156 laborans
1466 2123 1567 2162 febri,
1594 2123 1759 2167 intelligit
1776 2125 2004 2158 immodicum
2025 2140 2087 2170 po-

1099 2178 1172 2204 tum
1198 2184 1326 2206 nocere
1352 2171 1548 2219 hepati29),
1586 2180 1619 2206 et
1646 2181 1767 2207 tamen
1792 2177 1946 2219 appetit,
1983 2190 2086 2210 causa

1098 2229 1167 2261 est,
1196 2223 1280 2268 quia
1299 2224 1421 2266 ingens
1440 2231 1490 2258 est
1506 2225 1682 2258 discordia
1699 2227 1887 2259 affectuum
1907 2234 1939 2259 et
1955 2228 2085 2262 iudicii.

1098 2273 1257 2318 Rapiunt
1282 2282 1398 2308 autem
1427 2276 1647 2309 voluntatem
1676 2277 1837 2317 affectus,
1875 2278 1981 2311 etiam
2007 2291 2084 2312 cum

1130 2392 1177 2419 Q)
1199 2391 1351 2417 Phalaridi,
1372 2397 1456 2415 saevo
1470 2391 1711 2420 Agrigentinorum
1731 2392 1758 2415 in
1773 2392 1866 2416 Sicilia
1885 2394 2020 2423 tyranno.
2040 2397 2084 2426 qui

1166 2426 1244 2449 novis
1269 2426 1403 2449 hominurn
1432 2427 1575 2449 tormentis
1600 2427 1800 2453 delectehatur,
1842 2427 1966 2451 Perilaus
1994 2430 2083 2460 (quem

1164 2460 1251 2488 Ptin„
1271 2460 1364 2487 Ovid.,
1385 2461 1525 2489 Propcrt..
1547 2461 1593 2484 Sil.
1609 2460 1736 2483 Pei-iilum
1753 2462 1879 2491 vocant),
1899 2463 2082 2491 Atheniensis,

1164 2501 1196 2517 ex
1216 2500 1281 2517 aere
1300 2496 1406 2517 taurum
1435 2494 1690 2517 artificiosissimum
1716 2496 1874 2520 fabricavit.
1908 2497 1949 2519 cui
1977 2498 2081 2522 ianuam

1164 2529 1188 2551 in
1211 2529 1297 2551 latere
1317 2529 1422 2557 posuit,
1443 2530 1488 2553 ut,
1509 2535 1586 2557 qutun
1607 2529 1726 2551 inclusus
1746 2535 1809 2552 reus
1829 2531 1957 2553 subiectis
1978 2532 2083 2559 ignibus

1163 2564 1354 2591 torqueretur,
1385 2562 1531 2588 iungituni,
1559 2564 1584 2584 et
1608 2568 1661 2585 non
1686 2564 1800 2586 hominis
1825 2571 1917 2588 vocem
1942 2566 2081 2590 videretur

1163 2597 1303 2619 emittere:
1331 2602 1379 2624 pro
1400 2602 1450 2625 quo
1468 2595 1578 2618 invento
1599 2602 1677 2625 quum
1697 2604 1793 2620 munus
1812 2604 1827 2621 a
1848 2601 1966 2628 tyranno
1986 2603 2081 2629 postu-

1164 2631 1263 2658 lasset,
1284 2630 1309 2651 in
1331 2636 1362 2652 eo
1383 2630 1439 2658 ipse
1459 2630 1558 2652 includi
1578 2636 1594 2652 a
1611 2630 1755 2654 Phalaride
1774 2633 1865 2655 iussus
1885 2639 1916 2656 ae
1933 2636 2079 2663 suppositis

1163 2664 1268 2690 ignitius
1289 2665 1402 2686 exustus
1425 2665 1474 2686 est.
1520 2664 1637 2687 Tandem
1657 2667 1793 2694 tyrannus
1813 2667 1868 2695 ipse
1886 2669 1918 2691 ob
1938 2669 2079 2692 saevitiam

1162 2705 1177 2721 a
1198 2699 1255 2721 suis·
1277 2698 1335 2720 huie
1355 2700 1433 2720 tauro
1454 2698 1577 2720 inclusus
1598 2700 1640 2721 est
1658 2702 1685 2722 et
1704 2702 1849 2724 crematum

1127 2750 1173 2780 29)
1199 2750 1302 2779 hepati]
1325 2750 1408 2773 Editt.
1430 2749 1503 2773 1545.
1523 2750 1548 2773 et
1571 2751 1644 2774 1546.
1665 2752 1745 2782 epau.

1425 2787 1472 2819 22
