2347 3000
255 134 329 168 387

258 231 491 264 personarum
512 222 821 261 commixtionem,
850 219 1013 264 prohibet
1039 233 1160 255 omnes
1185 233 1245 254 va-

259 284 321 314 gas
337 272 518 311 libidines,
553 279 587 305 et
608 274 682 306 vult
706 272 909 314 coniugium
938 284 1009 305 esse
1028 273 1247 306 coniunctio-

261 334 342 355 nem
370 323 652 367 inseparabilem.
704 324 794 356 Nam
823 335 901 354 cnm
925 323 989 356 ait:
1023 323 1139 357 Erunt
1164 325 1246 363 duo,

260 386 335 406 nias
368 380 401 406 et
432 375 607 413 foemina,
648 372 813 417 prohibet
843 373 982 417 vagari,
1024 381 1057 407 et
1088 376 1247 419 pluribus

259 425 410 458 misceri.
463 425 505 457 Et
528 425 719 469 particula,
748 424 783 457 in
808 436 950 457 cariiem
977 438 1105 466 unam,
1141 427 1247 469 signi-

260 476 339 508 ficat
372 475 654 519 inseparabiliter
686 476 844 515 iunctos,
879 476 968 509 sieut
991 475 1151 512 Christus
1181 476 1246 510 ho(-

261 527 392 559 dietum
426 527 678 569 interpretatur
705 525 831 560 Manli.
850 527 908 567 19,
935 527 1107 574 (4—6.).
1176 530 1247 563 Nec

261 578 407 610 dubium
426 583 477 610 est
500 589 630 620 niagno
658 578 805 611 consilio
823 578 889 610 Dei
913 576 1004 611 hanc
1032 580 1142 622 legem
1167 587 1247 612 ante

262 635 416 660 caeteras
437 629 529 660 clara
554 641 638 661 voce.
663 630 924 673 pronmlgatam
951 643 1041 670 esse,
1071 631 1151 676 quia
1170 638 1245 675 post

260 679 418 722 lapsum,
446 679 572 712 notitia
598 681 767 714 naturalis
790 682 832 713 de
859 678 925 714 hoc
947 682 1070 714 ordine
1094 683 1248 725 coniugii

261 731 379 763 sutura
398 737 474 763 erat
489 731 684 765 obscurior.

361 780 443 814 Ideo
476 794 560 815 voce,
585 782 651 814 Dei
682 782 896 826 praemoniti
917 795 1055 823 sumus,
1099 790 1133 816 et
1154 783 1249 816 Dens

261 830 450 866 horrendis
470 833 594 877 poenis
613 840 733 878 postea
762 834 915 867 ostendit
935 835 1001 867 sibi
1025 835 1248 868 confusiones

260 884 448 917 libidinum
467 885 670 929 displicere,
698 891 737 918 nt
764 885 799 917 in
825 886 978 925 diluvio,
1006 886 1041 917 in
1066 887 1248 919 exersione

262 936 526 975 Sodomorum,
580 936 615 968 in
656 936 832 969 deletione
866 937 1129 971 Cananeorum.
1204 937 1249 970 Et

261 987 388 1019 Graeci
419 987 595 1025 scribunt,
637 993 749 1020 totam
770 988 921 1020 Atticam
948 994 1028 1020 ante.
1054 989 1246 1033 Cecropem

262 1039 426 1070 obrutam
458 1050 530 1071 esse
557 1038 690 1071 diluvio
702 1038 765 1083 ⁷⁵),
809 1046 843 1071 et
870 1039 1082 1072 nominatim
1108 1052 1247 1073 causam

261 1090 417 1128 addunt,
457 1089 562 1122 fnisse
591 1089 624 1121 id
654 1090 826 1122 dilnvium
861 1102 1015 1134 poenam
1048 1091 1249 1129 libidinum,

262 1140 413 1185 ideoque
429 1147 577 1173 narrant
594 1152 611 1172 a
633 1141 787 1184 Cecrope
804 1141 982 1174 restitutas
999 1154 1070 1174 csse
1094 1141 1246 1184 coniugii

261 1192 364 1233 leges.
439 1191 483 1224 Et
513 1198 548 1223 ut
574 1192 729 1223 Sodoma
767 1193 968 1235 perierunt,
1018 1192 1066 1224 sic
1091 1190 1249 1229 Thebae,

261 1249 294 1274 et
304 1242 347 1287 76)
366 1242 575 1286 8)’1)εη·ἰ577),
603 1248 636 1274 et
652 1242 827 1274 maximae
844 1243 949 1275 urbes
964 1242 1084 1275 Ioniae
1102 1249 1250 1287 propter

913 1293 1049 1326 Deinde
1074 1295 1166 1326 bello
1184 1294 1249 1326 Pe—

260 1344 512 1388 loponnesiaco
533 1344 742 1388 praecipuae
760 1345 884 1383 urbes,
910 1343 1083 1385 Athenae,
1111 1346 1250 1389 Sparta,

261 1402 293 1428 ct
319 1395 407 1427 aliae
435 1395 639 1438 gravissime,
663 1395 811 1428 asssictae
835 1402 927 1428 sunt.
980 1396 1165 1429 Discanms
1188 1396 1250 1438 igi-

262 1453 319 1479 tur
338 1446 461 1479 timere
472 1445 517 1491 τε)
537 1446 705 1479 iudicium
725 1446 810 1486 Dei,
840 1447 899 1491 qui
927 1453 978 1479 est
1001 1460 1124 1480 amans
1150 1447 1250 1480 casti-

261 1497 361 1537 tatis,
389 1503 422 1530 et
442 1495 662 1530 horribiliter
686 1498 760 1530 odit
783 1503 815 1530 et
837 1498 940 1542 punit
958 1496 1156 1542 prohibitas
1172 1498 1250 1531 libi-

261 1549 372 1583 dines.

365 1599 519 1644 Quarta:
548 1597 696 1633 Insitum
717 1605 767 1632 est
781 1597 920 1633 homini
946 1600 1135 1634 discrimen
1158 1599 1250 1632 veri-

262 1651 342 1685 tatis
367 1657 401 1684 et
425 1651 620 1690 mendacii,
656 1657 690 1684 et
713 1651 839 1684 notitia
861 1652 998 1691 addita,
1035 1652 1130 1697 quod
1154 1650 1249 1683 Dens

263 1703 306 1735 sit
325 1714 449 1741 verax,
472 1702 623 1747 ideoque
641 1714 659 1735 a
676 1702 797 1742 nobis,
832 1709 1003 1748 tanquam
1027 1704 1070 1735 ab
1095 1702 1248 1745 imagine

261 1766 344 1793 sna,
380 1753 553 1797 postulat,
583 1760 622 1786 ut
645 1754 753 1787 simus
777 1766 928 1787 veraces.
989 1752 1124 1787 Iudicat
1143 1754 1249 1797 igitur

261 1817 362 1837 meus
396 1804 581 1837 veritatem
617 1804 654 1836 in
689 1805 842 1844 artibus,
888 1804 1043 1845 iudiciis,
1091 1803 1248 1837 honestis

262 1857 383 1895 factis,
425 1855 663 1889 contractibus
694 1857 905 1889 servandam
931 1868 1022 1895 esse,
1058 1862 1109 1895 et,
1146 1855 1247 1889 utin

264 1907 408 1941 caeteris
424 1907 578 1950 ]egibus‚
604 1907 738 1940 utilitas
755 1908 914 1953 sequitur
928 1905 1171 1947 honestatem,
1198 1913 1248 1946 ut,

263 1959 292 1992 si
310 1959 346 1991 in
370 1958 545 1991 medicina
572 1971 647 1991 non
672 1965 760 1992 esset
784 1959 972 1992 discrimen
996 1959 1089 1991 inter
1110 1971 1192 1991 vera
1216 1964 1249 1990 et

262 2011 347 2044 falsa
359 2037 368 2051 ,
395 2010 540 2043 daretur
556 2022 732 2042 venenum
750 2023 816 2053 pro
834 2009 1004 2043 remedio.

365 2061 499 2106 Quinta
524 2061 595 2093 lex:
636 2060 749 2093 Indita
775 2068 825 2094 est
851 2059 989 2093 homini
1012 2060 1158 2100 notitia,
1187 2060 1247 2093 nbi

265 2113 465 2146 voluntates
482 2112 519 2145 in
542 2112 753 2157 quaerendis
775 2113 898 2151 rebus,
935 2118 967 2145 et
990 2112 1026 2144 in
1051 2113 1247 2144 communi-

264 2165 402 2197 catione
419 2176 491 2197 non
515 2170 597 2197 sunt
618 2163 767 2203 similes,
800 2163 847 2195 ibi
871 2163 1029 2196 dominia
1055 2175 1173 2196 rernm
1197 2163 1247 2195 di-

263 2216 471 2260 stinguenda
490 2228 581 2255 esse,
610 2221 643 2247 et
660 2227 714 2248 res
730 2214 899 2261 ,legitimis
924 2214 1161 2247 contractibus
1182 2227 1246 2258 pro

260 1293 408 1326 similem
434 1305 574 1326 causam
600 1305 741 1326 eversae
767 1299 859 1326 sunt.

299 2343 344 2374 75)
366 2345 422 2367 Hoc
440 2343 567 2366 dilnvium
587 2342 740 2371 appellatur
753 2340 903 2370 ogygiam,
925 2340 993 2369 qnod
1009 2342 1130 2368 tempore
1146 2340 1247 2369 Ogygi,

337 2379 379 2407 qni
399 2378 470 2401 circa
488 2383 512 2401 a.
527 2377 594 2400 ‘2000
608 2383 631 2400 a.
646 2377 708 2399 Chr.
727 2376 841 2398 Atticam
861 2377 887 2397 et
904 2375 1038 2397 Boeotiam
1059 2380 1192 2403 regnasse
1206 2375 1247 2396 ‹li-

336 2414 415 2440 citur,
435 2411 538 2435 accidit.
561 2411 678 2434 Atticam
698 2410 757 2439 post
778 2410 825 2432 hoc
846 2409 974 2431 diluvium
992 2409 1037 2431 159
1051 2415 1137 2431 annos
1151 2411 1247 2431 vasta-

337 2448 389 2469 tam
410 2446 560 2471 mansisse,
588 2447 613 2468 et
632 2444 778 2473 Cecropem
797 2450 893 2466 novam
917 2449 1009 2471 regum
1030 2443 1181 2466 Atticorum
1200 2450 1247 2466 se-

339 2481 404 2503 riem
419 2480 571 2503 condidisse
589 2481 733 2502 narratur.
753 2479 805 2502 vid.
823 2477 943 2507 Sym-cll.
965 2484 987 2505 p.
1003 2477 1044 2499 70.

299 2522 346 2552 76)
367 2523 407 2549 etl
431 2522 469 2544 sic
489 2521 568 2544 Editt.
593 2521 683 2548 1546„
712 2520 802 2550 1550.,
829 2520 917 2549 1554,
951 2519 1023 2542 1557.
1043 2519 1069 2541 et
1090 2518 1181 2543 ¹560.:
1222 2519 1246 2541 in

335 2556 406 2579 Edit..
427 2556 499 2578 1545.
520 2556 604 2578 deest.

300 2598 346 2628 77)
367 2597 498 2626 sybaris.
516 2596 643 2624 opulenta
660 2595 797 2618 Lucaniae
822 2596 901 2618 oron.
935 2595 1007 2618 circa
1032 2600 1056 2618 a*
1072 2594 1130 2617 510.
1145 2600 1168 2617 a.
1185 2595 1247 2619 Chr.

334 2638 350 2655 a
369 2631 535 2655 crotoniatis
554 2630 643 2652 diruta
661 2631 721 2654 est:
748 2630 837 2652 strab.
851 2630 895 2652 Vl.
915 2630 939 2659 ς,
960 2630 997 2652 13.
1016 2636 1040 2658 p.
1054 2629 1113 2652 263.
1133 2629 1173 2652 ed.
1193 2629 1247 2652 Ca-

330 2667 422 2696 sanb.,
441 2672 465 2694 1).
483 2666 541 2687 ⁴04.
561 2664 600 2686 ed.
619 2664 803 2686 Alineloveen.

299 2709 346 2735 78]
366 2708 476 2734 timere]
496 2707 535 2729 sic
554 2706 636 2729 Editt.
663 2705 752 2736 15⁴5„
778 2706 869 2736 1546„
896 2706 970 2728 1550.
990 2707 1016 2729 ct
1038 2706 1127 2736 1554.;

333 2742 406 2766 1557.
426 2743 453 2765 et
475 2740 549 2764 1560.
569 2742 595 2763 et
614 2739 718 2762 timore.

1165 2705 1246 2729 Editt.

541 134 741 169 SCRIPTA
764 136 838 170 PII.
863 135 973 170 MEL.
1001 135 1066 168 AD
1087 128 1298 169 'ETHICEN
1327 135 1390 169 ET
1417 135 1671 172 POLITICEN
1699 137 2006 173 SPECTANTIA.

2205 142 2282 177 388

1298 223 1401 255 rebus
1427 235 1487 256 seu
1519 223 1632 267 pretio
1662 225 1802 270 aequali
1835 224 2160 259 communicandas.
2227 227 2283 260 Sic

1301 271 1501 317 philosophi
1526 273 1615 307 hauc
1641 276 1804 309 notitiam
1832 288 1871 308 ex
1895 275 2006 309 causis
2032 277 2224 321 quaerendi
2250 285 2284 312 et

1300 325 1586 358 communiezmdi
1610 333 1807 370 sumptam,
1843 333 1972 359 vocant
1997 328 2108 370 legem
2126 334 2286 368 naturae,

1300 375 1362 408 etsi
1389 375 1446 407 alii
1472 373 1562 408 hanc.
1589 384 1723 420 partem
1748 385 1877 411 vocant
1902 379 1954 411 ins
1978 378 2155 420 gentium,
2190 380 2286 424 qnod

1300 424 1502 470 philosophi
1520 439 1591 459 non
1610 428 1813 462 discernunt
1830 442 1846 461 a
1867 429 1941 461 inre
1958 436 2119 462 naturae.

1401 477 1459 510 L'si
1481 479 1573 510 enim
1593 480 1790 513 communis
1807 481 1953 520 notitia,
1980 481 2022 513 de
2038 493 2106 525 qua
2125 479 2285 512 omnium

1301 529 1457 569 gentium
1481 529 1557 562 sani
1581 527 1742 564 homines
1766 531 2000 565 consentiunt.
2070 532 2174 575 Quod
2202 543 2286 563 vero

1302 579 1441 619 dicunt,
1484 580 1559 613 iure
1586 587 1733 613 naturae
1757 594 1810 615 res
1835 594 1907 614 esse
1934 594 2159 622 communes,
2199 582 2288 614 ordo

1302 631 1509 663 notitiarum
1535 632 1811 666 consideramlus
1842 638 1902 666 est.
1969 632 2168 678 Utrumque
2193 633 2288 666 videt

1302 694 1418 721 mens,
1447 682 1482 714 in
1498 689 1623 715 natura
1643 683 1846 728 incorrupta
1858 683 1904 728 τ9)
1928 695 1982 716 res
2008 695 2109 726 posse
2131 695 2288 716 commu-

1302 745 1362 765 nes
1381 746 1464 767 esse.
1518 734 1587 766 Ubi
1605 747 1688 767 vero
1708 747 1831 768 causae
1856 735 2049 779 quaerendi
2071 741 2105 767 et
2130 746 2288 767 commu-

1302 784 1443 816 nicandi
1460 797 1531 817 nou
1547 791 1626 818 sunt
1646 786 1796 826 similes,
1833 791 1871 817 ut
1893 785 1929 817 in
1955 783 2019 818 hac
2040 791 2188 818 naturae
2213 796 2288 818 cor-

1302 835 1494 879 ruptione,
1544 836 1591 868 ibi
1626 850 1724 870 mens
1758 837 1880 869 relicto
1918 836 2037 880 priore
2072 836 2288 881 syllogismo,

1303 887 1527 930 amplectitur
1551 888 1700 920 alterum
1724 894 1976 931 congruentem
2000 888 2043 919 ad
2068 893 2289 931 praesentem

1302 944 1450 970 naturae.
1470 938 1765 979 imbecillitatem,
1794 940 1821 973 is
1841 938 1948 981 igitur
1965 951 2059 971 nnnc
2077 944 2127 971 cst
2149 938 2205 971 lex
2227 949 2290 971 na-

1302 995 1413 1022 turae.

1405 1040 1507 1072 Sexta
1531 1041 1603 1073 lex:
1645 1040 1824 1074 Divinitus
1850 1039 1951 1072 insita
1978 1046 2029 1073 est
2052 1039 2193 1072 cuilibet
2214 1039 2290 1072 ani-

1302 1091 1413 1122 manti
1432 1092 1601 1134 appetitio
1620 1090 1900 1124 conservationis
1915 1090 1966 1123 sni
1980 1117 1988 1130 ,
2016 1102 2079 1123 nec
2096 1091 2210 1124 solum
2236 1091 2288 1123 in-

1302 1141 1457 1180 ‹lixidui,
1493 1143 1552 1174 sed
1574 1142 1686 1174 multo
1713 1142 1823 1184 magis
1847 1141 1995 1185 speciei,
2031 1141 2111 1174 ideo
2139 1142 2232 1174 enim
2256 1147 2290 1174 et

1302 1192 1432 1224 bestiae
1460 1193 1610 1235 ‹liligunt
1633 1194 1811 1233 sobolem,
1845 1199 1879 1226 et
1902 1205 1966 1236 pro
1992 1203 2030 1224 ea
2058 1192 2229 1224 dimicant
2250 1204 2290 1225 ac

1304 1243 1532 1289 oppetuntw)
1559 1251 1731 1284 mortem,
1766 1246 1824 1278 sed
1852 1256 1956 1287 snpra
1982 1243 2078 1275 illam
2101 1242 2289 1287 appetitio-

1303 1306 1405 1333 nem,
1433 1292 1570 1327 homini
1595 1295 1704 1328 indita
1723 1302 1773 1328 est
1797 1295 1942 1334 notitia,
1977 1294 2147 1327 ordinans
2173 1293 2287 1326 officia

1303 1345 1516 1379 defensionis
1534 1352 1566 1378 et
1584 1359 1731 1390 poenae.
1789 1345 1866 1380 Etsi
1890 1345 1995 1387 igitur
2021 1345 2059 1377 in
2082 1351 2209 1378 natura
2235 1344 2289 1377 in-

1304 1403 1398 1439 tegra
1412 1423 1420 1435 ‚
1448 1409 1510 1429 nec
1529 1410 1687 1441 pugnae,
1715 1410 1778 1430 nec
1796 1397 1987 1441 supplicia,
2014 1408 2077 1428 nec
2097 1396 2187 1429 bella
2206 1395 2290 1429 suis-

1303 1454 1396 1487 sent,
1424 1454 1543 1480 tamen
1558 1461 1669 1488 nunc,
1696 1461 1775 1482 cum
1800 1448 1903 1481 multi
1927 1448 2072 1481 turbant
2085 1447 2289 1481 societatem

1303 1496 1515 1538 humanam,
1544 1512 1680 1533 necesse
1697 1507 1747 1533 est
1769 1500 1921 1543 speciem
1943 1498 2163 1538 conservari,
2192 1498 2288 1543 quod

1303 1550 1341 1582 fit
1357 1550 1411 1582 vel
1427 1551 1631 1583 defensioue
1648 1551 1762 1584 subita
1773 1551 1836 1595 ⁸¹),
1865 1551 1920 1583 vel
1935 1556 2055 1594 postea
2077 1549 2180 1582 certis
2203 1560 2288 1593 poe-

1302 1601 1375 1641 nis,
1416 1608 1449 1633 et
1477 1608 1664 1646 utramque
1692 1615 1766 1635 rem
1793 1602 1935 1634 ordinat
1957 1601 2065 1641 ratio,
2106 1599 2289 1634 constituit

1303 1658 1411 1684 metas
1429 1652 1661 1692 defensionis,
1688 1660 1716 1685 et
1737 1653 1838 1686 certis
1856 1652 2017 1696 personis
2036 1651 2287 1692 cognitionem,

1303 1709 1336 1735 et
1367 1703 1520 1735 officium
1546 1704 1717 1747 puniendi
1737 1704 1901 1743 mandat,
1938 1715 1976 1735 ac
2006 1702 2169 1745 intelligit
2193 1701 2285 1734 ratio

1302 1761 1371 1786 tres
1403 1766 1474 1787 esse
1501 1767 1697 1797 poenarum
1724 1767 1863 1793 causas,
1907 1766 2056 1798 (piarum
2085 1753 2198 1796 prima
2225 1758 2288 1793 est,

1302 1805 1430 1838 iustitia
1449 1805 1532 1844 Dei,
1561 1805 1622 1850 qui
1644 1817 1725 1837 vere
1751 1805 1913 1839 irascitur
1936 1805 2105 1848 peccatis,
2138 1810 2172 1837 et.
2195 1803 2286 1836 iram

1301 1869 1401 1889 suam
1418 1856 1574 1899 conspici
1593 1857 1668 1888 vult
1692 1856 1729 1888 in
1750 1856 1873 1900 poenis
1895 1855 2150 1900 praesentibus.
2205 1854 2287 1888 Cer-

1303 1914 1375 1939 tum
1403 1914 1451 1940 est
1477 1907 1570 1939 enim
1595 1907 1823 1951 regulariter,
1860 1907 1978 1939 omnia
2004 1906 2136 1939 atrocia
2160 1905 2286 1939 delicta

1301 1958 1419 2002 puniri
1439 1959 1680 2002 praesentibus
1702 1959 1843 2002 poenis,
1870 1958 1942 1991 sive
1964 1970 2027 2002 per
2049 1957 2286 2001 magistratus,

1300 2009 1372 2042 sive
1403 2010 1660 2042 calamitatibus
1686 2009 1906 2049 domesticis,
1950 2010 2076 2054 quibus
2100 2008 2196 2042 Deus
2225 2020 2286 2052 op-

1302 2061 1423 2105 primit
1441 2068 1569 2094 sontes.
1624 2060 1714 2093 Hinc
1731 2067 1803 2093 tota
1822 2061 1890 2093 vita
1911 2058 2097 2094 hominum
2114 2060 2217 2104 plena
2235 2065 2286 2092 est

1301 2112 1497 2156 ingentium
1530 2112 1790 2152 calamitatum,
1832 2112 1913 2157 quia
1945 2111 2040 2145 Deus
2068 2110 2222 2145 ostendit.
2247 2122 2283 2143 se

1301 2176 1381 2196 vere
1398 2163 1499 2196 irasci
1519 2163 1680 2207 peccatis.
1741 2163 1834 2195 Haec
1858 2164 2021 2196 voluntas
2038 2162 2104 2195 Dei
2128 2161 2283 2194 cernitur

1301 2215 1336 2247 in
1367 2214 1601 2258 experientia,
1645 2227 1723 2247 cum
1756 2214 1792 2247 in
1824 2215 2005 2247 eversione
2037 2213 2282 2257 imperiorum,

1301 2272 1374 2298 tum
1401 2266 1434 2298 in
1462 2266 1608 2310 privatis
1631 2265 1852 2309 singulorum
1874 2264 2147 2302 calamitatibus,
2175 2270 2208 2297 et
2224 2265 2283 2296 de·

1301 2318 1428 2349 clar-xta
1451 2323 1499 2349 cst
1520 2317 1620 2348 initio
1647 2330 1730 2349 voce
1756 2317 1873 2349 divina
1897 2316 2040 2361 (Genes.
2057 2315 2091 2355 9,
2108 2315 2175 2361 6.);
2211 2315 2283 2360 Qui

1298 2369 1429 2401 fuderit
1447 2366 1641 2401 humanum
1661 2368 1865 2411 sangninem
1878 2393 1887 2406 ,
1922 2379 1984 2410 per
2004 2364 2187 2399 hominem
2204 2368 2283 2400 fun-

1301 2420 1402 2452 detur
1420 2419 1560 2463 sanguis
1579 2419 1697 2463 ipsius.
1747 2417 1833 2451 Item
1851 2416 1993 2464 (Mattb.
2009 2418 2070 2457 26,
2087 2416 2182 2464 52.);
2212 2418 2282 2464 Qui

1334 2537 1380 2564 79)
1403 2537 1426 2560 in
1447 2540 1543 2560 natura
1562 2537 1734 2566 incorrupta]
1761 2536 1801 2560 sic
1820 2537 1901 2559 Editt.
1925 2537 2014 2562 1550..
2041 2538 2130 2568 1554„
2157 2539 2229 2563 1557.
2254 2542 2281 2564 et

1370 2572 1463 2600 1560.;
1488 2573 1570 2596 Editt.
1588 2573 1659 2595 1545.
1680 2574 1706 2594 et
1728 2571 1800 2594 1516.
1820 2572 1937 2594 naturali
1957 2572 2062 2596 iudicio.

1333 2621 1379 2651 80)
1401 2623 1543 2651 oppetunt]
1563 2622 1602 2644 sie
1615 2621 1696 2645 Editt.
1716 2621 1805 2650 1535„
1828 2621 1917 2651 isia,
1941 2621 2024 2651 1550„
2046 2622 2120 2646 155⁴.
2140 2624 2168 2646 et
2188 2623 2279 2655 1557.;

1368 2657 1437 2680 Edit.
1460 2657 1530 2680 1560.
1551 2658 1687 2685 appetunt.

1332 2708 1380 2733 81)
1400 2708 1503 2734 subita]
1528 2707 1567 2729 sic
1591 2706 1673 2729 Editt.
1698 2707 1787 2737 1545„
1820 2707 1894 2730 15⁴6.
1914 2708 1940 2730 et
1961 2706 2052 2736 155o.;
2088 2706 2170 2731 Editt.
2193 2707 2278 2740 1554„

1370 2741 1443 2765 1557.
1465 2744 1490 2764 ct
1512 2741 1584 2765 1560.
1603 2741 1718 2764 subdita.
