2347 3000
51 115 123 150 449

150 199 451 244 Respondendum
483 204 534 232 est
564 199 609 231 ad
635 199 832 239 minorem,
871 212 960 245 quae
984 207 1033 234 est

46 250 256 294 simpliciter
281 253 378 284 salsa.
446 249 673 293 Magistratus
695 250 789 283 enim
815 251 973 284 iudicans
994 264 1034 284 ex

47 301 220 335 Romanis
236 302 387 345 legibus,
414 306 531 344 potest
554 298 683 334 habere
700 302 825 341 fidem,
859 314 899 334 ac
921 308 1034 335 certus

48 364 120 385 esse
150 353 246 397 quod
276 351 448 384 sententia
474 350 550 384 Deo
576 352 724 395 placeat.
794 352 910 385 Habet
938 352 1031 386 enim

48 403 193 436 verbum
220 401 338 447 Deiffi)
363 401 469 436 Rom.
490 402 548 441 13,
575 402 611 447 (1
630 403 724 448 sqq.)
758 410 791 436 et
814 404 918 442 alibi,
961 415 1031 448 quo

48 452 142 486 Deus
165 453 340 497 approbat
364 453 610 497 magistratum
636 460 669 486 et
693 455 810 487 civiles
838 453 1032 487 ordinatio-

47 515 119 536 nes.
172 503 248 536 Hoc
264 504 426 547 generale
447 504 688 537 testimonium
707 506 789 538 satis
812 512 862 538 est
884 505 928 537 ad
951 516 1032 536 con-

45 554 255 587 firmandam
273 555 537 595 conscientiam,
558 555 647 588 sicut
664 555 700 587 in
716 568 842 599 genere
858 555 1030 598 scriptura

45 603 173 647 probat
190 604 236 650 ⁸²)
271 606 339 639 alia
372 612 514 639 externa
548 606 706 649 corporis
743 606 875 645 officia,
917 606 1032 644 edere,

45 665 167 694 arare,
194 656 388 690 aedificare.
447 657 492 689 Et
515 669 592 689 cum
611 655 677 688 liae
697 668 751 690 res
768 656 837 689 sint
856 656 1031 689 subiectae

45 704 197 746 rationi,
224 706 313 740 nihil
333 719 420 751 opus
438 714 488 740 cst
506 707 541 739 in
564 707 737 750 scriptura
760 707 915 750 singulas
940 713 1032 739 artes

46 756 197 790 tradere.
249 758 430 802 Scriptura
448 758 580 790 revelat
594 757 696 790 nobis
719 758 935 790 voluntatem
954 757 1032 796 Dei,

44 818 118 839 non
141 805 208 840 hoc
233 809 322 852 agit,
366 815 404 841 ut
432 806 763 847 architectonicam,
806 808 1032 847 medicinam,

46 864 107 890 aut
123 858 252 892 similes
269 866 361 892 artes
380 860 522 899 doceat,
552 871 640 904 quae
660 859 798 892 ratione
815 857 1031 903 deprehendi

46 915 203 950 possunt.

45 991 289 1026 Dominari
325 1001 476 1039 potest
516 996 827 1041 magistratus,

348 1045 415 1079 vis
451 1046 509 1079 sit
545 1047 721 1092 impius.

879 1006 1032 1041 (sualu-

154 1112 264 1145 Miras
300 1113 499 1157 tragoedias
535 1114 699 1147 excitavit
733 1113 862 1147 alicubi
898 1112 1034 1148 Wielc-

49 1162 102 1195 fus
112 1160 178 1208 83),
207 1163 267 1208 qui
283 1165 465 1197 contendit
481 1177 559 1205 eos,
598 1165 658 1210 qui
681 1177 755 1198 non
777 1163 909 1198 habent
925 1163 1034 1207 Spiri-

48 1219 122 1246 tum
147 1220 327 1253 sanctum,
363 1215 526 1248 amittere
550 1216 762 1249 dominium.
827 1215 873 1248 Et
896 1213 1035 1257 collegit

44 1264 175 1297 multas
193 1263 400 1308 sophisticas
418 1266 572 1299 rationes
590 1268 633 1299 ad
660 1267 942 1299 confirmandum
968 1262 1034 1297 lioc

47 1316 187 1358 dogma.
248 1315 320 1349 Nos
338 1317 539 1350 testimonia
559 1318 732 1362 quaedam
751 1316 977 1349 recitabimus
994 1327 1034 1347 ex

47 1366 249 1408 scripturis,
277 1379 366 1411 quae
388 1369 596 1407 ostendunt,
625 1369 720 1412 quod
745 1367 892 1410 imperia
917 1372 1033 1397 tenere

49 1416 185 1459 possint
237 1417 343 1449 etiam
385 1418 496 1462 impii.
576 1416 735 1452 Christus
778 1417 872 1449 euim
919 1416 1035 1461 inquit

48 1465 192 1511 (Manli.
211 1470 272 1506 22,
297 1468 393 1512 21.):
443 1469 533 1509 Date
559 1469 719 1509 Caesari,
759 1480 849 1513 quae
876 1466 1034 1500 Caesaris

47 1525 139 1551 sunt.
194 1518 339 1552 Constat
363 1526 479 1552 autem
506 1526 587 1552 tunc
609 1520 712 1553 fuisse
737 1519 885 1563 impium
909 1518 1034 1552 Cacsa-

48 1580 134 1601 rem.
204 1568 250 1601 lit
274 1570 406 1603 Paulus
438 1577 540 1603 vocat
569 1571 814 1614 magistratum
840 1569 906 1602 Dei
930 1568 1034 1600 mini-

47 1625 179 1658 strum,
206 1626 239 1651 et
256 1620 431 1653 scribebat
454 1619 521 1653 hoc
547 1622 591 1653 ad
607 1621 791 1653 Romanos
818 1620 895 1665 (13,
919 1619 951 1652 4.
971 1618 1034 1663 6.),

48 1669 109 1702 ubi
147 1669 278 1703 sciebat
319 1671 447 1715 impios
484 1672 708 1715 magistratus
747 1682 831 1704 esse.
908 1670 1035 1702 Petrus

48 1721 99 1765 (1.
118 1721 217 1764 epist.
234 1723 270 1761 2,
289 1722 345 1755 13.
367 1722 442 1767 18.)
463 1722 557 1754 iubet
574 1723 680 1755 etiam
697 1721 828 1766 iniquis
850 1720 1035 1763 magistra-

47 1771 140 1804 tibus
160 1773 314 1805 obedire.
369 1770 528 1806 Christus
553 1773 669 1818 inquit
694 1770 838 1818 (Mattli.
854 1773 915 1810 20,
936 1769 1034 1815 25.):

49 1822 160 1866 Reges
178 1824 334 1866 gentium
352 1824 602 1864 dominantur,
626 1824 687 1857 ubi
703 1829 822 1868 aperte
841 1822 964 1855 tribuit
982 1833 1035 1854 rc-

49 1873 165 1916 gibus,
204 1875 324 1918 quales
349 1881 431 1907 tunc
457 1882 576 1914 crant,
615 1874 869 1907 dominationis
894 1873 1034 1906 titulum

50 1936 89 1956 ac
107 1924 258 1958 laudem.
318 1925 362 1958 Et
382 1925 510 1958 Daniel
528 1928 579 1971 (2,
598 1925 674 1971 37.)
692 1926 784 1957 clare
803 1925 888 1957 dicit
903 1925 947 1956 ad
966 1924 1036 1957 Na-

50 1975 281 2018 bugdonozor
305 1978 401 2021 quod
425 1976 520 2009 Deus
549 1977 685 2009 dederit
709 1976 740 2009 ei
764 1988 923 2019 regnum.
991 1973 1037 2006 Et

19 2044 23 2048 κ
50 2026 211 2059 Psalmus
236 2027 313 2072 (82,
336 2027 386 2071 6.)
413 2027 489 2060 illos
512 2028 737 2071 magistratus
760 2027 914 2071 appellat
931 2025 1037 2064 Deos,

52 2088 140 2122 quos
166 2077 330 2121 obiurgat
354 2085 387 2110 et
412 2078 654 2123 multipliciter
678 2084 828 2111 accusat.
890 2077 1037 2109 Talibus

51 2128 234 2161 sententiis
267 2129 510 2161 confirmanda
539 2135 620 2162 sunt
641 2135 784 2173 pectora
810 2128 953 2172 piorum
978 2128 1038 2159 ad-

52 2191 172 2212 versus
190 2179 358 2213 fanaticas
377 2180 581 2224 opiniones,
608 2186 647 2212 ut
664 2179 770 2212 etiam
793 2179 905 2212 malos
929 2178 1039 2222 magi-

53 2236 180 2263 stratus
203 2231 354 2264 tolerent
377 2237 410 2264 et
432 2237 663 2270 venerentur,
701 2242 775 2263 non
798 2236 944 2274 propter
968 2229 1039 2273 pri-

53 2287 152 2314 vatos
175 2294 292 2315 mores
314 2282 606 2325 magistratuum,
645 2281 705 2314 sed
729 2287 876 2325 propter
899 2280 1040 2313 ordina-

54 2330 188 2364 tionem
204 2332 281 2366 Dei.
334 2332 484 2366 Functio
494 2332 541 2378 ⁸4)
565 2332 661 2377 ipsa,
694 2338 728 2365 et
750 2332 958 2365 mandatum
974 2330 1041 2364 Dei

57 2382 272 2416 considerari
285 2389 319 2416 et
335 2384 402 2417 coli
418 2384 539 2423 debet,
568 2383 706 2417 etiamsi
725 2382 811 2428 quid
835 2383 871 2415 in
895 2381 1042 2426 privatis

57 2433 215 2467 moribus
232 2434 309 2468 vitii
327 2441 388 2469 est.

95 2543 142 2575 81)
162 2544 225 2572 Dei]
242 2544 280 2567 sic
298 2544 369 2568 Edit.
389 2543 478 2573 1530.;
498 2543 523 2566 in
542 2543 627 2567 Editt.
643 2543 717 2567 1535.
738 2544 765 2566 et
783 2541 865 2566 Rasin.
884 2541 969 2565 deest.

94 2585 141 2617 52)
162 2587 272 2616 probat]
292 2586 330 2609 sic
347 2587 431 2610 Editt.
448 2586 520 2610 1530.
540 2588 567 2610 et
584 2586 687 2617 Basi1.;
714 2585 784 2610 Edit.
803 2584 876 2608 1535.
896 2585 999 2614 probet.

95 2628 142 2658 83)
163 2628 224 2650 Viti.
244 2635 267 2656 p.
282 2627 340 2652 259.
361 2629 425 2651 nota
442 2628 480 2651 11.

95 2671 141 2701 84)
162 2670 360 2694 ordinationem
387 2670 446 2694 Dei.
483 2670 613 2698 Functio]
637 2670 678 2693 sic
702 2668 877 2694 Editt.15³5.
904 2669 930 2692 et
949 2667 1047 2698 Basil.;

132 2705 204 2728 Edit.
221 2704 297 2729 1530.
315 2703 520 2728 ordinationem.
557 2704 606 2727 Dei
625 2704 750 2728 Functio.

71 2749 252 2779 MELANTH.
277 2747 382 2777 Opim.
407 2747 490 2777 Vm..
514 2747 605 2777 XVI.

277 113 335 150 IV.
389 112 729 149 COMMENTARII
762 112 809 148 IN
845 113 1031 149 LIBRUM
1059 114 1114 151 ΙΙΙ.
1148 116 1481 152 POLITICORUM
1517 118 1842 160 ARISTOTELIS.

1998 130 2071 164 450

1190 203 1236 237 Et
1255 201 1474 238 Christianos
1492 202 1558 237 lioc
1574 207 1775 241 meminisse
1793 217 1951 253 oportet,
1973 218 2067 258 quod

1088 260 1234 297 propter
1249 255 1371 298 populi
1389 262 1528 298 peccata
1545 255 1640 291 Deus
1656 258 1823 293 immittat
1839 262 1941 295 nobis
1957 265 2070 298 malos

1088 310 1120 336 et
1141 306 1357 347 perniciosos
1374 307 1611 347 magistratus.
1659 308 1787 342 Nostra
1807 311 1913 354 igitur
1928 322 2068 356 peccata

1086 366 1307 396 accusemus,
1334 369 1408 389 non
1426 357 1669 399 magistratus,
1696 359 1725 393 si
1746 361 1829 405 quid
1851 362 2069 398 incommodi

1086 411 1136 437 est
1158 405 1194 437 in
1219 406 1380 451 imperio.
1433 406 1555 453 ltaque
1579 411 1675 454 quod
1696 410 1739 444 ab
1764 411 1933 456 Euripide
1949 414 1994 461 85)
2020 416 2070 448 di-

1086 461 1178 488 ctum
1196 462 1259 496 est,

1170 512 1224 549 τὰς
1247 514 1307 544 τῶν
1330 514 1528 554 κρατούντων
1551 514 1695 556 ἀμαθίας
1717 518 1825 559 φέρειν
1845 521 1964 561 χρεών·

1086 563 1121 595 in
1143 564 1267 608 primis
1292 565 1392 598 decet
1413 573 1592 609 praestare
1612 567 1850 612 Christianos,
1880 574 1941 618 qui
1956 575 2071 608 sciunt

1085 614 1234 659 imperia
1258 614 1325 647 Dei
1351 617 1612 651 ordinationem
1639 632 1730 660 esse,
1765 628 1797 654 et
1831 621 1962 658 liabent
1993 638 2071 670 gra-

1086 665 1226 699 x‘issima
1243 672 1449 710 praecepta,
1478 680 1521 700 ne
1537 666 1627 702 hanc
1646 671 1907 707 ordinationem
1932 683 2070 720 pertur-

1084 717 1189 755 bent,
1216 718 1276 750 sed
1296 724 1335 749 ut
1353 729 1427 749 eam
1444 718 1605 762 religiose
1626 722 1857 763 venerentur,
1886 732 1919 758 et
1935 739 2071 760 summa

1086 768 1267 800 voluntate
1286 775 1446 811 pareant.

1187 817 1319 851 Verum
1355 821 1408 851 ad‘
1435 822 1626 853 exercenda
1667 821 1806 863 ingenia
1847 826 2072 862 recitabimus

1087 869 1261 914 quaedam
1281 876 1487 912 argumenta
1507 870 1648 905 XYiclefi
1659 864 1806 917 ⁸⁶)*sane
1823 876 1962 918 spinosa
1982 892 2072 923 quae

1087 921 1278 953 ostendunt
1305 927 1466 954 autorem
1494 922 1701 967 neutiquam
1729 925 1880 969 simplici
1903 934 1963 960 aut
1985 941 2071 962 sano

1087 971 1229 1015 ingenio
1246 971 1362 1005 fuisse.
1416 972 1471 1004 Sic
1490 972 1740 1007 ratiocinatur:

1188 1022 1399 1055 Dominium
1417 1022 1516 1056 cixilo
1532 1024 1718 1057 fundatum
1738 1033 1788 1060 est
1806 1027 1840 1059 in
1856 1030 2022 1064 naturali.

1189 1073 1358 1107 Naturale
1380 1074 1578 1107 dominium
1597 1081 1646 1108 est
1665 1088 1736 1109 esse
1755 1077 1896 1112 iustum.

1189 1123 1283 1167 Ergo
1305 1123 1406 1156 civile
1423 1125 1621 1158 dominium
1638 1133 1688 1160 cst
1705 1139 1776 1161 esse
1794 1128 1937 1163 iustum.

1088 1173 1266 1207 Minorem
1295 1175 1441 1218 probat,
1478 1177 1559 1221 qnia
1577 1177 1690 1210 Adam
1716 1180 1849 1223 accepit
1874 1180 2072 1214 dominium

1088 1225 1123 1256 in
1141 1225 1312 1258 Paradiso
1330 1238 1407 1258 cum
1431 1227 1595 1270 originali
1614 1227 1757 1262 iustitia.

1190 1275 1491 1320 Respondendum
1517 1284 1585 1317 est,
1629 1279 1804 1312 minorem
1839 1292 1910 1313 esse
1937 1281 2074 1323 falsam,

1088 1325 1168 1370 quia
1188 1327 1349 1359 naturale
1369 1328 1566 1360 dominium
1586 1340 1657 1361 non
1676 1336 1725 1362 est
1744 1342 1815 1363 esse
1834 1331 1983 1371 iustum,
2010 1345 2075 1365 nec

1088 1382 1229 1419 oportet
1259 1377 1446 1416 iustitiam,
1483 1379 1690 1421 praesertim
1721 1381 1898 1423 privatam
1929 1383 2075 1416 coniun-

1088 1433 1179 1459 ctam
1213 1439 1285 1460 esse
1314 1439 1392 1460 cum
1420 1429 1677 1463 dominatione.
1739 1430 1955 1476 Quanquam
1980 1434 2074 1467 enim

1087 1478 1200 1510 Adam
1221 1490 1298 1510 cum
1319 1479 1452 1521 accepit
1470 1479 1682 1519 dominium,
1711 1480 1820 1514 iustus
1841 1489 1927 1523 erat,
1955 1490 2075 1517 tamen

1088 1529 1215 1561 amissa
1228 1529 1272 1574 ⁸⁷)
1291 1529 1455 1573 originali
1477 1529 1629 1569 iustitia,
1659 1544 1736 1564 cum
1765 1544 1837 1565 non
1864 1541 2076 1576 moreretur,

1087 1591 1160 1611 non
1179 1579 1296 1612 amisit
1314 1580 1511 1613 dominium
1524 1607 1532 1619 ,
1560 1581 1648 1614 sirut
1664 1594 1727 1615 nec
1747 1583 1921 1616 rationem
1946 1586 2075 1620 amisit.

1088 1628 1184 1663 Nihil
1204 1631 1296 1662 enim
1316 1637 1365 1664 est
1384 1631 1582 1664 dominium
1608 1633 1787 1673 naturale,
1816 1633 1883 1667 nisi
1907 1635 2075 1670 iudicium

1087 1680 1257 1720 rationis,
1281 1687 1437 1715 statuens
1459 1684 1640 1726 quomodo
1666 1691 1700 1716 et
1727 1697 1797 1729 quo
1824 1686 1948 1719 ordine
1972 1688 2076 1722 rebus

1088 1732 1309 1765 naturalibus
1337 1734 1522 1766 commode
1546 1734 1596 1766 uti
1625 1733 1799 1777 possimus
1817 1734 1876 1776 iad
1908 1740 2074 1772 tuendam

1089 1789 1210 1815 Vitam.

1191 1833 1226 1866 Si
1244 1833 1321 1878 quis
1340 1831 1430 1866 hanc
1445 1834 1657 1867 solutionem
1677 1836 1918 1878 cavillabitur,
1946 1840 2078 1882 poterit

1090 1884 1224 1927 opponi
1241 1884 1332 1916 ratio
1352 1885 1500 1918 firmior.
1545 1885 1754 1918 Dominium
1773 1887 1871 1920 civile
1889 1889 2075 1923 fundatum

1090 1946 1161 1967 esse
1187 1935 1223 1966 in
1246 1935 1470 1967 ordinatione
1495 1935 1578 1975 Dei,
1621 1937 1799 1970 ordinatio
1827 1938 1893 1971 Dei
1916 1940 2076 1974 instituta

1091 1992 1140 2018 est
1161 1986 1265 2018 etiam
1284 1992 1363 2029 post
1384 1993 1565 2029 peccatum
1584 1986 1693 2021 Adae.
1746 1987 1856 2032 Igitur
1880 1991 2078 2025 dominium

1091 2036 1191 2069 civile
1222 2042 1338 2080 potest
1369 2037 1571 2081 contingere
1600 2038 1714 2071 malis.
1782 2039 1928 2084 Semper
1961 2049 2078 2076 autem

1090 2088 1248 2121 firmiora
1266 2093 1366 2127 suut,
1394 2100 1483 2132 quae
1500 2095 1689 2121 sumuntur
1706 2101 1723 2120 a
1741 2089 1816 2123 iure
1835 2092 1956 2125 divino
1981 2100 2015 2126 et
2038 2106 2078 2126 ex

1091 2138 1292 2183 scripturis,
1321 2150 1427 2183 quam
1447 2151 1536 2184 quae
1554 2146 1744 2172 sumuntur
1763 2152 1779 2172 a
1800 2142 1949 2176 ratione.
1995 2142 2077 2177 Ideo

1092 2190 1255 2234 proximo
1301 2196 1511 2230 argumento
1555 2190 1654 2222 facile
1692 2197 1807 2234 potest
1842 2194 1951 2227 everti
1985 2195 2077 2228 ratio

1092 2240 1248 2275 XViclefl.
1312 2240 1433 2272 Minor
1458 2248 1573 2273 autem
1600 2248 1650 2273 est
1675 2242 1878 2282 manifesta,
1914 2246 2009 2289 quod
2036 2247 2080 2278 sit

1095 2290 1368 2330 ordin;.ti‹›Dei,
1395 2297 1433 2323 ut
1451 2292 1558 2336 aliqui
1581 2291 1772 2334 imperent,
1799 2299 1831 2325 et
1846 2294 1905 2326 alii
1921 2303 2080 2339 pareant.

1094 2343 1189 2375 Haec
1218 2342 1375 2374 instituta
1401 2348 1468 2381 est,
1512 2343 1565 2374 vel
1590 2342 1625 2373 in
1651 2339 1717 2375 hoc
1740 2351 1927 2388 praecepto
1951 2346 2079 2391 (Exod.

1095 2394 1156 2432 20,
1178 2392 1270 2435 12.):
1299 2391 1446 2424 Honora
1464 2398 1601 2435 patrem
1621 2398 1655 2425 et
1671 2399 1842 2434 matrem,
1877 2397 1931 2429 vel
1949 2397 1985 2430 in
2003 2410 2080 2431 ver-

1096 2444 1148 2477 bis
1172 2445 1216 2475 ad
1239 2443 1314 2477 Noe
1340 2442 1441 2475 dictis
1464 2443 1608 2488 (Genes.
1628 2443 1661 2482 9,
1680 2443 1749 2489 6.):
1790 2444 1827 2477 Si
1849 2447 1927 2491 quis
1952 2449 2081 2482 fuderit

1132 2550 1180 2578 85)
1199 2549 1292 2578 Eurip.
1313 2549 1412 2573 Phoen.
1431 2549 1491 2573 396.

1133 2592 1180 2620 86)
1199 2592 1326 2620 Wiciefi]
1345 2592 1427 2615 Editt.
1447 2591 1519 2616 1530.
1542 2593 1568 2614 et
1587 2591 1668 2616 nasa.
1689 2592 1834 2623 Vuiglephi
1862 2594 1968 2626 (eadem
1995 2597 2081 2621 nomi-

1168 2626 1210 2649 nis
1236 2626 1323 2649 forma
1349 2626 1374 2648 in
1399 2625 1521 2655 proxime
1547 2626 1770 2654 praecedentibus
1793 2629 1820 2651 et
1851 2631 2027 2659 sequentibus
2058 2632 2083 2654 in

1168 2660 1249 2684 Editt.
1268 2660 1346 2683 huius
1366 2659 1518 2683 Commeat.
1538 2659 1705 2691 reperitur),
1724 2661 1795 2685 Edit.
1810 2662 1884 2686 1535.
1907 2664 2037 2694 Vuitephi.

1137 2701 1184 2733 87)
1204 2702 1321 2731 amissa]
1342 2703 1380 2726 sic
1397 2701 1481 2773 Edzit9t.
1500 2701 1574 2726 1530.
1593 2704 1620 2725 et
1638 2702 1737 2734 Basn.;
1762 2703 1834 2727 Edit.
1850 2705 1924 2730 1535.
1942 2712 2033 2732 causa.
