<?xml version="1.0" encoding="UTF-8"?>
<!DOCTYPE html PUBLIC "-//W3C//DTD XHTML 1.0 Transitional//EN"
    "http://www.w3.org/TR/xhtml1/DTD/xhtml1-transitional.dtd">
<html xmlns="http://www.w3.org/1999/xhtml" xml:lang="en" lang="en">
 <head>
  <title>
</title>
<meta http-equiv="Content-Type" content="text/html;charset=utf-8" />
  <meta name='ocr-system' content='tesseract 3.04.00' />
  <meta name='ocr-capabilities' content='ocr_page ocr_carea ocr_par ocr_line ocrx_word'/>
</head>
<body>
  <div class='ocr_page' id='page_1' title='image "./operaquaesupersu16melauoft/operaquaesupersu16melauoft_0634.png"; bbox 0 0 2347 3000; ppageno 0'>
   <div class='ocr_carea' id='block_1_1' title="bbox 208 89 1203 220">
    <p class='ocr_par' dir='ltr' id='par_1_1' title="bbox 208 89 1203 220">
     <span class='ocr_line' id='line_1_1' title="bbox 208 89 305 126; baseline 0 -2"><span class='ocrx_word' id='word_1_1' title='bbox 208 89 305 126; x_wconf 77' lang='lat'><strong>1239</strong></span> 
     </span>
     <span class='ocr_line' id='line_1_2' title="bbox 317 171 1203 220; baseline -0.006 -11"><span class='ocrx_word' id='word_1_2' title='bbox 317 175 402 219; x_wconf 87' lang='lat' dir='ltr'>Cap.</span> <span class='ocrx_word' id='word_1_3' title='bbox 419 174 508 210; x_wconf 82' lang='lat' dir='ltr'>XIV.</span> <span class='ocrx_word' id='word_1_4' title='bbox 544 173 575 220; x_wconf 69' lang='lat'>§-</span> <span class='ocrx_word' id='word_1_5' title='bbox 592 174 653 209; x_wconf 84' lang='lat'>38.</span> <span class='ocrx_word' id='word_1_6' title='bbox 689 177 759 217; x_wconf 80' lang='lat' dir='ltr'>Quo</span> <span class='ocrx_word' id='word_1_7' title='bbox 783 175 931 220; x_wconf 72' lang='lat' dir='ltr'>quidem]</span> <span class='ocrx_word' id='word_1_8' title='bbox 962 172 1085 206; x_wconf 90' lang='lat' dir='ltr'>Cicero</span> <span class='ocrx_word' id='word_1_9' title='bbox 1109 171 1203 216; x_wconf 83' lang='lat' dir='ltr'>cogit</span> 
     </span>
    </p>
   </div>
   <div class='ocr_carea' id='block_1_2' title="bbox 215 223 1208 888">
    <p class='ocr_par' dir='ltr' id='par_1_2' title="bbox 215 223 1204 374">
     <span class='ocr_line' id='line_1_3' title="bbox 215 223 1204 272; baseline -0.001 -13"><span class='ocrx_word' id='word_1_10' title='bbox 215 226 315 272; x_wconf 83' lang='lat' dir='ltr'>quasi</span> <span class='ocrx_word' id='word_1_11' title='bbox 351 226 561 267; x_wconf 82' lang='lat' dir='ltr'>Caesarem,</span> <span class='ocrx_word' id='word_1_12' title='bbox 614 238 658 258; x_wconf 86' lang='lat' dir='ltr'>ne</span> <span class='ocrx_word' id='word_1_13' title='bbox 693 231 806 259; x_wconf 87' lang='lat' dir='ltr'>mutet</span> <span class='ocrx_word' id='word_1_14' title='bbox 843 236 944 258; x_wconf 87' lang='lat' dir='ltr'>suam</span> <span class='ocrx_word' id='word_1_15' title='bbox 979 223 1204 258; x_wconf 83' lang='lat' dir='ltr'>sententiam.</span> 
     </span>
     <span class='ocr_line' id='line_1_4' title="bbox 219 274 1204 322; baseline -0.004 -9"><span class='ocrx_word' id='word_1_16' title='bbox 219 280 428 320; x_wconf 79' lang='lat' dir='ltr'>Tarracone]</span> <span class='ocrx_word' id='word_1_17' title='bbox 456 278 512 311; x_wconf 81' lang='lat' dir='ltr'>Ab</span> <span class='ocrx_word' id='word_1_18' title='bbox 538 277 671 322; x_wconf 85' lang='lat' dir='ltr'>oppido</span> <span class='ocrx_word' id='word_1_19' title='bbox 687 276 824 310; x_wconf 87' lang='lat' dir='ltr'>Galliae</span> <span class='ocrx_word' id='word_1_20' title='bbox 848 274 1048 310; x_wconf 79' lang='lat' dir='ltr'>nominato,</span> <span class='ocrx_word' id='word_1_21' title='bbox 1122 276 1204 309; x_wconf 83' lang='lat' dir='ltr'>Ble-</span> 
     </span>
     <span class='ocr_line' id='line_1_5' title="bbox 215 329 644 374; baseline -0.002 -11"><span class='ocrx_word' id='word_1_22' title='bbox 215 331 337 374; x_wconf 72' lang='lat' dir='ltr'>samio]</span> <span class='ocrx_word' id='word_1_23' title='bbox 364 329 495 362; x_wconf 82' lang='lat' dir='ltr'>scilicet</span> <span class='ocrx_word' id='word_1_24' title='bbox 516 329 644 371; x_wconf 71' lang='lat' dir='ltr'>legato,</span> 
     </span>
    </p>

    <p class='ocr_par' dir='ltr' id='par_1_3' title="bbox 216 375 1208 888">
     <span class='ocr_line' id='line_1_6' title="bbox 319 375 1204 425; baseline -0.006 -11"><span class='ocrx_word' id='word_1_25' title='bbox 319 379 349 424; x_wconf 55' lang='grc' dir='ltr'>ᾗ.</span> <span class='ocrx_word' id='word_1_26' title='bbox 367 380 426 414; x_wconf 84' lang='lat'>39.</span> <span class='ocrx_word' id='word_1_27' title='bbox 461 380 592 413; x_wconf 84' lang='lat' dir='ltr'><em>Laboro</em></span> <span class='ocrx_word' id='word_1_28' title='bbox 612 379 778 425; x_wconf 77' lang='lat' dir='ltr'>equidem]</span> <span class='ocrx_word' id='word_1_29' title='bbox 812 376 1018 410; x_wconf 84' lang='lat' dir='ltr'>Translatio</span> <span class='ocrx_word' id='word_1_30' title='bbox 1044 375 1204 421; x_wconf 84' lang='lat' dir='ltr'>privatae</span> 
     </span>
     <span class='ocr_line' id='line_1_7' title="bbox 217 427 1206 475; baseline -0.006 -10"><span class='ocrx_word' id='word_1_31' title='bbox 217 442 342 465; x_wconf 88' lang='lat' dir='ltr'>causae</span> <span class='ocrx_word' id='word_1_32' title='bbox 362 431 396 464; x_wconf 87' lang='lat' dir='ltr'>in</span> <span class='ocrx_word' id='word_1_33' title='bbox 412 430 601 475; x_wconf 79' lang='lat' dir='ltr'>publicam.</span> <span class='ocrx_word' id='word_1_34' title='bbox 654 427 784 468; x_wconf 85' lang='grc' dir='ltr'><em>ἄλλως.</em></span> <span class='ocrx_word' id='word_1_35' title='bbox 835 427 1030 462; x_wconf 87' lang='lat' dir='ltr'>Transitio.</span> <span class='ocrx_word' id='word_1_36' title='bbox 1083 427 1206 472; x_wconf 88' lang='lat' dir='ltr'>Oppo-</span> 
     </span>
     <span class='ocr_line' id='line_1_8' title="bbox 216 479 1205 524; baseline -0.004 -8"><span class='ocrx_word' id='word_1_37' title='bbox 216 482 270 516; x_wconf 87' lang='lat' dir='ltr'>nit</span> <span class='ocrx_word' id='word_1_38' title='bbox 292 483 458 515; x_wconf 74' lang='lat' dir='ltr'>adversus</span> <span class='ocrx_word' id='word_1_39' title='bbox 484 481 559 515; x_wconf 89' lang='lat' dir='ltr'>illas</span> <span class='ocrx_word' id='word_1_40' title='bbox 584 492 706 514; x_wconf 87' lang='lat' dir='ltr'>omnes</span> <span class='ocrx_word' id='word_1_41' title='bbox 720 479 937 524; x_wconf 81' lang='lat' dir='ltr'>suspiciones</span> <span class='ocrx_word' id='word_1_42' title='bbox 956 485 1205 523; x_wconf 77' lang='lat' dir='ltr'>argumentum</span> 
     </span>
     <span class='ocr_line' id='line_1_9' title="bbox 219 529 1206 576; baseline -0.005 -9"><span class='ocrx_word' id='word_1_43' title='bbox 219 547 238 567; x_wconf 88' lang='lat' dir='ltr'>a</span> <span class='ocrx_word' id='word_1_44' title='bbox 256 533 451 567; x_wconf 84' lang='lat' dir='ltr'>constantia</span> <span class='ocrx_word' id='word_1_45' title='bbox 472 531 651 572; x_wconf 82' lang='lat' dir='ltr'>Caesaris,</span> <span class='ocrx_word' id='word_1_46' title='bbox 679 531 781 576; x_wconf 84' lang='lat' dir='ltr'>quasi</span> <span class='ocrx_word' id='word_1_47' title='bbox 799 531 909 564; x_wconf 85' lang='lat' dir='ltr'>dicat:</span> <span class='ocrx_word' id='word_1_48' title='bbox 938 530 1040 572; x_wconf 77' lang='lat' dir='ltr'>Vide,</span> <span class='ocrx_word' id='word_1_49' title='bbox 1064 530 1102 564; x_wconf 91' lang='lat' dir='ltr'>C.</span> <span class='ocrx_word' id='word_1_50' title='bbox 1119 529 1206 563; x_wconf 85' lang='lat' dir='ltr'>Cae-</span> 
     </span>
     <span class='ocr_line' id='line_1_10' title="bbox 218 581 1205 624; baseline -0.001 -6"><span class='ocrx_word' id='word_1_51' title='bbox 218 596 300 624; x_wconf 85' lang='lat' dir='ltr'>sar,</span> <span class='ocrx_word' id='word_1_52' title='bbox 351 590 390 618; x_wconf 87' lang='lat' dir='ltr'>ut</span> <span class='ocrx_word' id='word_1_53' title='bbox 423 583 633 617; x_wconf 83' lang='lat' dir='ltr'>beneficium</span> <span class='ocrx_word' id='word_1_54' title='bbox 668 590 768 617; x_wconf 87' lang='lat' dir='ltr'>tuum</span> <span class='ocrx_word' id='word_1_55' title='bbox 804 582 849 616; x_wconf 90' lang='lat' dir='ltr'>sit</span> <span class='ocrx_word' id='word_1_56' title='bbox 883 587 1012 617; x_wconf 82' lang='lat' dir='ltr'>ratum.</span> <span class='ocrx_word' id='word_1_57' title='bbox 1076 581 1205 620; x_wconf 80' lang='grc' dir='ltr'><em>ἄλλως.</em></span> 
     </span>
     <span class='ocr_line' id='line_1_11' title="bbox 219 633 1206 678; baseline -0.004 -9"><span class='ocrx_word' id='word_1_58' title='bbox 219 635 440 669; x_wconf 81' lang='lat' dir='ltr'>Translatio:</span> <span class='ocrx_word' id='word_1_59' title='bbox 469 634 506 669; x_wconf 90' lang='lat' dir='ltr'>Si</span> <span class='ocrx_word' id='word_1_60' title='bbox 528 634 585 668; x_wconf 85' lang='lat' dir='ltr'>isti</span> <span class='ocrx_word' id='word_1_61' title='bbox 602 646 676 668; x_wconf 89' lang='lat' dir='ltr'>non</span> <span class='ocrx_word' id='word_1_62' title='bbox 693 633 850 678; x_wconf 78' lang='lat' dir='ltr'>ignosces</span> <span class='ocrx_word' id='word_1_63' title='bbox 862 660 871 673; x_wconf 88' lang='lat'>,</span> <span class='ocrx_word' id='word_1_64' title='bbox 900 645 1022 667; x_wconf 85' lang='lat' dir='ltr'>omnes</span> <span class='ocrx_word' id='word_1_65' title='bbox 1039 633 1157 666; x_wconf 88' lang='lat' dir='ltr'>dicent</span> <span class='ocrx_word' id='word_1_66' title='bbox 1174 639 1206 665; x_wconf 90' lang='lat' dir='ltr'>te</span> 
     </span>
     <span class='ocr_line' id='line_1_12' title="bbox 220 684 1207 731; baseline -0.003 -12"><span class='ocrx_word' id='word_1_67' title='bbox 220 699 284 731; x_wconf 84' lang='lat' dir='ltr'>per</span> <span class='ocrx_word' id='word_1_68' title='bbox 307 686 571 720; x_wconf 75' lang='lat' dir='ltr'>simulationem</span> <span class='ocrx_word' id='word_1_69' title='bbox 596 698 662 720; x_wconf 91' lang='lat' dir='ltr'>nos</span> <span class='ocrx_word' id='word_1_70' title='bbox 688 685 725 718; x_wconf 90' lang='lat' dir='ltr'>in</span> <span class='ocrx_word' id='word_1_71' title='bbox 748 685 899 729; x_wconf 84' lang='lat' dir='ltr'>gratiam</span> <span class='ocrx_word' id='word_1_72' title='bbox 932 684 1125 729; x_wconf 83' lang='lat' dir='ltr'>recepisse,</span> <span class='ocrx_word' id='word_1_73' title='bbox 1168 690 1207 717; x_wconf 85' lang='lat' dir='ltr'>ut</span> 
     </span>
     <span class='ocr_line' id='line_1_13' title="bbox 220 734 1206 782; baseline -0.001 -13"><span class='ocrx_word' id='word_1_74' title='bbox 220 744 341 782; x_wconf 77' lang='lat' dir='ltr'>postea</span> <span class='ocrx_word' id='word_1_75' title='bbox 362 750 426 771; x_wconf 87' lang='lat' dir='ltr'>nos</span> <span class='ocrx_word' id='word_1_76' title='bbox 444 738 632 781; x_wconf 75' lang='lat' dir='ltr'>iugulatos,</span> <span class='ocrx_word' id='word_1_77' title='bbox 684 736 739 769; x_wconf 85' lang='lat' dir='ltr'>Ab</span> <span class='ocrx_word' id='word_1_78' title='bbox 763 734 830 769; x_wconf 83' lang='lat' dir='ltr'>hoc</span> <span class='ocrx_word' id='word_1_79' title='bbox 854 742 1065 780; x_wconf 81' lang='lat' dir='ltr'>argumento</span> <span class='ocrx_word' id='word_1_80' title='bbox 1089 735 1206 768; x_wconf 89' lang='lat' dir='ltr'>incoe-</span> 
     </span>
     <span class='ocr_line' id='line_1_14' title="bbox 220 786 1208 833; baseline -0.002 -11"><span class='ocrx_word' id='word_1_81' title='bbox 220 789 273 833; x_wconf 81' lang='lat' dir='ltr'>pit</span> <span class='ocrx_word' id='word_1_82' title='bbox 291 789 413 823; x_wconf 91' lang='lat' dir='ltr'>Cicero</span> <span class='ocrx_word' id='word_1_83' title='bbox 431 789 651 829; x_wconf 85' lang='lat' dir='ltr'>orationem,</span> <span class='ocrx_word' id='word_1_84' title='bbox 677 794 711 821; x_wconf 85' lang='lat' dir='ltr'>et</span> <span class='ocrx_word' id='word_1_85' title='bbox 731 787 768 820; x_wconf 90' lang='lat' dir='ltr'>in</span> <span class='ocrx_word' id='word_1_86' title='bbox 793 786 861 821; x_wconf 85' lang='lat' dir='ltr'>hoc</span> <span class='ocrx_word' id='word_1_87' title='bbox 884 787 1024 822; x_wconf 78' lang='lat' dir='ltr'>desinit.</span> <span class='ocrx_word' id='word_1_88' title='bbox 1101 788 1208 821; x_wconf 82' lang='lat' dir='ltr'>Deio-</span> 
     </span>
     <span class='ocr_line' id='line_1_15' title="bbox 219 838 1069 888; baseline -0.002 -14"><span class='ocrx_word' id='word_1_89' title='bbox 219 839 396 888; x_wconf 80' lang='lat' dir='ltr'>tarns⁵⁰)]</span> <span class='ocrx_word' id='word_1_90' title='bbox 424 840 485 874; x_wconf 87' lang='lat' dir='ltr'>Est</span> <span class='ocrx_word' id='word_1_91' title='bbox 503 852 635 873; x_wconf 89' lang='lat' dir='ltr'>nomen</span> <span class='ocrx_word' id='word_1_92' title='bbox 654 838 928 880; x_wconf 82' lang='lat' dir='ltr'>Germanicum,</span> <span class='ocrx_word' id='word_1_93' title='bbox 956 838 1069 872; x_wconf 88' lang='lat' dir='ltr'>Diter.</span> 
     </span>
    </p>
   </div>
   <div class='ocr_carea' id='block_1_3' title="bbox 258 1025 1211 1058">
    <p class='ocr_par' dir='ltr' id='par_1_4' title="bbox 258 1025 1211 1058">
     <span class='ocr_line' id='line_1_16' title="bbox 258 1025 1211 1058; baseline -0.001 -8"><span class='ocrx_word' id='word_1_94' title='bbox 258 1026 306 1053; x_wconf 76' lang='lat'>50)</span> <span class='ocrx_word' id='word_1_95' title='bbox 328 1027 497 1056; x_wconf 74' lang='lat' dir='ltr'>Deiotarus]</span> <span class='ocrx_word' id='word_1_96' title='bbox 517 1028 556 1051; x_wconf 82' lang='lat' dir='ltr'>sic</span> <span class='ocrx_word' id='word_1_97' title='bbox 570 1027 618 1052; x_wconf 80' lang='lat' dir='ltr'>Ed.</span> <span class='ocrx_word' id='word_1_98' title='bbox 635 1027 726 1058; x_wconf 78' lang='lat'>1568.;</span> <span class='ocrx_word' id='word_1_99' title='bbox 754 1027 824 1058; x_wconf 80' lang='lat' dir='ltr'>apud</span> <span class='ocrx_word' id='word_1_100' title='bbox 839 1025 997 1052; x_wconf 81' lang='lat' dir='ltr'>Ciceronem</span> <span class='ocrx_word' id='word_1_101' title='bbox 1016 1026 1040 1051; x_wconf 79' lang='lat' dir='ltr'>h.</span> <span class='ocrx_word' id='word_1_102' title='bbox 1056 1026 1074 1049; x_wconf 79' lang='lat'>1.</span> <span class='ocrx_word' id='word_1_103' title='bbox 1093 1025 1211 1056; x_wconf 75' lang='lat' dir='ltr'>legitur:</span> 
     </span>
    </p>
   </div>
   <div class='ocr_carea' id='block_1_4' title="bbox 294 1062 439 1086">
    <p class='ocr_par' dir='ltr' id='par_1_5' title="bbox 294 1062 439 1086">
     <span class='ocr_line' id='line_1_17' title="bbox 294 1062 439 1086; baseline 0 -1"><span class='ocrx_word' id='word_1_104' title='bbox 294 1062 439 1086; x_wconf 74' lang='lat' dir='ltr'>Deiotari.</span> 
     </span>
    </p>
   </div>
   <div class='ocr_carea' id='block_1_5' title="bbox 778 85 1659 123">
    <p class='ocr_par' dir='ltr' id='par_1_6' title="bbox 778 85 1659 123">
     <span class='ocr_line' id='line_1_18' title="bbox 778 85 1659 123; baseline 0.001 -1"><span class='ocrx_word' id='word_1_105' title='bbox 778 86 901 123; x_wconf 89' lang='lat' dir='ltr'>PHlL.</span> <span class='ocrx_word' id='word_1_106' title='bbox 936 85 1048 122; x_wconf 87' lang='lat' dir='ltr'><strong>MEL.</strong></span> <span class='ocrx_word' id='word_1_107' title='bbox 1083 85 1284 121; x_wconf 77' lang='lat' dir='ltr'>SCRIPTA</span> <span class='ocrx_word' id='word_1_108' title='bbox 1323 85 1659 123; x_wconf 84' lang='lat' dir='ltr'>PHILOLOGICA.</span> 
     </span>
    </p>
   </div>
   <div class='ocr_carea' id='block_1_6' title="bbox 220 838 1210 937">
    <p class='ocr_par' dir='ltr' id='par_1_7' title="bbox 220 838 1210 937">
     <span class='ocr_line' id='line_1_19' title="bbox 1141 838 1210 872; baseline -0.029 0"><span class='ocrx_word' id='word_1_109' title='bbox 1141 838 1210 872; x_wconf 84' lang='lat' dir='ltr'>Sed</span> 
     </span>
     <span class='ocr_line' id='line_1_20' title="bbox 220 889 1210 937; baseline -0.004 -11"><span class='ocrx_word' id='word_1_110' title='bbox 220 904 320 937; x_wconf 66' lang='lat' dir='ltr'>(lencm</span> <span class='ocrx_word' id='word_1_111' title='bbox 334 894 373 926; x_wconf 81' lang='lat' dir='ltr'>de</span> <span class='ocrx_word' id='word_1_112' title='bbox 390 893 462 934; x_wconf 74' lang='lat' dir='ltr'>illo]</span> <span class='ocrx_word' id='word_1_113' title='bbox 491 890 695 925; x_wconf 86' lang='lat' dir='ltr'>Translatio</span> <span class='ocrx_word' id='word_1_114' title='bbox 719 891 762 925; x_wconf 86' lang='lat' dir='ltr'>de</span> <span class='ocrx_word' id='word_1_115' title='bbox 787 890 967 935; x_wconf 77' lang='lat' dir='ltr'>exemplo,</span> <span class='ocrx_word' id='word_1_116' title='bbox 1000 889 1037 923; x_wconf 87' lang='lat' dir='ltr'>in</span> <span class='ocrx_word' id='word_1_117' title='bbox 1060 900 1129 935; x_wconf 85' lang='lat' dir='ltr'>qua</span> <span class='ocrx_word' id='word_1_118' title='bbox 1156 901 1210 922; x_wconf 88' lang='lat' dir='ltr'>re-</span> 
     </span>
    </p>
   </div>
   <div class='ocr_carea' id='block_1_7' title="bbox 2145 91 2242 126">
    <p class='ocr_par' dir='ltr' id='par_1_8' title="bbox 2145 91 2242 126">
     <span class='ocr_line' id='line_1_21' title="bbox 2145 91 2242 126; baseline 0 -2"><span class='ocrx_word' id='word_1_119' title='bbox 2145 91 2242 126; x_wconf 75' lang='lat'>1240</span> 
     </span>
    </p>
   </div>
   <div class='ocr_carea' id='block_1_8' title="bbox 1256 171 2248 938">
    <p class='ocr_par' dir='ltr' id='par_1_9' title="bbox 1256 171 2245 362">
     <span class='ocr_line' id='line_1_22' title="bbox 1257 171 2242 220; baseline 0.004 -16"><span class='ocrx_word' id='word_1_120' title='bbox 1257 171 1344 217; x_wconf 87' lang='lat' dir='ltr'>petit</span> <span class='ocrx_word' id='word_1_121' title='bbox 1363 171 1449 206; x_wconf 89' lang='lat' dir='ltr'>illud</span> <span class='ocrx_word' id='word_1_122' title='bbox 1466 180 1736 217; x_wconf 74' lang='lat' dir='ltr'>argumentum,</span> <span class='ocrx_word' id='word_1_123' title='bbox 1761 175 1856 220; x_wconf 85' lang='lat' dir='ltr'>quod</span> <span class='ocrx_word' id='word_1_124' title='bbox 1873 181 1923 209; x_wconf 93' lang='lat' dir='ltr'>est</span> <span class='ocrx_word' id='word_1_125' title='bbox 1938 174 2179 209; x_wconf 80' lang='lat' dir='ltr'>firmissimum</span> <span class='ocrx_word' id='word_1_126' title='bbox 2200 176 2242 208; x_wconf 86' lang='lat' dir='ltr'>de</span> 
     </span>
     <span class='ocr_line' id='line_1_23' title="bbox 1257 223 2245 272; baseline 0.003 -16"><span class='ocrx_word' id='word_1_127' title='bbox 1257 223 1456 257; x_wconf 83' lang='lat' dir='ltr'>constantia</span> <span class='ocrx_word' id='word_1_128' title='bbox 1483 223 1654 259; x_wconf 75' lang='lat' dir='ltr'>Caesaris.</span> <span class='ocrx_word' id='word_1_129' title='bbox 1718 224 1803 260; x_wconf 87' lang='lat' dir='ltr'>Inde</span> <span class='ocrx_word' id='word_1_130' title='bbox 1837 232 2003 272; x_wconf 85' lang='lat' dir='ltr'>apparet,</span> <span class='ocrx_word' id='word_1_131' title='bbox 2045 238 2151 272; x_wconf 85' lang='lat' dir='ltr'>quarn</span> <span class='ocrx_word' id='word_1_132' title='bbox 2186 226 2245 259; x_wconf 87' lang='lat' dir='ltr'>be-</span> 
     </span>
     <span class='ocr_line' id='line_1_24' title="bbox 1256 274 2245 323; baseline 0.004 -17"><span class='ocrx_word' id='word_1_133' title='bbox 1256 274 1364 318; x_wconf 82' lang='lat' dir='ltr'>nigna</span> <span class='ocrx_word' id='word_1_134' title='bbox 1388 274 1496 308; x_wconf 84' lang='lat' dir='ltr'>suerit</span> <span class='ocrx_word' id='word_1_135' title='bbox 1523 274 1682 309; x_wconf 81' lang='lat' dir='ltr'>Caesaris</span> <span class='ocrx_word' id='word_1_136' title='bbox 1714 283 1854 312; x_wconf 85' lang='lat' dir='ltr'>natura.</span> <span class='ocrx_word' id='word_1_137' title='bbox 1914 276 2020 322; x_wconf 84' lang='lat' dir='ltr'>Apud</span> <span class='ocrx_word' id='word_1_138' title='bbox 2051 283 2245 323; x_wconf 77' lang='lat' dir='ltr'>tyrannum</span> 
     </span>
     <span class='ocr_line' id='line_1_25' title="bbox 1259 323 1860 362; baseline 0.007 -4"><span class='ocrx_word' id='word_1_139' title='bbox 1259 326 1353 359; x_wconf 88' lang='lat' dir='ltr'>enim</span> <span class='ocrx_word' id='word_1_140' title='bbox 1370 323 1456 359; x_wconf 83' lang='lat' dir='ltr'>haec</span> <span class='ocrx_word' id='word_1_141' title='bbox 1471 338 1546 359; x_wconf 89' lang='lat' dir='ltr'>non</span> <span class='ocrx_word' id='word_1_142' title='bbox 1561 326 1717 361; x_wconf 83' lang='lat' dir='ltr'>licuisset</span> <span class='ocrx_word' id='word_1_143' title='bbox 1732 327 1860 362; x_wconf 85' lang='lat' dir='ltr'>dicere.</span> 
     </span>
    </p>

    <p class='ocr_par' dir='ltr' id='par_1_10' title="bbox 1258 374 2248 772">
     <span class='ocr_line' id='line_1_26' title="bbox 1361 374 2248 421; baseline 0.001 -11"><span class='ocrx_word' id='word_1_144' title='bbox 1361 374 1393 421; x_wconf 69' lang='lat'>§-</span> <span class='ocrx_word' id='word_1_145' title='bbox 1411 376 1471 411; x_wconf 91' lang='grc'>40.</span> <span class='ocrx_word' id='word_1_146' title='bbox 1498 380 1576 413; x_wconf 82' lang='lat' dir='ltr'>Non</span> <span class='ocrx_word' id='word_1_147' title='bbox 1601 379 1714 421; x_wconf 82' lang='lat' dir='ltr'>debeo]</span> <span class='ocrx_word' id='word_1_148' title='bbox 1743 379 1866 412; x_wconf 83' lang='lat' dir='ltr'>Movet</span> <span class='ocrx_word' id='word_1_149' title='bbox 1889 380 2062 419; x_wconf 79' lang='lat' dir='ltr'>adfectus,</span> <span class='ocrx_word' id='word_1_150' title='bbox 2096 384 2129 411; x_wconf 89' lang='lat' dir='ltr'>et</span> <span class='ocrx_word' id='word_1_151' title='bbox 2155 377 2248 411; x_wconf 87' lang='lat' dir='ltr'>redit</span> 
     </span>
     <span class='ocr_line' id='line_1_27' title="bbox 1259 429 2247 473; baseline 0.002 -13"><span class='ocrx_word' id='word_1_152' title='bbox 1259 429 1303 461; x_wconf 86' lang='lat' dir='ltr'>ad</span> <span class='ocrx_word' id='word_1_153' title='bbox 1318 439 1473 462; x_wconf 84' lang='lat' dir='ltr'>causam.</span> <span class='ocrx_word' id='word_1_154' title='bbox 1551 431 1629 464; x_wconf 79' lang='lat' dir='ltr'>Non</span> <span class='ocrx_word' id='word_1_155' title='bbox 1651 431 1764 473; x_wconf 82' lang='lat' dir='ltr'>debeo]</span> <span class='ocrx_word' id='word_1_156' title='bbox 1800 429 2008 470; x_wconf 86' lang='lat' dir='ltr'>Conclusio,</span> <span class='ocrx_word' id='word_1_157' title='bbox 2045 436 2079 463; x_wconf 82' lang='lat' dir='ltr'>et</span> <span class='ocrx_word' id='word_1_158' title='bbox 2098 430 2247 473; x_wconf 84' lang='lat' dir='ltr'>figurata</span> 
     </span>
     <span class='ocr_line' id='line_1_28' title="bbox 1259 478 2247 525; baseline 0.001 -13"><span class='ocrx_word' id='word_1_159' title='bbox 1259 479 1464 524; x_wconf 78' lang='lat' dir='ltr'>occupatio:</span> <span class='ocrx_word' id='word_1_160' title='bbox 1492 478 1590 514; x_wconf 84' lang='lat' dir='ltr'>Nihil</span> <span class='ocrx_word' id='word_1_161' title='bbox 1609 492 1698 525; x_wconf 90' lang='lat' dir='ltr'>opus</span> <span class='ocrx_word' id='word_1_162' title='bbox 1719 487 1769 516; x_wconf 88' lang='lat' dir='ltr'>est</span> <span class='ocrx_word' id='word_1_163' title='bbox 1788 481 1973 515; x_wconf 79' lang='lat' dir='ltr'>ambitiose</span> <span class='ocrx_word' id='word_1_164' title='bbox 1992 488 2026 515; x_wconf 87' lang='lat' dir='ltr'>te</span> <span class='ocrx_word' id='word_1_165' title='bbox 2044 481 2183 514; x_wconf 79' lang='lat' dir='ltr'>flectcre</span> <span class='ocrx_word' id='word_1_166' title='bbox 2201 481 2247 513; x_wconf 86' lang='lat' dir='ltr'>ad</span> 
     </span>
     <span class='ocr_line' id='line_1_29' title="bbox 1259 530 2248 577; baseline 0.002 -14"><span class='ocrx_word' id='word_1_167' title='bbox 1259 530 1561 572; x_wconf 85' lang='lat' dir='ltr'>misericordiam,</span> <span class='ocrx_word' id='word_1_168' title='bbox 1596 532 1679 577; x_wconf 84' lang='lat' dir='ltr'>quia</span> <span class='ocrx_word' id='word_1_169' title='bbox 1698 532 1863 567; x_wconf 89' lang='lat' dir='ltr'>omnibus</span> <span class='ocrx_word' id='word_1_170' title='bbox 1885 532 1979 566; x_wconf 86' lang='lat' dir='ltr'>ultro</span> <span class='ocrx_word' id='word_1_171' title='bbox 2003 531 2160 576; x_wconf 85' lang='lat' dir='ltr'>exposita</span> <span class='ocrx_word' id='word_1_172' title='bbox 2185 537 2248 571; x_wconf 85' lang='lat' dir='ltr'>est,</span> 
     </span>
     <span class='ocr_line' id='line_1_30' title="bbox 1258 581 2247 627; baseline 0 -13"><span class='ocrx_word' id='word_1_173' title='bbox 1258 588 1298 615; x_wconf 89' lang='lat' dir='ltr'>ut</span> <span class='ocrx_word' id='word_1_174' title='bbox 1325 581 1486 615; x_wconf 86' lang='lat' dir='ltr'>omnium</span> <span class='ocrx_word' id='word_1_175' title='bbox 1509 583 1688 618; x_wconf 84' lang='lat' dir='ltr'>orationes</span> <span class='ocrx_word' id='word_1_176' title='bbox 1712 590 1924 618; x_wconf 77' lang='lat' dir='ltr'>antevertat.</span> <span class='ocrx_word' id='word_1_177' title='bbox 2001 585 2124 627; x_wconf 72' lang='lat' dir='ltr'>Reyes]</span> <span class='ocrx_word' id='word_1_178' title='bbox 2156 581 2247 616; x_wconf 84' lang='lat' dir='ltr'>scili-</span> 
     </span>
     <span class='ocr_line' id='line_1_31' title="bbox 1260 632 2248 682; baseline 0.001 -17"><span class='ocrx_word' id='word_1_179' title='bbox 1260 639 1314 666; x_wconf 87' lang='lat' dir='ltr'>cet</span> <span class='ocrx_word' id='word_1_180' title='bbox 1333 639 1471 677; x_wconf 86' lang='lat' dir='ltr'>patrem</span> <span class='ocrx_word' id='word_1_181' title='bbox 1495 639 1530 667; x_wconf 83' lang='lat' dir='ltr'>et</span> <span class='ocrx_word' id='word_1_182' title='bbox 1555 634 1679 669; x_wconf 84' lang='lat' dir='ltr'>filium.</span> <span class='ocrx_word' id='word_1_183' title='bbox 1756 632 2013 682; x_wconf 59' lang='lat' dir='ltr'>Neyavistifflss</span> <span class='ocrx_word' id='word_1_184' title='bbox 2041 633 2164 667; x_wconf 74' lang='lat' dir='ltr'>Movet</span> <span class='ocrx_word' id='word_1_185' title='bbox 2182 633 2248 667; x_wconf 88' lang='lat' dir='ltr'>rni-</span> 
     </span>
     <span class='ocr_line' id='line_1_32' title="bbox 1259 684 2247 730; baseline 0 -12"><span class='ocrx_word' id='word_1_186' title='bbox 1259 684 1488 718; x_wconf 85' lang='lat' dir='ltr'>sericordiam</span> <span class='ocrx_word' id='word_1_187' title='bbox 1514 696 1533 718; x_wconf 82' lang='lat' dir='ltr'>a</span> <span class='ocrx_word' id='word_1_188' title='bbox 1556 685 1727 730; x_wconf 80' lang='lat' dir='ltr'>(lignitate</span> <span class='ocrx_word' id='word_1_189' title='bbox 1750 687 1860 729; x_wconf 76' lang='lat' dir='ltr'>regis;</span> <span class='ocrx_word' id='word_1_190' title='bbox 1905 691 2081 730; x_wconf 75' lang='lat' dir='ltr'>prostrata</span> <span class='ocrx_word' id='word_1_191' title='bbox 2105 686 2247 718; x_wconf 73' lang='lat' dir='ltr'>fortuna</span> 
     </span>
     <span class='ocr_line' id='line_1_33' title="bbox 1260 735 2176 772; baseline -0.001 -1"><span class='ocrx_word' id='word_1_192' title='bbox 1260 736 1295 768; x_wconf 81' lang='lat' dir='ltr'>in</span> <span class='ocrx_word' id='word_1_193' title='bbox 1312 736 1459 771; x_wconf 83' lang='lat' dir='ltr'>summis</span> <span class='ocrx_word' id='word_1_194' title='bbox 1475 735 1560 772; x_wconf 57' lang='lat' dir='ltr'>vilis</span> <span class='ocrx_word' id='word_1_195' title='bbox 1577 744 1697 771; x_wconf 81' lang='lat' dir='ltr'>movet</span> <span class='ocrx_word' id='word_1_196' title='bbox 1714 738 1867 771; x_wconf 86' lang='lat' dir='ltr'>maxime</span> <span class='ocrx_word' id='word_1_197' title='bbox 1883 736 2176 771; x_wconf 76' lang='lat' dir='ltr'>inisericordiam.</span> 
     </span>
    </p>

    <p class='ocr_par' dir='ltr' id='par_1_11' title="bbox 1262 787 2248 884">
     <span class='ocr_line' id='line_1_34' title="bbox 1364 787 2248 833; baseline 0 -13"><span class='ocrx_word' id='word_1_198' title='bbox 1364 787 1450 832; x_wconf 87' lang='lat' dir='ltr'>Cap.</span> <span class='ocrx_word' id='word_1_199' title='bbox 1467 787 1542 822; x_wconf 79' lang='lat' dir='ltr'>XV.</span> <span class='ocrx_word' id='word_1_200' title='bbox 1571 787 1601 832; x_wconf 53' lang='grc' dir='ltr'>ᾗ.</span> <span class='ocrx_word' id='word_1_201' title='bbox 1620 788 1678 823; x_wconf 87' lang='grc'>41.</span> <span class='ocrx_word' id='word_1_202' title='bbox 1708 791 1872 832; x_wconf 79' lang='lat' dir='ltr'>Corpora]</span> <span class='ocrx_word' id='word_1_203' title='bbox 1900 788 2035 833; x_wconf 73' lang='grc' dir='ltr'><em>ἄτεχνα</em></span> <span class='ocrx_word' id='word_1_204' title='bbox 2056 800 2072 820; x_wconf 85' lang='lat' dir='ltr'>a</span> <span class='ocrx_word' id='word_1_205' title='bbox 2091 787 2248 825; x_wconf 84' lang='lat' dir='ltr'>testibus,</span> 
     </span>
     <span class='ocr_line' id='line_1_35' title="bbox 1262 838 1737 884; baseline 0.004 -12"><span class='ocrx_word' id='word_1_206' title='bbox 1262 838 1348 884; x_wconf 88' lang='lat' dir='ltr'>quid</span> <span class='ocrx_word' id='word_1_207' title='bbox 1364 838 1469 882; x_wconf 85' lang='lat' dir='ltr'>legati</span> <span class='ocrx_word' id='word_1_208' title='bbox 1490 839 1737 883; x_wconf 79' lang='lat' dir='ltr'>polliceantur.</span> 
     </span>
    </p>

    <p class='ocr_par' dir='ltr' id='par_1_12' title="bbox 1366 887 1891 938">
     <span class='ocr_line' id='line_1_36' title="bbox 1366 887 1891 938; baseline 0.004 -15"><span class='ocrx_word' id='word_1_209' title='bbox 1366 887 1395 934; x_wconf 67' lang='grc' dir='ltr'>ἓ.</span> <span class='ocrx_word' id='word_1_210' title='bbox 1414 889 1473 924; x_wconf 84' lang='grc'>43.</span> <span class='ocrx_word' id='word_1_211' title='bbox 1503 889 1685 938; x_wconf 73' lang='lat' dir='ltr'>Quocirca]</span> <span class='ocrx_word' id='word_1_212' title='bbox 1715 890 1891 926; x_wconf 85' lang='lat' dir='ltr'>Clausula.</span> 
     </span>
    </p>
   </div>
   <div class='ocr_carea' id='block_1_9' title="bbox 1263 940 1487 974">
    <p class='ocr_par' dir='ltr' id='par_1_13' title="bbox 1263 940 1487 974">
     <span class='ocr_line' id='line_1_37' title="bbox 1263 940 1487 974; baseline 0.009 -2"><span class='ocrx_word' id='word_1_213' title='bbox 1263 940 1371 974; x_wconf 83' lang='lat' dir='ltr'>libere</span> <span class='ocrx_word' id='word_1_214' title='bbox 1393 941 1487 974; x_wconf 81' lang='lat' dir='ltr'>dicit.</span> 
     </span>
    </p>
   </div>
   <div class='ocr_carea' id='block_1_10' title="bbox 1978 886 2247 936">
    <p class='ocr_par' dir='ltr' id='par_1_14' title="bbox 1978 886 2247 936">
     <span class='ocr_line' id='line_1_38' title="bbox 1978 886 2247 936; baseline -0.004 -13"><span class='ocrx_word' id='word_1_215' title='bbox 1978 886 2129 936; x_wconf 71' lang='lat' dir='ltr'>Pesiem]</span> <span class='ocrx_word' id='word_1_216' title='bbox 2156 888 2247 923; x_wconf 83' lang='lat' dir='ltr'>Satis</span> 
     </span>
    </p>
   </div>
   <div class='ocr_carea' id='block_1_11' title="bbox 1296 1056 2224 1090">
    <p class='ocr_par' dir='ltr' id='par_1_15' title="bbox 1296 1056 2224 1090">
     <span class='ocr_line' id='line_1_39' title="bbox 1296 1056 2224 1090; baseline -0.004 -7"><span class='ocrx_word' id='word_1_217' title='bbox 1296 1058 1345 1086; x_wconf 85' lang='lat'>51)</span> <span class='ocrx_word' id='word_1_218' title='bbox 1363 1056 1532 1090; x_wconf 65' lang='lat' dir='ltr'>Negat-isti]</span> <span class='ocrx_word' id='word_1_219' title='bbox 1553 1057 1592 1082; x_wconf 89' lang='lat' dir='ltr'>sic</span> <span class='ocrx_word' id='word_1_220' title='bbox 1611 1057 1660 1082; x_wconf 80' lang='lat' dir='ltr'>Ed.</span> <span class='ocrx_word' id='word_1_221' title='bbox 1676 1056 1752 1082; x_wconf 77' lang='lat'>1568.</span> <span class='ocrx_word' id='word_1_222' title='bbox 1771 1058 1799 1081; x_wconf 73' lang='lat' dir='ltr'>et</span> <span class='ocrx_word' id='word_1_223' title='bbox 1817 1056 1870 1087; x_wconf 85' lang='lat' dir='ltr'>al.;</span> <span class='ocrx_word' id='word_1_224' title='bbox 1894 1056 1942 1083; x_wconf 82' lang='lat' dir='ltr'>Ed.</span> <span class='ocrx_word' id='word_1_225' title='bbox 1964 1056 2049 1081; x_wconf 86' lang='lat' dir='ltr'>orell.</span> <span class='ocrx_word' id='word_1_226' title='bbox 2069 1057 2224 1088; x_wconf 71' lang='lat' dir='ltr'>deneyasti.</span> 
     </span>
    </p>
   </div>
  </div>
 </body>
</html>
