2347 3000
66 141 140 178 297
433 136 491 172 111.

67 226 277 262 sententiam
313 224 516 268 accipiatur.
576 222 643 256 Sed
680 228 775 255 taxat
812 221 1047 265 improprium

68 291 279 314 sermonem.
343 276 403 309 Ait
425 287 498 307 non
523 273 703 306 dialectice
726 285 833 306 unam
857 272 970 304 ideam
999 278 1050 304 tot

69 331 287 364 diversarum
305 327 498 371 specierum
518 325 695 358 constitui.
735 324 872 357 Deinde
889 323 950 363 ait,
971 336 1048 355 cum

69 394 175 426 agens
200 385 358 413 xersetur
382 378 472 410 circa
496 376 707 420 singularia,
742 388 815 409 non
838 376 994 409 sufficere
1020 373 1050 406 ei

70 431 305 477 cognitionem
330 429 540 463 unixersalis
564 428 746 471 imaginis,
777 428 837 461 sed
858 424 1049 469 singularia

70 483 310 528 cognoscenda
329 493 413 519 esse,
441 487 491 520 ut,
510 479 648 513 medico
667 491 739 511 non
757 479 840 512 satis
857 484 907 511 est
922 488 1050 520 cogno-

69 547 162 569 scere
180 533 263 579 quid
281 533 325 566 sit
341 532 491 572 sanitas,
519 532 578 565 sed
596 543 686 576 quae
705 530 749 563 sit
766 528 869 563 liuius
892 525 1050 570 corporis

69 592 212 620 sanitas.

169 634 346 669 Enarravi
371 645 491 666 omnes
514 638 631 676 partes
653 628 757 663 huius
773 628 897 673 capitis
916 626 1050 671 perspi-

71 699 152 726 cue,
197 693 235 719 ut
254 683 343 718 mihi
367 684 507 729 quidem
532 682 689 721 videtur,
726 686 760 713 et
783 679 938 712 iudicavi
965 678 1050 723 quid

69 745 218 782 uterque
237 735 455 781 spectauerit.
513 732 615 765 Plato
632 731 835 776 requirebat
853 731 889 763 in
906 728 1050 763 homine

69 788 263 822 firmiorem
297 785 531 819 assensionem
564 784 606 816 de
636 782 785 823 virtute,
835 788 869 815 et
898 780 1051 814 acriores

72 846 200 873 motus.
270 835 474 869 Aristoteles
509 846 583 866 non
617 834 695 878 plus
731 833 901 879 requirit,
944 844 1050 877 quam

73 896 243 936 quantum
273 885 358 920 haec
384 892 512 918 natura
536 885 763 918 mediocriter
788 890 967 929 praestare
990 895 1052 927 po—

72 947 147 975 test.
198 938 266 977 Ac,
292 950 335 969 ne.
354 937 427 970 sine
443 937 559 969 fructu
575 934 642 969 hoc
659 943 764 981 caput
784 937 876 979 legat
899 935 1053 975 auditor,

69 988 269 1023 meminerit
285 986 340 1020 hic
358 987 516 1021 Platonis
540 988 632 1020 dicta
656 988 698 1020 dc
717 987 864 1031 caligine
884 984 1053 1026 humana,

69 1052 158 1085 quae
178 1052 283 1083 supra
303 1039 423 1077 citaxi,
450 1039 511 1072 ubi
530 1038 597 1079 ait,
627 1039 727 1084 quasi
743 1039 970 1071 vaticinando
989 1035 1053 1069 lio·

67 1090 180 1124 mines
204 1102 371 1136 quaerere
394 1091 547 1130 bonum,
574 1091 611 1122 in
635 1103 705 1135 quo
724 1090 966 1135 acquiescant,
994 1089 1053 1121 sed

68 1154 141 1175 non
157 1139 286 1175 habere
303 1141 386 1175 satis
406 1142 545 1174 firmam
563 1141 801 1175 assensionem
817 1142 858 1174 dc
876 1140 1017 1173 virtute.

403 1255 541 1309 Caput
556 1257 654 1298 VII.
663 1256 725 1311 ²¹).

170 1340 209 1373 In
242 1340 355 1385 capite
385 1339 536 1384 septimo
571 1347 709 1373 tantum
744 1340 857 1374 otiosa
890 1339 1054 1384 repetitio

69 1392 283 1426 continetur.
336 1390 375 1423 ln
394 1403 461 1436 qua
483 1403 604 1424 rursus
622 1391 789 1424 discernit
813 1391 948 1424 medios
971 1392 1055 1424 fines

69 1445 113 1477 ab
129 1443 275 1483 ultimis,
304 1449 337 1475 et
354 1443 614 1475 observandum
633 1449 683 1475 est
701 1443 805 1474 etiam
825 1442 930 1475 unius
948 1441 1055 1474 actio-

69 1496 123 1528 nis
140 1506 242 1538 saepe
259 1493 388 1526 multos
405 1503 476 1526 esse
496 1493 601 1533 fines,
627 1506 687 1526 seu
704 1499 971 1533 concurrentes,
994 1504 1055 1525 seu

69 1546 187 1591 aliqua
220 1544 308 1578 serie
340 1543 542 1583 ordinatos,
581 1550 640 1583 ut,
689 1544 943 1588 paterfamilias
973 1543 1055 1576 facit

70 1608 215 1641 operas,
243 1601 281 1628 ut
305 1593 371 1627 sibi
395 1601 427 1627 et
450 1595 569 1628 liberis
589 1595 719 1628 victum
741 1602 899 1641 quaerat.
952 1595 1055 1627 Hunc

69 1647 260 1680 comitatur
284 1652 316 1678 et
339 1643 395 1678 hic
412 1646 509 1685 finis,
544 1659 588 1679 ne
614 1653 761 1690 propter
784 1647 943 1691 inopiam
968 1646 1053 1690 ipse,

69 1704 131 1732 aut
147 1697 249 1730 liberi
266 1703 383 1741 turpes
402 1703 566 1742 quaestus
583 1704 759 1731 sectentur
776 1704 839 1731 etc.

171 1749 272 1781 Miles
288 1748 418 1780 militat
439 1761 517 1781 cum
535 1748 701 1792 stipendii
727 1761 829 1781 causa
842 1775 851 1788 ,
879 1754 953 1781 tum
972 1759 1054 1791 pro-

68 1806 148 1844 pter
171 1799 412 1832 defensionem
442 1799 579 1843 patriae
607 1805 641 1832 et
665 1800 855 1843 religionis.
923 1799 1055 1832 Paulus

70 1858 121 1885 est
137 1857 350 1895 temperans,
378 1849 460 1895 quia
477 1851 748 1894 intemperantia
769 1852 883 1883 adfert
898 1850 1054 1889 morbos,

68 1901 227 1935 incendit
254 1901 437 1941 libidines,
472 1901 583 1941 iram,
626 1902 773 1946 impedit
800 1901 1055 1946 precationem,

69 1953 203 1993 studia,
246 1953 413 1992 consilia,
459 1952 784 1986 administrationes
818 1953 1054 1996 negotiorum.

68 2004 232 2049 Denique
258 2016 319 2048 per
341 2016 376 2037 se
397 2003 502 2036 etiam
526 2004 685 2048 displicet
712 2004 809 2043 Deo,
849 2017 888 2037 ac
912 2004 1056 2048 prodest

70 2056 257 2089 observare
292 2061 540 2088 concurrentes
573 2056 658 2088 fines
699 2056 854 2089 eiusdem
896 2054 1054 2088 actionis.

70 2106 160 2140 Cum
176 2112 294 2139 autem
314 2106 355 2138 de
371 2118 510 2138 summo
530 2113 590 2139 aut
605 2106 730 2140 ultimo
747 2108 842 2139 bono
861 2106 1056 2145 disseritur,

70 2158 294 2203 quaerendus
321 2163 371 2189 est
395 2156 473 2190 finis
497 2170 655 2191 summus
686 2164 720 2191 et
747 2158 903 2191 ultimus.
968 2157 1055 2190 Ulti-

68 2221 148 2242 mus
175 2215 292 2241 autem
311 2207 390 2241 finis
408 2213 442 2240 et
458 2221 616 2242 summus
633 2209 840 2242 nominatur
861 2208 1055 2242 beatitudo.

70 2259 173 2293 Hunc
196 2259 306 2304 aliqui
332 2265 550 2292 vocaverunt
574 2266 722 2300 statum,
757 2260 813 2293 cui
838 2258 928 2293 nihil
949 2261 1056 2293 deest.

70 2310 124 2344 De
143 2308 208 2344 hac
226 2309 463 2355 appellatione
481 2310 635 2344 breviter
652 2309 708 2344 hic
718 2308 754 2357 ’ἢ
773 2311 923 2345 disserit.
963 2311 1055 2345 Nam

71 2361 163 2394 infra
183 2362 226 2395 ad
246 2374 323 2394 eam
340 2361 481 2395 redibit.

341 2444 401 2478 De
430 2445 583 2490 capite
619 2452 787 2480 octavo.

175 2510 276 2544 Nunc
297 2512 452 2557 primum
478 2510 622 2546 inchoat
645 2513 923 2558 disputationem
945 2514 987 2547 de
1004 2526 1057 2547 re-

72 2563 138 2595 bus
153 2561 255 2606 ipsis,
282 2569 316 2595 et
336 2564 475 2610 quaerit
496 2576 570 2597 non
594 2565 636 2598 de
659 2565 825 2605 nomine,
858 2566 918 2599 sed
943 2566 984 2599 de
1007 2577 1057 2606 re,

107 2662 154 2689 21]
174 2661 203 2684 ln
221 2662 303 2685 Editt.
323 2662 414 2691 ¹530..
435 2664 507 2689 1532.
527 2665 554 2688 et
575 2665 664 2689 1535.:

140 2695 181 2718 liis
201 2696 280 2719 valde
299 2696 433 2722 differunt.

112 2737 144 2766 ²¹³)
162 2738 218 2768 lu‘c]
239 2739 278 2763 sic
296 2739 344 2763 Ed.
366 2740 454 2771 1545.;
482 2740 509 2765 in
529 2742 578 2767 Ed.
599 2742 671 2766 1516.
693 2742 778 2767 deest.

698 2665 806 2689 Scholia
825 2664 922 2695 capitis
942 2665 1000 2691 Vll,
1026 2665 1058 2688 ab

536 133 816 171 ENARRATIO
851 133 977 167 LIBRI
1006 133 1030 168 Ι.
1066 131 1352 168 ETHlCORUM
1388 129 1710 164 ARISTOTELIS.

2009 127 2082 163 298

1104 232 1193 264 quae
1212 231 1266 253 res
1283 218 1327 252 sit
1340 217 1542 256 beatitudo,
1577 222 1615 249 ut
1633 214 1822 248 constituat
1841 213 2081 246 definitionem

1100 271 1334 310 indicantem,
1369 270 1453 315 quid
1476 268 1540 301 rei.
1593 267 1692 299 Hanc
1719 265 1858 312 quaerit
1884 264 2020 297 erudite
2044 278 2084 297 ex

1100 322 1265 363 gradibus
1299 322 1478 354 actionum
1502 317 1765 357 humanarum,
1801 316 1882 362 quia
1910 316 1946 347 in
1971 315 2084 360 quali-

1099 374 1158 405 bet
1174 385 1210 405 re
1230 372 1320 404 aetio
1341 372 1484 416 propria
1505 377 1556 405 est
1571 370 1645 404 eius
1662 369 1750 403 finis.
1804 368 2000 401 Enumerat
2024 366 2086 409 igi-

1101 430 1158 456 tur
1174 424 1301 467 gradus
1324 424 1501 456 actionum
1529 428 1562 455 et.
1589 421 1716 454 virium
1741 418 1940 452 bominum.
2007 417 2086 450 Pri-

1102 487 1179 507 mus
1198 475 1326 515 gradus
1346 481 1395 507 est
1411 473 1547 518 generis
1563 472 1762 516 vegetativi,
1784 471 1880 516 qnod
1898 480 2086 502 commune

1103 531 1154 558 est
1180 538 1257 557 cum
1283 525 1422 568 plantis.
1483 526 1662 558 Secundus
1686 535 1872 561 sensuum,
1909 520 1970 565 qui
1992 532 2087 551 com-

1102 588 1227 609 munes
1261 582 1342 609 sunt
1377 588 1454 608 cum
1493 576 1615 608 brutis.
1677 574 1819 607 Tertius
1850 570 1999 605 rationis
2028 583 2088 603 seu

1102 627 1231 660 mentis
1259 633 1292 659 et
1319 626 1523 659 voluntatis.
1581 626 1716 658 Ilarum
1742 624 1895 669 partium
1925 622 2086 655 ordinata

1105 685 1138 712 et
1168 677 1356 723 praecipua
1382 677 1492 717 actio,
1535 677 1614 710 finis
1637 683 1688 710 est
1710 675 1886 713 bominis,
1927 673 2089 705 videlicet

1104 729 1293 775 praecipua
1312 728 1403 761 actio
1421 727 1549 761 mentis
1567 734 1599 760 et
1617 727 1820 760 voluntatis.
1866 725 1911 758 Et
1928 725 2018 757 inter
2034 735 2089 757 or-

1105 781 1243 814 dinatas
1259 780 1374 825 prima
1394 786 1443 813 est
1460 791 1544 812 vero
1564 778 1712 811 rationis
1738 776 1906 810 iudicium
1919 803 1928 815 ,
1956 774 2089 818 agnitio

1104 832 1189 872 Dei,
1232 838 1265 864 ct
1296 831 1439 864 obedire
1464 830 1541 863 Deo
1572 830 1608 862 in
1640 829 1860 862 obserxando
1888 827 2090 860 discrimine

1104 882 1337 918 honestorum
1353 889 1387 915 ct
1413 882 1593 926 turpium,
1627 893 1666 913 ac
1690 880 1821 913 referre
1843 884 1997 910 caeteras
2021 877 2091 909 xir-

1106 942 1196 969 tutes
1213 941 1247 967 et
1263 933 1521 973 obedientiam,
1549 946 1609 972 eo,
1643 938 1681 965 ut
1698 931 1763 964 Dei
1790 929 1923 973 agnitio
1947 928 2089 972 patefiat

1107 993 1140 1020 et
1160 986 1372 1025 celebretur,
1400 985 1458 1019 sed
1476 984 1681 1018 Aristoteles
1703 983 1738 1015 in
1762 980 1827 1014 hae
1854 979 2002 1022 caligine
2029 976 2092 1011 lm-

1106 1050 1233 1071 manac
1249 1037 1395 1076 mentis,
1424 1038 1465 1069 de
1483 1036 1523 1069 iis
1542 1035 1731 1068 x‘irtutilms
1750 1032 1901 1065 maxime
1920 1030 2094 1075 loquitur,

1108 1102 1196 1135 quac
1221 1089 1257 1121 in
1279 1087 1344 1121 bac
1370 1087 1551 1120 communi
1576 1086 1741 1120 societate
1770 1083 1983 1117 exercendae
2014 1086 2093 1115 sunt

1108 1153 1187 1185 erga
1215 1138 1390 1172 homines.
1454 1138 1726 1172 Observandum
1758 1142 1809 1169 est
1841 1140 1958 1167 autem
1991 1144 2093 1175 argu-

1108 1198 1267 1224 mentum
1304 1191 1417 1234 ipsum
1453 1188 1652 1222 Aristotelis
1671 1215 1680 1227 ,
1733 1187 1814 1232 quia
1850 1197 1931 1218 x‘ere
1967 1190 2001 1216 et
2035 1184 2094 1215 de-

1108 1242 1340 1276 monstrative
1356 1240 1639 1285 refutatEpicuri
1657 1237 1829 1283 dclii-iam)
1840 1237 1881 1269 de
1900 1235 2094 1279 voluptate.

1109 1295 1246 1327 Deinde
1266 1292 1401 1336 singula
1418 1293 1577 1324 membra
1595 1289 1809 1324 definitionis
1826 1300 1888 1322 suo
1907 1298 2006 1319 more
2026 1285 2095 1318 col-

1108 1346 1195 1389 ligit.
1227 1344 1388 1377 Primum
1409 1350 1483 1376 erat
1501 1345 1542 1375 de
1559 1354 1696 1386 genere.
1731 1339 1919 1373 Beatitudo
1937 1343 1987 1371 cst
2003 1336 2094 1369 actio

1108 1396 1256 1429 rationis
1274 1395 1310 1427 in
1330 1393 1484 1427 homine.
1545 1393 1609 1425 llic
1628 1406 1710 1426 usus
1727 1397 1778 1425 est
1793 1389 1858 1423 hac
1875 1391 2095 1422 demonstra-

1109 1448 1218 1480 tione.
1252 1446 1405 1490 Propria
1422 1442 1683 1477 actioliominis
1699 1441 1958 1476 estbeatitudO.
1993 1438 2095 1471 Actio

1108 1497 1256 1531 rationis
1276 1503 1326 1530 est
1346 1495 1490 1541 propria
1509 1493 1676 1528 hominis.
1729 1492 1824 1536 Ergo
1840 1490 2095 1524 beatitudinem

1110 1555 1251 1594 oportet
1269 1560 1341 1581 esse
1365 1547 1521 1592 aliquam
1548 1545 1696 1579 rationis
1719 1544 1907 1576 actionem.
1967 1541 2095 1574 Postea

1109 1601 1231 1634 attexit
1267 1600 1363 1632 aliud
1404 1598 1624 1636 membrum,
1674 1596 1805 1629 scilicet
1847 1592 2096 1627 differentiam.

1107 1651 1296 1685 Beatitudo
1315 1656 1365 1684 est
1383 1649 1474 1682 actio
1492 1649 1641 1682 rationis
1656 1647 1848 1682 secundum
1867 1645 2045 1677 virtutem.

1378 1722 1646 1757 Demonstratio
1663 1720 1749 1754 baec
1767 1727 1828 1754 est.

1159 1787 1253 1820 lnter
1271 1784 1426 1818 actiones
1443 1783 1592 1817 rationis
1609 1781 1849 1828 praestantior
1875 1785 1909 1812 et
1933 1778 2096 1811 ordinata

1210 1844 1261 1871 cst
1275 1836 1471 1870 beatitudo.

1158 1888 1261 1922 Actio
1294 1888 1486 1921 secundum
1516 1885 1684 1918 virtutem
1716 1889 1768 1917 est
1796 1880 2036 1927 praestantior
2065 1886 2097 1913 et

1212 1939 1388 1973 ordinata.

1158 1991 1254 2035 Ergo
1271 1988 1358 2023 haec
1376 1994 1426 2022 est
1442 1987 1638 2021 beatitudo.

1212 2060 1262 2093 Ac
1280 2058 1363 2093 satis
1388 2063 1535 2102 apparet
1560 2053 1652 2088 hanc
1675 2052 1913 2086 differentiam
1939 2061 2097 2083 necessa-

1109 2112 1162 2145 rio
1178 2112 1351 2144 adiectam
1369 2122 1453 2143 csse.
1506 2107 1555 2140 Ut
1573 2106 1666 2138 enim
1685 2104 1808 2138 musici
1827 2103 1905 2137 finis
1933 2108 1981 2135 est
2004 2107 2097 2133 recte

1110 2170 1143 2196 et
1161 2170 1251 2196 certa
1272 2162 1425 2207 quadam
1445 2165 1519 2192 arte
1537 2170 1673 2197 canere,
1696 2168 1769 2189 non
1787 2155 1978 2188 absurdum
1996 2151 2097 2197 quid-

1109 2216 1190 2247 dam
1216 2221 1250 2247 et
1273 2213 1453 2246 dissonum
1480 2222 1624 2247 sonare;
1679 2205 1890 2240 arithmetici
1922 2210 1971 2237 est
2003 2209 2097 2236 recte

1109 2277 1318 2304 numerare,
1345 2276 1419 2296 non
1445 2262 1656 2295 conturbare
1683 2265 1717 2292 et
1739 2257 1954 2291 confundere
1978 2253 2097 2286 multi-

1110 2317 1288 2350 tudinem:
1329 2315 1377 2348 sic
1398 2315 1433 2346 in
1456 2313 1594 2346 ratione
1621 2310 1822 2356 quaerenda
1847 2313 1897 2340 est
1923 2305 2014 2338 actio
2040 2317 2096 2337 or-

1110 2369 1231 2401 dinata
1254 2366 1355 2400 certis
1381 2365 1592 2410 quibusdam
1618 2361 1758 2403 regulis.
1819 2358 1903 2391 Inde
1926 2355 2012 2389 haec
2037 2357 2095 2388 de-

1111 2417 1321 2453 monstratio
1341 2417 1465 2450 oritur.
1519 2412 1707 2456 Principiis
1725 2416 1851 2443 natura
1869 2409 1981 2447 notis,
2013 2406 2095 2452 quia

1112 2477 1203 2503 certa
1222 2476 1273 2504 est
1290 2481 1413 2502 eorum
1430 2466 1578 2505 veritas,
1608 2462 1925 2506 obtemperandum
1949 2464 2018 2499 est,
2045 2464 2096 2498 ut,

1111 2533 1249 2555 necesse
1268 2526 1319 2554 est
1336 2517 1597 2552 arithmeticum
1613 2513 1712 2558 sequi
1728 2519 1855 2545 natura
1884 2516 2006 2543 notam
2030 2521 2095 2541 nu-

1424 2567 1604 2611 Prineipia
1629 2564 1783 2609 practica
1807 2569 1956 2596 naturae
1982 2559 2093 2593 indita

1647 2616 1742 2660 Ergo
1768 2613 1822 2649 his
1847 2616 2095 2657 obtemperan-

1111 2573 1358 2606 metationem.

1110 2631 1209 2664 sunt,
1236 2629 1276 2657 ut
1291 2626 1417 2666 regant
1432 2619 1599 2653 actiones.

1144 2739 1190 2771 22)
1211 2738 1322 2768 deliria]
1342 2737 1382 2761 sic
1400 2737 1475 2760 recte
1494 2734 1565 2759 Edit.
1583 2733 1673 2764 1546.;
1699 2733 1748 2758 Ed.
1770 2731 1844 2756 1545.
1864 2729 1967 2754 delicia.
