2347 3000
1066 822 1119 863 Π.

247 920 347 962 ΡΗ.
386 919 546 963 MEL.
586 919 899 964 ΕΤΗῙΟΑΕ
935 920 1348 967 DOCTRINAE
1386 925 1929 974 ELEMENTORUM

947 1020 1094 1051 LIBRI
1123 1020 1236 1053 DUO.

162 1122 194 1150 ln
223 1122 442 1160 Prolegomenis
473 1132 502 1161 p.
528 1121 691 1152 13—-16,
722 1128 782 1151 tres
811 1122 896 1151 huius
925 1123 990 1151 libri
1020 1124 1179 1160 editiones,
1217 1135 1287 1162 quas
1318 1126 1489 1155 Melanthon
1522 1128 1586 1166 ipse
1618 1132 1745 1168 curavit,
1782 1133 2004 1173 descripsimus,
2039 1137 2100 1166 scil.

78 1173 219 1212 annorum
245 1164 348 1201 1550„
374 1164 627 1203 1553-1554,,
652 1163 764 1202 1560.,
787 1166 890 1205 quibus
913 1175 991 1194 nune
1012 1167 1145 1195 addimus
1168 1167 1326 1196 editionem
1350 1171 1419 1197 anni
1445 1170 1536 1199 1557.
1560 1172 1610 1200 illo
1636 1173 1698 1201 loco
1722 1176 1867 1213 omissam,
1897 1187 1972 1216 quae
1995 1179 2034 1207 sic
2056 1180 2102 1207 in-

80 1213 186 1245 scripta
214 1213 275 1236 cst:

208 1248 352 1278 Ethicae
375 1248 548 1279 doctrinae
571 1249 730 1278 clementa
754 1254 786 1278 ct
809 1251 983 1278 enarratio
1007 1248 1088 1278 libri
1109 1252 1218 1288 quinti
1232 1250 1439 1282 Ethz'corum.
1485 1254 1637 1284 Additae
1659 1263 1736 1286 sunt
1759 1261 1965 1297 quaestiones
1984 1262 2025 1291 de
2043 1261 2102 1293 Iu—

248 1294 425 1329 ramentis,
462 1292 501 1321 de
524 1291 897 1328 Excommunicacione‚
929 1296 960 1320 ct
984 1292 1022 1320 dc
1045 1291 1129 1332 alzjjs
1153 1292 1347 1331 quibusdam
1370 1294 1547 1336 Masei-ijs.
1592 1298 1726 1328 Autore
1749 1301 1908 1341 Philippo
1932 1304 2102 1335 Melanth:

249 1333 311 1373 (cui
333 1336 441 1363 nomini
465 1336 645 1372 suppositum
669 1341 713 1363 est
736 1335 871 1362 officinae
894 1340 1009 1372 typogr.
1033 1336 1073 1364 10.
1097 1337 1230 1364 Cratonis
1253 1339 1430 1373 symbolum:
1466 1340 1577 1368 Simson
1604 1342 1716 1371 leonem
1741 1345 1881 1383 diripiens
1906 1347 1981 1384 [sine
2005 1351 2101 1378 verbis

250 1378 321 1405 alias
342 1378 582 1414 circumscriptis,
605 1377 680 1405 conf.
704 1377 840 1413 Prolegg.
863 1386 892 1414 p.
913 1376 951 1405 13
969 1377 1049 1415 sq.])
1078 1374 1301 1414 'Vittcbergae
1323 1389 1410 1409 anno
1432 1380 1659 1412 M.D‚LVII.
1683 1401 1725 1407 —
1749 1386 1796 1425 (In
1822 1389 1910 1427 fine:)
1941 1388 2102 1420 Wieeber-

251 1427 317 1456 gae
340 1417 526 1448 excudebat
549 1417 716 1447 Iohannes
739 1418 856 1455 Grato,
878 1419 1035 1457 impensis
1060 1419 1208 1450 Cum-adi
1223 1419 1351 1451 Ruelz'i.
1382 1421 1482 1452 Anno
1497 1424 1544 1454 M.
1554 1424 1727 1458 1).LVII.
1756 1429 1787 1459 8.
1810 1430 1850 1460 22
1876 1432 1973 1470 plagg.
1999 1432 2033 1472 (3
2049 1435 2100 1464 ult.

272 1471 335 1490 ‹¹1⁰⁰-
359 1471 453 1489 vacuis
474 1482 482 1489 .

80 1500 113 1528 In
135 1500 188 1529 hac
210 1471 337 1530 edgioenee
360 1460 572 1531 dedicaiionem
594 1503 631 1530 ad
653 1503 813 1531 Burenium
836 1502 939 1531 Mense
962 1501 1097 1539 Octobri,
1120 1505 1204 1533 Anno
1229 1505 1320 1536 1550.
1346 1508 1481 1545 scriptam
1505 1510 1665 1548 „Epitome
1687 1511 1890 1552 philosophiae
1913 1517 2030 1545 moralis
2053 1527 2102 1547 re-

79 1544 172 1580 petita
194 1552 269 1571 anno
294 1543 408 1574 1548.”
429 1546 578 1583 sequitur,
601 1545 741 1583 deinceps
766 1545 845 1584 (sine
868 1545 928 1572 ulla
950 1545 1134 1582 praefatione
1155 1556 1207 1575 seu
1231 1549 1430 1586 dedicatione)
1463 1554 1607 1581 enarratio
1637 1555 1696 1590 „In
1727 1557 1858 1593 quintum
1890 1559 1994 1586 librum
2017 1560 2101 1588 Ethi-

80 1595 176 1613 corum
199 1586 402 1623 Aristotelis-P,
431 1589 476 1616 cui
499 1588 662 1616 dissertatio
685 1589 759 1624 „De
781 1588 885 1616 arbore
907 1589 1162 1625 consanguinitatis
1185 1596 1216 1618 et
1238 1591 1420 1621 affinitatis.'‘
1443 1604 1507 1622 cum
1530 1596 1657 1624 carmine
1680 1597 1828 1627 Ursellani
1852 1601 1880 1627 in
1903 1601 2006 1630 Ethica
2028 1603 2100 1632 Mel.

79 1636 195 1656 annexa
218 1634 276 1664 est3
308 1635 369 1658 tuin
391 1630 520 1668 denique
543 1631 727 1668 quaestiones
748 1631 833 1665 illae,
858 1639 981 1667 quarum
1002 1631 1030 1657 in
1055 1631 1138 1659 titulo
1163 1632 1227 1660 libri
1250 1635 1358 1662 mentio
1380 1635 1456 1664 facta
1480 1643 1540 1673 est,
1564 1645 1726 1676 sequuntur
1749 1643 1789 1669 sic
1811 1642 1983 1680 inscriptae:

208 1669 424 1708 Quaestiones
447 1672 574 1711 aliquot
596 1671 742 1707 ethicae,
766 1671 806 1701 de
828 1673 1040 1708 iuramentis,
1070 1677 1415 1706 excommunicatione
1438 1683 1470 1708 et
1493 1677 1578 1718 alijs
1601 1679 1731 1712 casibus
1755 1681 1918 1722 obscuris,
1948 1685 2101 1725 explica-

250 1719 307 1743 tae
330 1716 365 1743 in
387 1715 526 1744 lectione
549 1713 680 1744 Echion.
724 1713 761 1744 A
783 1713 947 1754 Philippo
970 1713 1196 1746 Melanthum.

78 1755 243 1825 {ditionem
265 1766 341 1785 anno
365 1756 460 1790 1556,
488 1759 674 1798 Argentorati
695 1767 832 1788 excusam
856 1767 914 1786 non
941 1766 958 1786 a
979 1758 1168 1789 Melanthone
1191 1761 1270 1799 ipso,
1291 1762 1344 1790 sed
1366 1763 1401 1791 ab
1423 1764 1479 1792 alio
1502 1765 1628 1803 quodam
1651 1773 1779 1797 curatam
1801 1778 1867 1798 esse
1890 1779 1978 1808 supra
2000 1777 2100 1800 osten-

103 1807 183 1826 unus.

827 2044 1033 2075 LIBER
1083 2047 1350 2078 PRIMUS.

136 2162 168 2196 ui
193 2174 418 2196 communem
435 2162 634 2196 doctrinam
663 2164 705 2197 de
728 2163 937 2203 virtutihus,
972 2175 1061 2208 quac
1218 2166 1357 2199 Prima:
1400 2167 1492 2212 Quia
1518 2182 1638 2203 earum
1654 2169 1683 2217 ¹)
1706 2172 1830 2205 notitia
1857 2175 2098 2211 testimonissm

82 2216 120 2248 in
141 2212 365 2259 philosophia
386 2214 557 2254 traditur,
585 2215 750 2255 laudant,
771 2215 981 2260 plerumque
998 2213 1062 2247 hac
1116 2224 1184 2256 cst,
1213 2219 1309 2263 quod
1329 2218 1372 2251 sit
1388 2218 1494 2254 Deus.
1548 2221 1639 2255 Nam
1659 2230 1839 2257 aeternum
1858 2232 1890 2258 et
1910 2226 2098 2262 immotum

83 2278 186 2300 causa
204 2266 360 2299 contenti
376 2271 477 2305 sunt,
504 2266 600 2310 quod
620 2266 665 2299 sit
688 2278 815 2299 norma
837 2266 928 2299 vitae
948 2264 1063 2298 honii-
1116 2269 1303 2302 discrimen
1321 2267 1551 2304 honestorum
1572 2279 1605 2306 et
1622 2274 1777 2317 turpium
1796 2276 1831 2308 in
1848 2283 1976 2318 mente,
1995 2285 2098 2313 testa-

82 2330 168 2351 num
195 2329 215 2350 a
238 2316 316 2350 Deo
340 2317 488 2357 tradita,
514 2317 557 2349 ad
579 2318 749 2360 regendas
773 2317 930 2351 actiones
952 2323 1063 2350 extem
1116 2326 1192 2359 tur,
1220 2318 1310 2353 hanc
1332 2328 1497 2355 naturam
1524 2335 1597 2356 nou
1622 2337 1693 2358 esse
1719 2338 1799 2359 casu
1816 2333 1949 2369 ortam,
1975 2331 2036 2363 sed
2056 2331 2098 2364 ab

82 2380 165 2409 nas,
206 2380 311 2414 quam
336 2368 396 2414 qui
420 2367 585 2400 atrociter
610 2368 763 2408 violant,
798 2369 926 2402 multas
948 2368 1063 2401 tristes
1117 2371 1234 2416 aliqua
1252 2378 1393 2404 aeterna
1409 2380 1525 2407 mente
1540 2372 1828 2411 architectatrice.

84 2431 215 2464 poenas
239 2419 306 2453 sibi
330 2426 365 2453 et
386 2419 464 2453 aliis
488 2425 680 2453 accersunt.
738 2418 816 2453 Etsi
838 2426 956 2453 autern
977 2417 1063 2452 haec
1219 2422 1395 2456 Secunda:
1424 2424 1516 2469 Quia
1534 2426 1646 2465 docet,
1675 2428 1786 2472 qualis
1805 2428 1965 2465 sitDeus.
2008 2431 2095 2466 Cum

85 2470 241 2504 laudatio
265 2482 349 2504 vera
374 2477 443 2511 est,
485 2476 519 2504 et
542 2482 768 2516 nequaquam
793 2471 1064 2510 contemnenda,
1118 2472 1210 2505 enim
1229 2474 1459 2509 discernimus
1475 2474 1620 2510 honesta
1642 2484 1675 2510 et
1694 2479 1808 2523 turpia
1822 2507 1831 2519 ‚
1858 2481 2099 2527 intelligimus,

86 2527 207 2555 tamen
236 2523 519 2568 quandocunque
549 2522 591 2555 de
615 2521 785 2565 dignitate
808 2519 913 2556 huius
935 2521 1065 2555 doctri-
1117 2523 1232 2557 Deum
1251 2537 1322 2559 esse
1339 2527 1545 2571 sapientem,
1574 2528 1736 2569 liberum,
1758 2543 1930 2573 veracem,
1955 2533 2098 2574 iustum,

86 2584 153 2605 nae
185 2578 219 2606 et
245 2573 288 2605 de
316 2573 502 2619 disciplina
529 2573 722 2617 cogitatur,
763 2573 1001 2617 adiungantur
1033 2579 1067 2606 et
1118 2576 1331 2617 beneficum,
1364 2584 1515 2618 castum,
1549 2579 1813 2616 misericordem
1838 2590 1901 2619 etc.

86 2624 175 2657 aliae
198 2635 346 2667 magnae
368 2631 402 2658 et
427 2637 549 2669 gravcs
574 2636 709 2658 causae.
763 2623 840 2657 Sint
854 2624 961 2668 igitur
977 2636 1065 2657 sem-

86 2687 151 2720 per
181 2687 219 2708 m
252 2682 440 2733 conspectu
471 2674 537 2734 hae
566 2682 720 2722 quatuor
742 2687 886 2733 causae,
920 2681 1066 2721 propter
1154 2706 1183 2733 ¹)
1203 2711 1295 2728 earum
1321 2705 1396 2733 (scii.
1422 2705 1588 2735 virtutum]
1613 2706 1653 2730 sic
1677 2708 1751 2732 recte
1775 2709 1841 2734 Eud,
1863 2709 1935 2736 ¹55⁰.
1961 2710 2100 2741 et155⁴.;

88 2738 175 2771 quas
190 2738 384 2761 necessaria
403 2733 454 2762 est
470 2734 643 2762 virtutum
660 2733 827 2772 cognmo.
1187 2740 1253 2764 Eud.
1275 2739 1348 2765 1557.
1366 2741 1393 2764 et
1414 2740 1487 2764 1560.
1508 2746 1609 2766 eorum.

1399 2773 1479 2809 11*

1954 2584 2000 2619 Et
2023 2585 2098 2632 qui—
