2347 3000
212 114 285 149 823

213 205 294 233 sunt
320 198 472 232 dix-inae.
529 197 690 231 Diximus
714 203 830 228 autem
854 194 1014 240 supraffi)
1040 194 1082 226 de
1105 204 1196 238 aqua

215 249 352 294 pluvia;
380 262 502 281 verum
522 249 556 281 iu
575 249 646 282 istis
662 247 796 279 levibus
815 246 983 289 exemplis
999 257 1073 278 non
1090 256 1198 288 appa-

218 307 271 334 ret
288 301 339 334 vis
357 307 391 333 et
408 300 538 333 utilitas
556 300 728 330 locorum.

321 351 406 394 Cap.
424 350 479 383 lx.
517 349 545 392 3.
563 348 623 382 39.
663 349 696 381 A
721 349 826 390 capite
848 343 1035 392 arcessere]
1070 344 1108 378 Id
1136 350 1199 384 est,

218 414 291 434 non
310 408 360 435 est
376 412 511 433 necesse
537 400 586 432 ire
611 400 655 431 ad
682 404 877 430 extremum
903 409 1030 439 geuus;
1065 403 1104 430 ut
1126 408 1198 428 non

219 453 265 485 sic
283 453 377 485 dico:
406 450 532 484 Omnis
547 448 742 484 substantia
760 460 930 492 corporea
948 447 1117 486 animata,
1137 453 1200 479 etc.

218 517 294 535 mox
306 510 400 540 etur,
428 502 487 534 sed
507 500 712 545 simpliciter
734 499 781 532 sic
804 499 900 531 dico:
929 499 1046 531 Omne
1070 497 1201 530 animal

219 559 392 586 moxetur.
469 554 551 585 Loci
574 549 671 598 vitio]
700 548 737 582 ld
761 556 828 589 est,
861 562 1004 593 aggeres
1029 561 1101 581 non
1128 560 1202 580 nia-

218 603 369 642 nusacti,
397 604 539 647 quaudo
558 601 714 635 conditio
732 601 798 633 loci
818 600 865 633 sic
884 607 953 639 est,
982 606 1021 632 ut
1046 610 1202 632 necessa-

221 655 271 686 rio
290 653 414 686 inssuat
430 653 466 685 in
484 653 627 687 alterius
642 664 745 696 agros
763 664 866 695 aqua.
941 653 1052 685 sslicmc
1069 651 1202 690 nocens]

220 705 373 749 Quando
404 704 532 749 aliquis
562 709 637 737 arte
661 710 695 737 ct
716 715 826 735 mauu
850 714 980 747 aquam
1002 701 1038 733 in
1061 700 1204 733 alterius

221 768 323 800 agros
342 755 486 788 inducit.

323 804 352 849 3.
370 804 430 839 40.
456 805 564 838 Dolus
580 801 706 850 mulus]
734 802 765 835 A
781 802 894 847 speeie
912 803 955 834 ad
973 814 1092 845 genus.
1152 799 1204 833 De

220 856 302 889 dolo
321 856 415 888 malo
433 855 556 888 Cicero
581 855 672 887 libro
691 855 725 888 3.
753 854 921 898 ()1's1‹·.⁶‘-’).
973 853 1078 886 bulla
1104 864 1206 895 pecu-

220 907 279 940 nia
298 907 333 939 in
350 906 508 950 publicos
526 918 607 938 usus
624 905 801 943 instituta,
830 911 879 937 est
896 904 1063 935 vertenda
1082 903 1117 934 in
1135 901 1207 946 pri-

222 965 322 991 vatos
339 970 439 990 usus:
474 969 556 999 ergo
573 968 637 988 nec
660 956 806 1000 pecunia
832 954 1131 987 monasteriorum
1157 958 1208 986 est

224 1009 393 1042 vertenda
410 1007 447 1040 in
466 1008 623 1051 privatos
638 1019 732 1040 usus.

325 1058 412 1102 Cap.
426 1058 469 1092 X.
503 1057 533 1101 3.
550 1056 611 1091 42.
649 1059 691 1091 δί
714 1061 804 1090 tutor
821 1053 939 1101 fidem]
974 1053 1056 1086 Duo
1079 1064 1206 1095 genera

223 1108 497 1144 similitudinum
513 1107 607 1140 facit.
664 1107 806 1144 Unum,
837 1107 931 1150 quod
959 1103 1131 1136 dialectici
1156 1103 1209 1134 in-

223 1159 447 1199 ductionem,
475 1171 565 1204 quae
582 1163 650 1197 est,
676 1157 818 1202 quando
839 1168 879 1188 ex
895 1155 1013 1187 multis
1036 1153 1209 1187 similibus

223 1223 335 1244 unum
357 1211 503 1255 aliquod
524 1208 732 1251 colligimus.
808 1205 994 1249 Fiduciam]
1023 1203 1208 1237 Fiduciam

225 1261 437 1306 aceepitffla)
461 1260 508 1300 is,
538 1259 594 1293 cui
616 1271 671 1292 res
690 1258 808 1303 aliqua
826 1257 1070 1299 mancipatur,
1098 1255 1144 1287 ita
1170 1261 1210 1287 ut

226 1324 305 1346 eam
333 1311 554 1355 mancipanti
583 1309 817 1352 remancipet:
860 1313 900 1340 ut
931 1306 1043 1341 nostri
1076 1305 1210 1351 equites

226 1363 308 1397 belli
338 1362 559 1406 temporibus
587 1360 795 1404 mancipant
820 1358 942 1391 amicis
967 1358 1094 1390 fundos
1118 1369 1211 1395 suos,

225 1420 265 1448 ut
288 1420 368 1458 post
390 1412 538 1457 periculi
560 1418 698 1455 tempus
717 1410 916 1443 restituant.
969 1408 1057 1440 Vide
1073 1407 1212 1440 Cicero-

225 1465 281 1498 nis
307 1464 366 1497 lib.
386 1464 421 1497 3.
444 1462 545 1496 Offic.
572 1467 605 1494 et
630 1474 695 1505 pro
713 1459 906 1505 Flaccoffl).
991 1459 1212 1502 Procurator]

226 1516 445 1549 Procurator
476 1519 548 1553 est,
592 1512 653 1557 qui
684 1512 794 1545 multa
822 1509 962 1553 negotia
993 1510 1035 1541 de
1067 1508 1213 1541 alicuius

227 1566 397 1599 mandato
415 1564 510 1598 facit.
581 1559 803 1610 παραγωγή]
830 1560 905 1604 Ego
924 1566 1008 1604 puto
1024 1560 1212 1602 legendum

229 1612 470 1664 ἐπαγωγήω).
523 1613 579 1647 Sic
601 1613 695 1645 enim
716 1612 922 1646 Aristoteles
945 1609 1139 1654 vocatffla).

332 1665 362 1710 3.
384 1665 443 1700 43.
483 1667 537 1698 De
563 1663 704 1707 finibus]
739 1662 876 1696 Scilicet
899 1660 1079 1704 regendis,
1123 1671 1213 1705 quae

228 1716 318 1750 aetio
337 1722 387 1750 est
407 1717 448 1748 de
464 1714 700 1748 describendis
714 1713 885 1746 limitibus
909 1718 942 1744 et
964 1711 1092 1744 finibus
1113 1722 1214 1754 agro-

229 1780 321 1801 rum.
364 1766 534 1809 Exempla
552 1765 723 1798 etiamad
739 1763 1007 1797 similitudinem
1025 1761 1213 1806 pertinent.

228 1818 429 1862 Discipulus
446 1828 520 1849 non
538 1821 588 1850 est
607 1815 724 1848 maior
746 1814 915 1858 magistro
925 1812 990 1859 65);
1034 1810 1213 1846 Christum

230 1868 390 1914 oportuit
406 1866 552 1912 patiffi):
584 1877 667 1909 ergo
688 1871 722 1898 et
736 1877 802 1898 nos
820 1863 1010 1909 oportebit.

333 1917 364 1963 3.
387 1917 447 1953 44.
489 1918 664 1960 Exemplis
685 1917 843 1960 plurimis
866 1927 947 1949 usus
977 1914 1043 1958 est]
1078 1913 1215 1959 Quibus

228 1970 349 2004 docuit
370 1970 588 2003 voluntatem
612 1967 734 2010 scripti
757 1967 984 2010 spectandam
1009 1977 1101 2005 esse,
1141 1976 1215 1997 non

228 2021 304 2065 ipsa
320 2019 522 2064 verbaffia).
598 2020 640 2051 In
655 2030 750 2051 suam
770 2015 1012 2063 tutelam‘ffibss
1047 2021 1098 2048 est
1121 2015 1215 2059 apud

228 2071 435 2105 Ciceronem
456 2069 495 2103 in
517 2068 678 2102 oratione
705 2079 771 2113 pro
799 2067 970 2108 Caecina,
1007 2072 1041 2100 et
1063 2066 1100 2099 in
1126 2066 1215 2100 Ora-

261 2179 310 2206 61)
328 2178 392 2202 Vid.
410 2179 477 2202 nota
494 2176 529 2201 ad
547 2176 604 2203 Cic.
623 2177 690 2207 trop.
706 2177 732 2208 4,
751 2175 793 2201 2³.

263 2221 313 2249 62)
332 2220 388 2245 Cic.
408 2220 442 2244 de
461 2220 596 2250 Offic.111‚
616 2220 659 2250 15,
678 2219 721 2243 61.

264 2263 332 2291 62³)
350 2262 469 2293 accepit]
488 2261 528 2286 sic
546 2261 630 2286 Editt.
647 2260 720 2285 1533.
731 2277 739 2292 ,
760 2259 851 2289 1541.;
877 2259 927 2284 Ed.
941 2257 1016 2282 1550.
1033 2257 1140 2288 accipit.

263 2306 313 2334 63)
332 2305 387 2330 Cic.
413 2305 447 2328 de
467 2304 544 2329 Offic.
557 2303 604 2334 111,
624 2303 668 2335 15,
686 2302 728 2327 61.
754 2304 782 2327 et
806 2307 855 2332 pro
874 2301 975 2326 Flacco
1000 2307 1022 2326 c.
1036 2300 1080 2332 21,
1098 2301 1140 2324 51.
1164 2305 1216 2324 vo-

298 2340 356 2363 cab.
374 2338 482 2370 fiducia
500 2337 627 2362 occurrit.

263 2382 312 2408 64)
333 2380 454 2406 oremus
472 2377 603 2412 ἐπαγωγὴ
622 2379 650 2402 in
668 2379 771 2402 textum
790 2376 900 2407 recepit.

262 2423 331 2452 64³)
350 2423 425 2447 Haec
447 2423 514 2446 nota
537 2422 564 2445 in
588 2421 673 2446 Editt.
696 2420 785 2451 153³.‚
812 2420 887 2444 1541.
917 2420 980 2443 ante
1006 2418 1075 2442 duas
1095 2418 1216 2449 proxime

296 2457 489 2480 antecedentes
507 2456 643 2480 collocata
661 2456 712 2480 est.

263 2498 311 2529 65)
331 2499 424 2523 Matth.
441 2499 483 2529 10,
501 2499 544 2523 24.

266 2541 315 2567 66)
334 2541 398 2564 Luc.
412 2540 456 2570 24,
476 2541 520 2564 26.

264 2581 331 2613 662¹)
351 2583 423 2639 {alteo
436 2583 501 2638 rtiota
516 2582 544 2606 in
557 2582 640 2607 Editt.
655 2582 741 2614 ¹533„
762 2580 835 2605 1541.
855 2579 976 2611 proxime
995 2578 1118 2610 sequenti
1136 2580 1215 2610 post-

299 2621 358 2645 posi
407 2622 436 2639 es
453 2633 459 2639 .

266 2655 334 2686 66¹³)
353 2658 387 2682 1η
405 2664 489 2681 cuam
511 2658 644 2688 tutelam]
670 2659 725 2684 Pro
748 2657 791 2682 his
818 2657 873 2682 Cic.
899 2656 990 2681 verbis
1016 2655 1045 2681 in
1068 2656 1119 2682 Ed.
1139 2656 1214 2683 1550.

297 2691 417 2723 legitur:
442 2693 500 2718 Bac
518 2692 551 2716 de
568 2698 607 2717 re.

779 110 901 146 Pilll..
938 108 1049 144 MEL.
1080 106 1281 143 SCRIPTA
1314 106 1650 145 PfflLOLOGltJA.

2153 110 2227 146 824

1250 198 1348 232 tore,
1382 192 1464 226 item
1488 193 1525 226 in
1538 193 1698 227 Perfecto
1723 195 1932 241 oratorem).
1998 195 2150 229 Instituit
2174 209 2234 229 au-

1252 249 1320 275 tem
1349 243 1492 276 Crassus
1516 242 1606 276 hanc
1635 247 1911 279 controversum]
1942 247 2108 279 adversus
2133 247 2236 279 Scae-

1253 293 1382 326 volam.
1434 294 1587 337 Quidam
1610 296 1790 330 discedens
1811 298 1889 330 serit
1908 303 2169 335 testameimnn,
2197 303 2236 329 ut

1252 343 1279 376 si
1303 356 1391 376 uxor
1418 345 1628 388 peperisset,
1655 347 1746 380 tilius
1769 346 1891 381 liaeres
1912 354 2010 380 esset.
2064 347 2099 380 Si
2119 353 2237 379 autem

1254 395 1446 433 interisset,
1490 395 1694 440 priusquam
1720 397 1755 429 in
1779 411 1877 431 suam
1907 399 2049 431 tutelam
2076 397 2239 437 wnisset,

1254 452 1291 477 ut
1317 445 1346 477 ei
1369 446 1570 478 succederet
1593 447 1680 480 alius
1699 445 1841 488 haeres,
1869 462 1972 494 quem
1997 448 2239 482 substituisset.

1257 496 1353 528 Uxor
1371 496 1522 528 nonfuit
1539 497 1697 537 gravida.
1749 497 1822 531 Iam
1841 500 1943 531 amici
1970 501 2060 532 illius
2084 498 2240 531 defuncti

1254 552 1379 590 petunt
1396 544 1670 587 haereditatem,
1698 554 1731 581 et
1747 549 1804 581 ille
1821 550 2027 583 substitutus
2051 551 2155 582 etiam
2182 561 2239 594 pe-

1256 597 1307 630 tit.
1367 596 1510 630 Crassus
1535 598 1580 630 ad
1612 599 1838 633 substitutum
1869 600 1954 634 dicit
1982 601 2179 644 pertinere,
2221 611 2240 633 a

1257 647 1457 681 testamenti
1480 648 1674 682 voluntate.

1359 697 1387 741 3.
1406 697 1465 731 45.
1495 700 1635 741 Campus
1653 701 1800 744 illorum]
1828 699 1957 733 scilicet
1981 706 2177 733 oratorum.

1359 750 1444 792 Cap.
1463 748 1517 782 xl.
1545 748 1573 792 3.
1593 749 1653 783 46.
1679 751 1912 794 lustin-entim]
1941 750 2055 784 Locus
2078 750 2243 782 differen-

1259 799 1345 837 tiae,
1375 801 1517 845 quando
1535 799 1626 833 inter
1642 813 1696 833 res
1721 800 1855 845 aliquid
1878 801 2034 834 interest.
2084 801 2165 834 hon
2189 812 2242 834 se-

1259 850 1399 894 quitur,
1441 850 1649 884 traditiones
1679 851 1855 885 institutas
1885 853 1930 884 ad
1960 851 2243 885 institit-ationem

1260 913 1331 932 uon
1349 913 1419 934 esse
1436 901 1628 935 faciendas:
1657 914 1739 944 ergo
1765 914 1855 947 quae
1880 904 1924 935 ad
1948 902 2085 935 civilem
2110 902 2242 935 cultum

1261 951 1440 984 institutae
1457 958 1558 991 sunt,
1584 964 1659 985 non
1674 952 1778 985 liceat
1794 954 1926 993 facere,
1959 953 2041 997 quia
2059 953 2150 985 inter
2167 952 2245 985 illas

1262 1002 1468 1034 traditiones
1488 1002 1622 1047 aliquid
1649 1002 1887 1049 inici-estffla).
1949 1003 2005 1036 Sic
2021 1003 2123 1036 Pauli
2148 1003 2245 1036 locus

1261 1052 1407 1084 totius⁰⁷
1417 1052 1447 1097 Ι1)
1466 1052 1589 1095 capitis
1605 1053 1639 1086 6.
1655 1054 1699 1084 ad
1716 1052 1900 1086 Romanos
1922 1059 1973 1087 est
1995 1053 2031 1086 in
2058 1054 2119 1086 tali
2145 1053 2245 1086 diss'e-

1261 1102 1374 1135 tentia
1393 1108 1425 1134 et
1443 1102 1740 1136 dissimilitudine.

1365 1151 1394 1196 3.
1419 1151 1479 1186 47.
1519 1155 1772 1188 Contrariorum
1797 1159 1905 1187 autem
1925 1154 2078 1198 genera]
2112 1153 2188 1186 Hoc
2209 1152 2246 1186 in

1262 1201 1451 1236 dialecticis
1473 1203 1562 1236 solet
1586 1204 1696 1243 tradi,
1728 1203 1891 1237 videlicet
1914 1210 2068 1250 quatuor
2092 1216 2163 1238 esse
2190 1215 2248 1247 ge·

1262 1265 1347 1286 nera
1365 1254 1723 1300 oppositionumfflc).
1775 1254 1919 1295 Primo,
1945 1255 2144 1288 contrariae
2161 1266 2248 1300 qua-

1262 1304 1394 1337 litates:
1421 1317 1567 1345 sanum,
1593 1317 1755 1349 aegrum;
1783 1305 1954 1345 calidum,
1980 1305 2160 1349 frigidum,
2183 1311 2250 1340 etc.

1264 1355 1423 1388 Secunda
1440 1355 1590 1400 species,
1618 1367 1708 1400 quae
1726 1355 1899 1400 privative
1922 1363 2168 1400 opponuntur:
2195 1367 2251 1389 sa-

1264 1405 1417 1450 pientia,
1468 1406 1683 1450 insipientia.
1758 1406 1928 1440 Habitum
1963 1408 2077 1440 lucem
2108 1412 2250 1446 vocant,

1265 1456 1501 1501 privationem
1522 1457 1610 1490 lucis
1636 1457 1817 1498 tenebras,
1845 1459 1989 1504 quando
2012 1469 2086 1491 non
2109 1464 2250 1497 natura,

1265 1508 1326 1541 sed
1351 1508 1504 1541 desectus
1528 1514 1676 1541 naturae
1704 1508 1909 1552 opponitur.
1970 1508 2092 1542 Tertia
2117 1508 2249 1553 species

1266 1564 1317 1591 est
1340 1558 1573 1599 relationum,
1607 1559 1697 1592 sicut
1719 1565 1820 1603 pater
1844 1565 1878 1592 et
1897 1558 2000 1593 filius.
2061 1559 2154 1594 Nam
2176 1570 2250 1591 non

1267 1615 1316 1641 est
1333 1609 1516 1652 possibile,
1542 1609 1647 1643 simul
1662 1622 1734 1643 esse
1754 1616 1891 1653 patrem
1909 1616 1942 1643 et
1958 1610 2080 1644 filium.
2134 1610 2250 1654 Quar-

1267 1665 1341 1691 tum
1366 1672 1475 1703 genus
1498 1666 1548 1693 est
1569 1660 1902 1694 contradictionum.
1955 1660 2031 1693 Hoc
2057 1660 2149 1693 cadit
2174 1666 2251 1693 tan-

1268 1715 1342 1742 tum
1366 1710 1403 1742 in
1425 1710 1724 1754 propositionem:
1767 1711 1900 1752 Sedeo,
1940 1723 2013 1744 nou
2037 1712 2160 1750 sedeo;
2200 1711 2252 1744 lo-

1268 1772 1380 1805 quor,
1407 1772 1481 1793 non
1497 1761 1639 1807 loquor.

1683 1845 1833 1889 Regula.

1370 1911 1524 1956 Quando
1543 1911 1667 1946 tribuis
1684 1925 1794 1946 unum
1813 1913 2032 1947 contrarium
2051 1912 2167 1955 alicui,
2192 1925 2251 1947 ne-

1269 1974 1361 1996 cesse
1376 1969 1427 1995 est
1442 1963 1592 1995 alterum
1611 1963 1779 1997 adimere..

1371 2012 1400 2056 3.
1418 2012 1477 2047 48.
1521 2015 1728 2060 στερητικά]
1772 2012 1963 2060 στερητικὰ
1991 2027 2056 2049 nos
2085 2027 2252 2050 vocamus

1268 2062 1441 2106 privative
1464 2064 1638 2108 opposita.
1697 2064 1745 2098 Et
1765 2065 1956 2098 videndum
1981 2072 2051 2107 est,
2078 2078 2168 2112 quae
2191 2078 2254 2099 vo-

1269 2114 1392 2147 cabula
1428 2122 1593 2148 naturam
1632 2121 1692 2149 aut
1724 2115 1921 2150 absentiam
1955 2123 2102 2150 naturae
2145 2117 2251 2160 signi-

1269 2165 1384 2199 ficem.

1303 2299 1353 2327 67)
1373 2299 1426 2323 Cic.
1446 2304 1495 2328 pro
1514 2298 1628 2322 Murena
1646 2304 1668 2324 c.
1686 2299 1727 2330 10,
1742 2299 1800 2331 22,
1821 2299 1938 2324 occurrit
1957 2298 1987 2323 in
2005 2298 2114 2328 tute1a3
2133 2299 2164 2321 de
2174 2299 2252 2326 Orat.

1336 2333 1358 2365 1,
1377 2333 1422 2364 39,
1446 2333 1502 2356 160.
1529 2335 1605 2358 nrut.
1624 2340 1647 2357 c.
1661 2334 1705 2364 52,
1729 2334 1785 2358 195.
1805 2334 1836 2358 in
1857 2340 1939 2358 suam
1958 2334 2080 2357 tutelam
2098 2334 2206 2358 venire.

1301 2383 1370 2411 67³)
1391 2383 1451 2406 Non
1476 2382 1601 2412 sequitur
1624 2395 1658 2400 —
1682 2382 1785 2413 aliquid
1815 2383 1958 2411 interest]
1989 2382 2029 2405 sic
2057 2382 2140 2406 Editt.
2164 2382 2250 2413 15³³„

1337 2418 1428 2447 1541.;
1458 2416 1595 2441 Ed.1550.
1618 2417 1678 2440 Non
1703 2417 1841 2446 sequitur:
1872 2416 2052 2440 Pei-rectionis
2077 2417 2251 2440 Christianae

1556 2450 1560 2454 ⁴
1584 2451 1588 2454 “
1610 2451 1615 2455 ”
1639 2451 1642 2455 ’
1932 2451 2006 2481 Ergo
2024 2450 2150 2480 princeps
2168 2450 2251 2475 clu-1·-

1336 2485 1443 2508 stianus
1462 2484 1584 2508 homines
1603 2485 1758 2508 scelerosos
1780 2484 1832 2507 sibi
1857 2484 1972 2507 iniurias
1998 2485 2143 2513 impunitos
2171 2485 2250 2508 debet

1336 2518 1490 2547 dimittere,
1519 2518 1582 2548 quia
1607 2519 1678 2541 inter
1703 2518 1803 2547 privati
1820 2518 1936 2542 hominis
1956 2518 2082 2542 iniuriam
2100 2521 2127 2542 et
2147 2519 2250 2543 crimen

1335 2552 1489 2576 maiestatis
1506 2553 1619 2576 multum
1636 2553 1762 2575 interest.

1301 2600 1370 2630 ⁶7¹»)
1390 2602 1487 2632 totius]
1507 2602 1548 2627 sic
1565 2603 1614 2627 Ed.
1630 2602 1721 2632 1550.;
1746 2601 1828 2627 Editt.
1847 2602 1937 2633 153³.,
1964 2603 2036 2627 1511.
2056 2604 2138 2627 totus,

1300 2652 1366 2683 67s)
1387 2653 1467 2677 Cous.
1493 2653 1556 2677 Met.
1581 2654 1700 2677 Erotem.
1726 2652 1840 2677 Dialect.
1864 2652 1892 2677 in
1919 2653 1997 2678 huius
2023 2655 2103 2684 corp.
2127 2652 2248 2678 Reform.

1334 2688 1398 2713 Vol.
1414 2687 1485 2712 Xlu.
1503 2694 1529 2719 p.
1543 2687 1590 2712 561
1606 2693 1648 2718 sq.
1666 2688 1716 2713 584
1730 2693 1787 2719 sqq.
1812 2687 1863 2713 697
1874 2694 1933 2720 sqq.
