2347 3000
58 123 132 158 369
420 123 477 158 III.

57 208 315 250 communicat,
355 216 415 243 aut
448 209 590 242 ordinat
620 221 801 253 personas.
867 210 962 243 Haec
993 217 1043 243 est

58 273 141 294 vera
168 267 201 293 et
224 260 358 304 integra
384 260 521 293 divisio.
594 260 686 295 Nam
712 258 797 293 haec
823 268 903 294 sunt
927 261 1041 305 prima

57 323 205 355 genera,
232 323 321 356 quae
339 311 540 344 societatem
556 309 742 344 hominum
762 312 854 344 inter
871 326 904 346 se
922 313 1042 345 devin-

57 363 174 403 ciunt,
217 368 250 394 et
276 361 508 404 obligationes
534 363 698 406 pariunt,
733 363 895 396 videlicet
923 376 1042 396 rerum

57 412 350 451 communicatio,
380 419 412 444 et
436 413 614 446 ordinatio
641 426 886 457 personarunt.
941 415 1041 447 Hanc

55 463 283 508 partitionem
299 470 435 496 secutus
453 464 659 498 Aristoteles
680 465 716 497 in
740 478 858 499 rerum
885 478 1042 499 commu-

55 513 251 553 nicatione,
284 514 358 546 vult
383 515 472 547 effici
495 516 745 561 aequalitatem
769 515 1041 550 arithmeticam.

54 563 145 598 Nam
180 576 300 597 rerum
333 567 607 600 connnunicatio
639 567 675 600 in
706 568 881 600 infinitum
919 567 1042 610 vagari

54 615 168 647 debet.
222 614 304 648 Ideo
322 629 461 662 semper
478 619 581 651 debet
597 631 668 651 esse
685 630 823 650 summa
846 619 1041 663 aequalitas

53 665 181 699 mercis
199 672 229 698 et
249 667 363 710 pretii,
423 669 494 702 lN'ec
519 669 612 701 enim
635 675 752 712 posset
777 682 848 701 esse
872 669 1039 701 diuturna

54 717 349 758 eonnnunicatio,
375 717 485 752 sibae
508 719 720 765 aequalitate
745 720 901 759 sublata,
930 721 1038 752 altera

53 779 136 811 pars
156 766 413 803 exhauriretur.
455 770 501 802 At
515 770 551 803 in
569 771 776 803 ordinandis
792 771 950 814 personis
967 771 1041 803 vult

55 819 144 851 eslici
169 820 418 864 aequalitatem
447 822 710 864 geometricam.
777 821 947 866 Princeps
979 822 1040 854 tri-

54 870 140 902 buat
177 882 305 903 munus
348 872 548 904 cancellarii
583 873 660 905 viro
699 872 869 916 sapienti,
923 874 1040 913 docto,

55 920 189 952 amanti
222 920 392 953 iustitiam
422 929 455 954 et
481 935 706 956 communem
732 924 1040 969 tranquillitatem,

54 976 88 1003 et
114 969 399 1018 συ,ιιβιβασῑικ(ῥ
410 972 453 1018 9).
506 973 709 1007 Exercitum
734 977 851 1008 tradat
875 975 1039 1008 bellatori

53 1020 190 1065 perito,
232 1022 525 1065 gubernationem
550 1025 747 1066 Ecclesiae,
790 1026 920 1066 doctis,
962 1026 1041 1071 piis,

51 1073 261 1111 1noderatis;
290 1074 581 1116 gubernationem
599 1077 797 1110 studiorum
814 1077 981 1117 literatis,
1009 1084 1042 1110 et

53 1122 255 1156 amantibus
290 1124 495 1165 veritatem5
551 1134 755 1171 praeturam
791 1128 1040 1162 iurisconsulto

53 1179 117 1206 etc.
169 1173 215 1206 Et
239 1181 278 1207 ut
302 1177 460 1209 membra
484 1178 588 1211 unius
613 1179 772 1222 corporis
797 1192 918 1211 onines
947 1192 1041 1211 eoni-

52 1225 245 1268 plectatur,
268 1238 371 1259 suum
389 1228 514 1273 cuique
539 1230 655 1261 locum
681 1230 788 1262 tribui
815 1237 932 1269 curet,
960 1242 1042 1274 pro-

52 1276 173 1307 videat
204 1287 248 1308 ne
279 1278 357 1321 quis
389 1291 528 1312 cursum
563 1280 705 1313 alterius
734 1280 915 1324 impediat.
986 1280 1041 1313 Sic

53 1326 258 1360 Aristoteles
282 1329 516 1363 eruditissime
535 1331 693 1363 distinxit
708 1332 958 1375 aequalitatem
972 1357 980 1369 ,
1009 1337 1042 1363 et

55 1378 209 1410 ostendit
228 1378 374 1412 diversis
399 1381 555 1414 materiis
579 1381 807 1425 applicandas
831 1394 922 1421 esse,
950 1388 984 1413 et
1002 1394 1039 1413 ex

54 1425 120 1460 hae
143 1428 346 1461 diversitate
371 1431 457 1463 duas
482 1431 612 1475 species
636 1431 788 1464 iustitiae
818 1432 1041 1476 particularis

53 1478 246 1512 constituit.
301 1479 447 1519 Collatis
465 1479 520 1514 hie
538 1482 622 1515 locis
638 1481 801 1515 Isocratis
819 1489 853 1515 et
869 1483 1041 1523 Platonis,

52 1528 203 1572 intelligi
220 1536 354 1573 potest,
383 1532 468 1576 quid
492 1533 643 1566 moverit
657 1532 882 1567 Aristotelem
909 1534 953 1566 ad
978 1531 1040 1567 has

52 1586 218 1613 venustas
236 1581 445 1624 partitiones
470 1584 692 1629 aequalitatis
713 1585 979 1628 excogitandas,
1009 1591 1041 1617 et

53 1632 235 1676 quomodo
255 1632 485 1676 applicandae
504 1635 573 1668 sint
598 1635 634 1667 in
656 1641 728 1668 tota
754 1636 846 1668 vitae
861 1635 1040 1669 societate.

52 1682 200 1726 Semper
232 1689 349 1716 autem
380 1685 582 1728 praeluceat
607 1684 688 1719 huic
712 1684 959 1730 philosophiae
986 1687 1041 1719 lex

54 1733 188 1773 divina,
209 1746 298 1779 quae
314 1735 428 1768 sanxit
446 1738 695 1782 aequalitatem
715 1736 860 1783 (Manli.
875 1737 932 1777 19,
946 1736 1039 1782 19.):

52 1784 187 1828 Diligas
205 1785 407 1828 proximum
433 1787 521 1820 sicut
545 1794 576 1821 te
603 1788 730 1832 ipsum.
798 1787 904 1821 Item:
934 1789 1040 1833 Quod

52 1835 118 1868 tibi
136 1847 209 1868 non
225 1836 276 1869 vis
292 1836 385 1877 fieri,
414 1838 515 1871 alteri
539 1851 582 1872 ne
609 1839 743 1873 seceris.
794 1839 922 1872 Postea
938 1839 1040 1883 ‘'cogi-

53 1893 179 1926 tentus,
203 1899 271 1931 qua
289 1888 500 1932 aequalitate
518 1889 554 1922 in
569 1902 687 1923 rerum
706 1890 1040 1930 communicatione,

53 1949 123 1983 qua
148 1937 185 1969 in
206 1939 365 1981 personis
391 1941 561 1973 utendum
585 1941 640 1975 sit.
701 1940 812 1986 Cyrus
839 1942 1040 1975 adolescens

52 1989 89 2021 in
114 2001 178 2021 suo
201 1988 330 2021 iudicio
355 1992 580 2024 conturbavit
604 1990 666 2025 has
682 1992 932 2037 aequalitates,
960 2004 1038 2025 cum

53 2052 142 2085 puer
163 2040 353 2083 grandior,
393 2041 536 2076 indutus
560 2043 659 2075 brevi
685 2043 822 2083 tunica,
857 2043 1039 2087 eripuisset

53 2090 157 2123 alteri
174 2090 305 2123 minori
320 2091 519 2135 longiorem
544 2094 720 2134 tunicam,
756 2095 837 2126 data
863 2094 1038 2133 breviore,

53 2154 109 2175 res
128 2142 172 2174 ad
188 2142 321 2186 puerile
340 2142 509 2176 iudicium
526 2145 692 2178 defertur.
746 2145 858 2189 Cyrus
880 2157 1039 2189 pronun-

53 2193 119 2226 tiat
134 2192 245 2236 magis
263 2194 452 2227 conxenire
468 2195 609 2239 longam
627 2202 758 2229 vestem
777 2196 978 2239 grandiori,
1007 2203 1040 2228 et

52 2242 147 2277 hunc
166 2243 320 2277 retinere
339 2256 415 2277 eam
440 2245 546 2279 iubet.
577 2246 642 2278 Hie
659 2246 775 2292 inquit
784 2244 1038 2291 Xe1101)lion*):

55 2295 187 2340 Cyrum
200 2295 323 2339 plagas
339 2307 357 2328 a
377 2296 544 2340 magistro
565 2297 755 2341 accepisse,
791 2298 851 2343 qui
867 2297 1039 2343 docuit¹⁰)

54 2358 208 2393 aequum
227 2358 319 2386 esse,
345 2358 418 2379 non
436 2348 531 2393 quod
549 2348 650 2382 nobis
674 2349 833 2388 videtur,
860 2350 920 2382 sed
944 2350 1039 2394 quod

54 2397 110 2431 lex
135 2397 268 2437 sanxit,
311 2397 421 2442 legem
456 2405 574 2432 autem
605 2400 826 2444 praecipere,
870 2407 908 2433 nt
938 2413 1039 2432 suum

56 2449 204 2495 quisque
221 2454 348 2482 teneat.
391 2448 583 2482 Erraverat
601 2457 718 2483 autem
730 2450 840 2495 Cyrus
860 2451 895 2483 in
914 2451 1040 2484 discer-

55 2501 172 2534 nenda
197 2499 428 2544 aequalitate,
456 2501 673 2534 iudicaverat
691 2502 882 2534 seeundum
902 2514 1041 2545 geome-

91 2585 121 2612 9)
145 2581 357 2614 συ,ιιβιβτιστικῴ]
374 2583 411 2605 sie
427 2584 501 2606 recte
515 2583 692 2610 1⁴:111·tt.1525.,
715 2584 798 2611 1546...
821 2583 894 2608 1550.
911 2585 936 2606 et
953 2583 1042 2613 1554.;

125 2618 208 2642 Editt.
228 2616 300 2640 1557.
322 2618 348 2639 et
369 2617 442 2640 1560.
465 2618 684 2650 συμβιβαστηκῴ.

90 2652 122 2681 x)
142 2652 265 2680 Xenoph.
285 2650 438 2680 Cyn-opaed.
458 2652 475 2674 1.
491 2652 510 2674 l.
530 2659 552 2676 c.
567 2653 590 2676 3.
615 2654 640 2680 §-
659 2652 696 2676 17.

92 2688 138 2718 10)
159 2686 262 2713 dot-uit]
290 2686 328 2707 sic
354 2685 437 2708 Editt.
457 2686 546 2717 1550„
574 2687 664 2717 1554.,
696 2685 768 2710 1557.
789 2688 815 2710 et
836 2685 927 2716 1560.;
959 2685 1043 2709 Editt.

129 2721 204 2744 1545.
224 2722 250 2742 et
272 2719 344 2743 1546.
366 2720 493 2743 voluerit.

61 2763 240 2793 MELANTH.
265 2760 371 2792 Ormi.
396 2761 479 2791 VoL.
502 2762 592 2793 XVI.

528 122 811 159 ENARRATIO
844 123 971 158 LIBRI
995 123 1038 158 V.
1072 121 1362 157 ETHICORUM
1397 120 1722 159 ARISTOTELIS.

2009 129 2082 164 370

1096 208 1220 241 tricam
1238 207 1527 253 proportionem,
1556 222 1633 242 cum
1653 209 1847 256 aequalitas
1867 223 1939 245 non
1965 225 2084 257 perso-

1096 271 1243 299 narum,
1264 261 1324 293 sed
1344 272 1462 293 rernm
1481 266 1619 293 tantum
1638 268 1725 295 esset
1740 262 1899 296 facienda
1917 263 2083 299 arithme-

1096 310 1162 342 tica
1199 311 1452 354 proportione,
1506 324 1550 344 ne
1586 313 1674 345 alter
1708 314 1838 346 damno
1875 316 2083 352 afficeretur.

1095 360 1190 393 Haec
1211 367 1283 394 tota
1301 362 1492 406 disputatio
1513 363 1648 397 facilius
1671 364 1904 408 intelligetur,
1943 380 2021 401 cum
2046 369 2082 401 in

1095 412 1165 444 vita
1198 409 1266 444 hoc
1298 413 1487 446 discrimen
1513 415 1796 456 observabimus,
1831 417 2012 458 vidi-licet,
2046 419 2083 452 in

1095 462 1198 495 rebus
1217 464 1487 506 compensandis
1505 463 1596 499 hanc
1615 467 1863 511 aequalitatem
1891 476 2083 510 servantes,

1094 525 1138 545 ne
1157 513 1217 544 alii
1232 514 1363 546 damno
1384 515 1593 550 afficiantur.
1651 516 1690 550 In
1710 519 1870 562 personis
1886 533 1970 553 vero
1989 521 2083 553 ordi-

1094 564 1240 603 nandis,
1268 562 1360 597 hanc
1386 567 1677 611 exaequationem
1704 570 1890 611 facientes,
1919 578 1957 605 ut
1979 585 2082 606 suum

1095 615 1219 659 cuique
1235 615 1352 648 locum
1376 616 1584 652 tribuamus.

1479 750 1616 805 Caput
1649 755 1701 795 Π.

1262 842 1323 875 De
1352 842 1533 876 iustitia
1561 846 1912 893 particulari¹¹).

1136 917 1365 961 Quaerenda
1393 923 1451 953 est
1477 924 1608 955 autem
1635 926 1671 955 et
1700 924 1854 958 iustitia
1881 921 1970 970 eta]
1989 925 2045 971 ¹²).

1198 987 1312 1030 Supra
1330 985 1571 1019 definitionem
1592 988 1737 1021 tradidit
1754 990 1962 1025 universalis
1987 993 2085 1027 insti-

1094 1037 1183 1078 tiae,
1209 1049 1227 1070 a
1246 1050 1314 1082 qua
1332 1037 1490 1077 orditur,
1519 1038 1620 1082 quasi
1644 1040 1819 1074 collocans
1836 1040 2018 1076 hominem
2047 1046 2083 1077 in

1095 1089 1294 1128 civitatem,
1325 1088 1385 1120 nbi
1402 1088 1557 1131 primuni
1582 1091 1762 1125 docendus
1788 1099 1838 1125 est
1862 1091 1990 1134 homo,
2025 1097 2085 1128 de-

1094 1141 1169 1173 beri
1185 1139 1319 1183 legibus
1339 1139 1596 1179 obedientiam,
1624 1141 1712 1174 sicut
1729 1149 1761 1174 et
1781 1142 1815 1174 in
1835 1151 1962 1188 quarto
1983 1159 2084 1190 prae-

1095 1197 1195 1235 cepto
1221 1189 1380 1233 decalogi
1406 1191 1565 1224 docetur.
1626 1191 1768 1227 Primus
1795 1194 1901 1237 igitur
1925 1194 1980 1229 hic
2006 1210 2083 1240 gra-

1095 1243 1158 1274 dus
1183 1247 1233 1274 est
1255 1240 1430 1280 iustitiae,
1465 1248 1504 1274 ut
1528 1253 1634 1283 supra
1667 1244 1839 1284 diximus,
1876 1247 2084 1282 universalis

1096 1292 1308 1325 obedientia.
1343 1291 1471 1324 Postea
1489 1303 1573 1324 vero
1592 1292 1775 1327 disseritur
1792 1296 1834 1328 de
1854 1296 1984 1331 iustitia
2004 1311 2084 1342 par-

1095 1343 1253 1381 ticulari,
1289 1354 1395 1387 quain
1421 1349 1521 1375 acute
1544 1343 1711 1377 discernit
1734 1345 1941 1382 Aristoteles
1965 1360 1983 1381 a
2008 1362 2084 1383 cae-

1095 1393 1177 1426 teris
1202 1393 1402 1425 virtutibus.
1470 1392 1541 1437 Qui
1569 1393 1698 1434 iratus,
1739 1398 1892 1439 percutit
1921 1400 2084 1441 alterum,

1094 1443 1270 1488 pcccatlss)
1290 1442 1484 1476 iracundia.
1537 1442 1584 1475 At
1603 1445 1661 1488 qui
1681 1457 1753 1478 non
1772 1448 1881 1482 iratus
1896 1462 1959 1482 nec
1978 1451 2084 1485 laces-

1094 1496 1179 1529 situs
1195 1494 1311 1539 pulsat
1328 1494 1498 1533 alterum,
1532 1495 1727 1538 petulantia
1750 1505 1888 1541 peccat,
1918 1513 1991 1533 non
2015 1502 2084 1535 ira-

1295 1546 1355 1578 sed
1390 1543 1458 1577 alia
1493 1547 1648 1590 quadam
1681 1549 1796 1591 specie
1832 1561 1906 1583 non
1940 1564 2084 1587 servans

1095 1597 1344 1642 aequalitatem
1378 1596 1611 1630 necessariam
1647 1597 1750 1632 ritae.
1823 1599 1918 1634 Haec
1952 1605 2084 1646 species

1094 1655 1241 1681 vocatur
1269 1646 1494 1690 particularis
1521 1647 1713 1687 iniustitia,
1751 1656 1784 1682 et
1809 1647 1865 1684 hic
1890 1653 2082 1687 iniustitiae

1094 1711 1225 1732 nomen
1249 1703 1459 1741 usurpatur,
1497 1699 1578 1742 quia
1604 1699 1772 1745 quiddam
1796 1702 1896 1735 alteri
1925 1705 2082 1738 debitum

1094 1763 1166 1783 non
1183 1755 1402 1794 praestatur,
1432 1749 1594 1782 videlicet
1612 1751 1806 1795 aequalitas
1822 1755 1955 1788 sancita
1973 1755 2009 1788 in
2029 1755 2082 1790 bis

1094 1801 1212 1834 dictis:
1259 1799 1375 1843 Dilige
1396 1800 1599 1844 proximum
1622 1801 1709 1835 sicut
1740 1809 1770 1834 te
1797 1803 1930 1846 ipsum;
1980 1806 2081 1841 item:

1094 1853 1200 1897 Quod
1226 1850 1290 1884 tibi
1316 1863 1389 1884 non
1415 1851 1466 1884 vis
1492 1851 1585 1891 fieri,
1614 1853 1715 1885 alteri
1734 1865 1777 1886 ne
1794 1855 1928 1890 seceris.
1982 1857 2082 1891 Hanc

1093 1902 1357 1936 distinctionem
1382 1902 1575 1936 iniustitiae
1590 1904 1815 1947 particularis
1831 1918 1849 1938 a
1869 1908 2014 1942 caeteris
2032 1910 2082 1941 vi-

1094 1955 1149 1988 tiis
1173 1953 1344 1996 sagaciter
1372 1950 1427 1985 hic
1455 1954 1642 1998 investigat
1667 1955 1893 1997 Aristoteles,
1935 1959 2082 2002 prolatis

1094 2005 1282 2049 exemplis,
1311 2010 1344 2037 et
1366 2004 1519 2038 ostendit
1537 2006 1682 2050 proprie
1707 2007 1755 2039 sic
1774 2008 1893 2040 vocari
1914 2009 2081 2055 inaequa-

1093 2058 1227 2089 litatem
1250 2067 1312 2089 seu
1339 2055 1648 2090 conturbationem
1674 2058 1896 2103 aequalitatis
1926 2072 2081 2095 necessa-

1093 2109 1165 2141 riae
1182 2109 1226 2140 ad
1248 2107 1342 2140 vitae
1362 2106 1670 2152 tranquillitatem.

1095 1546 1220 1579 cundia
1235 1572 1244 1585 ,

1128 2242 1173 2267 11)
1194 2241 1276 2264 Editt.
1297 2241 1386 2268 1532„
1414 2242 1487 2265 15:35.
1508 2243 1534 2265 et
1555 2241 1646 2269 1539..
1681 2244 1707 2265 et
1726 2243 1808 2268 Editt.
1831 2244 1920 2271 1540.,

1164 2277 1236 2299 1544.
1264 2277 1286 2299 Ιι,
1309 2276 1324 2299 l.
1345 2276 1456 2299 eandem
1476 2276 1580 2305 quidem
1600 2276 1802 2305 inscriptionem
1828 2279 1940 2305 nabent,

1957 2244 2031 2268 1542.
2053 2247 2078 2269 et

1974 2281 2003 2302 at
2028 2286 2078 2303 ex-

1161 2310 1305 2338 plicatione
1324 2309 1381 2338 ipsa
1400 2316 1454 2333 non
1474 2311 1551 2333 niodo
1572 2312 1628 2333 tres
1648 2311 1755 2339 priores
1773 2317 1788 2334 a
1804 2312 1890 2334 trihus
1908 2314 2078 2342 subsequen-

1161 2345 1241 2371 tibus,
1260 2343 1308 2366 sed
1328 2344 1408 2366 etiam
1429 2346 1561 2373 utraeque
1578 2350 1594 2367 a
1614 2350 1664 2367 sex
1678 2345 1860 2375 Editt.1545.‚
1884 2346 1971 2375 1546„
1992 2347 2078 2378 1550„

1166 2378 1254 2407 1554.,
1276 2377 1347 2401 1557.
1368 2379 1394 2400 et
1415 2378 1488 2402 156⁰.
1508 2379 1587 2401 valde
1607 2378 1773 2407 discrepant.
1788 2391 1821 2395 —
1845 2380 1874 2402 ln
1891 2380 1973 2404 Editt.
1991 2381 2076 2411 154⁰,

1163 2411 1235 2435 1542.
1256 2413 1283 2434 et
1305 2412 1378 2436 1544.
1398 2412 1472 2435 illam
1492 2411 1693 2441 inscriptionem
1714 2419 1771 2434 eum
1792 2414 1891 2436 ceteris
1906 2415 1987 2437 Eunt.
2002 2421 2077 2438 com-

1162 2451 1266 2469 munem
1287 2445 1337 2468 liae
1361 2448 1510 2475 sequuntur
1536 2446 1678 2474 propriae:
1713 2447 1802 2475 Quare
1821 2448 1992 2471 Geometriea
2011 2455 2076 2478 pro-

1163 2480 1251 2509 portio
1270 2480 1396 2502 convenit
1414 2480 1448 2502 ad
1466 2476 1687 2502 distributivam?
1712 2494 1737 2496 —
1777 2482 1867 2509 Quare
1885 2483 2000 2512 optimus
2018 2487 2077 2507 sta-

1162 2517 1205 2537 tus
1224 2513 1337 2542 requirit
1355 2514 1554 2537 Geometricani
1573 2512 1797 2542 proportionem?

1131 2565 1177 2593 12)
1196 2564 1354 2587 Aristotelis
1371 2564 1455 2586 verba
1474 2564 1533 2587 Eth.
1554 2564 1570 2586 l.
1587 2564 1610 2587 5.
1631 2570 1652 2586 c..
1666 2564 1689 2587 ².
1712 2563 1736 2592 S.
1755 2565 1793 2591 1..
1825 2571 1893 2595 quae
1912 2567 1936 2591 h.
1952 2567 1969 2590 Ι,
1989 2568 2077 2597 expli-

1163 2600 1274 2627 cantur,
1294 2598 1373 2622 sunt:
1394 2597 1535 2629 Ζητοῦμεν
1554 2595 1584 2621 δέ
1602 2604 1630 2629 γε
1651 2596 1699 2627 τήν
1717 2597 1747 2621 ἐν
1765 2598 1841 2630 μέρει
1859 2596 1954 2631 ἀρετῆς
1976 2600 2077 2625 δικαιο-

1163 2631 1262 2661 σύνην·
1287 2633 1340 2656 etc.

1132 2684 1178 2711 13)
1199 2682 1304 2712 peccat]
1329 2682 1368 2704 sic
1392 2680 1476 2705 Editt.
1499 2680 1573 2705 1545.
1594 2682 1620 2705 et
1642 2681 1733 2711 1546.;
1771 2683 1852 2706 Editt.
1878 2684 1965 2715 1550„
1993 2686 2078 2715 1554„

1166 2717 1240 2742 1557.
1260 2717 1286 2740 et
1308 2716 1383 2740 1560.
1402 2716 1536 2745 peccavit.

1455 2749 1505 2786 24
