2347 3000
235 111 334 148 1095

235 198 329 232 illius
354 200 578 234 orationibus
604 201 709 234 etiam
736 202 866 237 Fabius
878 204 908 249 ⁶)
932 204 1008 236 loca
1035 205 1182 238 illustria
1194 204 1226 252 ⁷)

805 118 925 152 Pull..
961 118 1070 153 MEL.
1105 117 1306 153 SCRIPTA
1340 117 1675 156 PHILOLOGICA.

236 249 331 284 citat.
383 249 465 294 Egit
492 251 629 285 Romae
662 253 791 286 nmltas
817 260 850 287 et
873 267 1020 299 magnas
1046 268 1166 290 causas
1183 255 1226 303 ⁸).
1254 256 1255 295 ζ

605 333 861 371 Exordium.

339 400 535 435 Exordium
554 399 640 442 boc,
668 402 714 435 ita
731 410 770 436 ut
795 411 829 437 et
846 405 914 438 alia
939 408 1083 441 exordia
1101 410 1227 451 solent,

236 458 354 495 potest
388 454 649 496 propemodum
689 455 795 487 avelli
831 469 848 489 a
886 457 1022 503 reliqua
1053 461 1227 496 oratione.

238 502 328 535 Sunt
351 510 467 536 autem
493 504 721 538 exordiorum
749 506 836 547 loci,
870 509 1140 552 benevolentia,
1176 519 1227 545 at-

238 554 349 585 tentio
374 560 407 587 et
433 555 610 588 docilitas:
649 568 802 601 quorum
836 572 908 592 uno
944 561 1148 604 pluribusve
1175 563 1226 596 uti

238 604 373 644 licebit,
412 612 449 637 ut
482 608 710 640 commodum
741 609 825 649 erit,
869 618 977 656 utque
1014 626 1115 647 causa
1151 614 1225 659 ipsa

237 655 420 700 requirere
445 657 596 691 videtur.
649 658 732 692 Nou
764 660 857 693 enim
899 663 1063 698 omnilms
1095 665 1225 711 ubique

236 706 383 745 utimur,
407 708 466 740 sed
482 707 549 741 illis
568 715 717 750 tantum,
736 724 825 756 quae
843 716 1030 748 commoda
1049 716 1225 751 videntur.

237 755 275 789 In
298 755 363 790 liae
388 770 471 791 vero
499 772 600 793 causa
627 768 678 794 est
702 764 908 798 attentionis
924 766 1020 800 locus
1038 773 1225 807 tractatus3

236 814 402 841 extenuat
419 810 511 842 enim
530 823 605 843 rem
624 813 742 846 statim
762 815 875 849 initio.
928 817 1088 851 Attentio
1107 826 1224 853 autem

236 871 311 892 rem
330 860 383 892 vel
401 868 517 903 auget,
539 863 591 895 vel
610 870 787 905 extenuat,
807 874 913 910 prout
928 872 1157 904 commodum
1175 871 1226 903 vi-

237 911 378 943 debitur
401 924 536 946 causae.
591 913 705 948 Locus
729 916 836 960 igitur
859 919 1127 954 benevolentiae
1151 935 1225 955 non

238 963 348 1001 adest,
367 975 599 1009 quamquam,
617 966 678 1010 qui
697 974 849 1003 attentos
862 972 989 1012 reddit,
1007 973 1096 1006 idem
1110 974 1227 1007 reddit
1252 985 1253 990 ¹

236 1018 270 1046 et
285 1013 488 1048 benevolos.
522 1014 585 1048 Est
601 1023 717 1051 autern
737 1017 803 1052 hoc
822 1023 1005 1056 exordium
1023 1025 1125 1057 valde
1143 1026 1226 1058 sim-

237 1064 336 1108 plex;
366 1071 399 1096 et
421 1065 501 1097 illae
527 1067 706 1102 orationes
731 1070 887 1113 optimae
912 1080 1005 1114 suut,
1035 1087 1126 1120 quae
1143 1082 1225 1109 suut

237 1114 537 1158 simplicissimae,
578 1119 692 1162 qualis
723 1120 881 1165 Appellis
897 1123 928 1169 9)
974 1132 1024 1158 est
1064 1126 1162 1159 color
1189 1129 1225 1159 in

238 1165 377 1200 tabulis.
430 1167 561 1200 Sanam
589 1181 661 1202 esse
688 1171 787 1204 (lecet
812 1175 1032 1216 orationem,
1070 1189 1143 1210 non
1173 1178 1226 1211 su-

237 1223 372 1256 catam,
398 1229 471 1250 non
498 1220 693 1263 peregrinis
719 1227 938 1260 ornamentis
965 1227 1223 1262 luxuriantem:

237 1274 272 1299 et
298 1280 386 1312 quae
410 1268 445 1300 in
471 1266 565 1303 lmnc
591 1274 739 1307 modum
766 1278 962 1321 composita
989 1286 1059 1320 cst,
1087 1280 1145 1313 illa
1166 1282 1225 1314 de-

238 1331 335 1352 mum
361 1325 458 1364 grata
490 1327 551 1356 est.

557 1407 666 1442 Loci
706 1413 897 1448 exordii.

340 1471 524 1518 PrIncipio
553 1483 719 1510 extenuat
742 1492 903 1522 causam,
931 1489 1037 1528 atque
1057 1495 1074 1516 a
1093 1496 1130 1517 re
1148 1484 1223 1530 ipsa

239 1523 389 1557 orditur.
469 1525 557 1567 Res,
600 1527 737 1573 inquit,
775 1537 872 1565 tanta
906 1546 978 1566 non
1013 1542 1081 1574 est,
1116 1549 1222 1581 quam

239 1580 446 1617 oportuerat
472 1583 630 1621 tempore
649 1580 764 1614 alieno
782 1589 879 1616 tanta
899 1597 977 1618 cum
997 1588 1223 1621 contentione

239 1635 354 1667 agere.
414 1626 595 1662 Secundus
624 1630 721 1664 locus
757 1639 807 1665 est
838 1637 1022 1669 translatio
1053 1638 1222 1678 criminis,

240 1687 330 1719 quae
365 1683 431 1716 est,
467 1691 545 1711 cum
569 1681 671 1724 culpa
704 1684 758 1715 vel
782 1687 982 1727 praemium
1011 1691 1223 1722 transfertur

239 1726 329 1766 alio,
367 1734 424 1767 ut,
461 1731 556 1774 quod
587 1732 766 1775 privatum
793 1742 861 1775 est,
896 1739 939 1769 ad
965 1740 1220 1782 rempublicam

237 1778 466 1819 transfertur,
502 1782 557 1814 Yel
591 1790 725 1818 contra.
792 1786 903 1831 Culpa
937 1801 1021 1822 vero
1056 1791 1090 1822 in
1129 1789 1222 1824 liunc

237 1829 383 1862 modum
406 1843 517 1875 prope
541 1836 725 1868 transferri
746 1837 853 1878 solet,
883 1852 960 1873 cum
988 1853 1052 1875 nos
1078 1842 1222 1876 alterius

237 1891 343 1913 suasu
366 1887 427 1914 aut
450 1882 605 1927 impulsu
627 1886 663 1919 id
685 1887 805 1921 fecisse
830 1901 1028 1925 causamur.
1089 1893 1222 1928 Trans-

237 1929 380 1965 lationis
412 1945 497 1966 vero
529 1933 615 1970 haec
647 1944 698 1971 est
715 1938 760 1986 ¹⁰)
789 1942 980 1976 sententia:
1025 1943 1221 1986 Atratinus,

237 1980 372 2027 inquit,
405 1985 459 2016 vel
494 1993 607 2021 aetate
639 1996 782 2032 peccat,
818 1993 872 2024 vel
903 2005 1023 2027 errore
1046 1997 1219 2040 quodam;

236 2038 273 2064 at
307 2033 365 2066 illa
406 2038 596 2079 meretrix,
630 2040 728 2074 cuius
759 2041 816 2075 ille
847 2043 1000 2088 impulsu
1031 2043 1098 2079 hoc
1126 2048 1220 2088 facit,

237 2089 288 2115 est
311 2087 589 2130 comprimenda.
654 2091 776 2125 Cicero
799 2092 865 2127 lioc
891 2096 926 2128 in
953 2096 1031 2129 loco
1055 2099 1220 2132 adversa-

237 2134 330 2168 rium
357 2149 460 2171 suum
484 2139 689 2176 Atratinum
711 2156 785 2177 non
809 2152 936 2180 tractat
964 2148 1130 2191 graviter,
1159 2152 1218 2183 sed

237 2187 384 2221 omnino
409 2189 558 2224 civiliter
582 2199 615 2226 et
637 2195 809 2238 molliter,
844 2209 885 2230 eo
909 2200 1005 2244 quod
1030 2200 1095 2233 sibi
1119 2202 1218 2234 sami-

270 2313 300 2342 6)
320 2314 384 2338 Fal).
405 2314 517 2344 Quintil.
537 2316 621 2342 instit.
641 2321 709 2343 orat.
730 2319 756 2348 1,
781 2320 814 2348 5,
838 2321 898 2349 61.;
925 2322 950 2348 l,
975 2322 1007 2350 6,
1033 2323 1090 2351 4⁴24
1118 2323 1172 2354 lv,
1190 2325 1216 2355 2,

306 2349 354 2372 123
372 2356 412 2379 sq.
430 2350 478 2374 cfr.
499 2351 628 2381 Y111‚6,
647 2353 707 2383 53.;
726 2354 781 2384 lx,
800 2355 834 2385 3,
852 2356 911 2385 533
930 2356 984 2385 Xl,
1008 2358 1035 2381 1.
1055 2358 1096 2380 51.

266 2393 297 2420 7)
317 2394 377 2416 loca
396 2393 532 2422 illustria]
550 2394 590 2418 sit:
607 2396 690 2420 Editt.
712 2397 804 2429 15³9„
832 2399 922 2431 1553.,
953 2400 1044 2430 1554.;
1070 2401 1119 2423 fid.
1142 2401 1216 2427 1568.
1241 2406 1243 2424 ῐ

298 2427 418 2451 illustria
438 2428 505 2453 loca.

265 2471 296 2497 8)
317 2471 461 2494 Accusavit
481 2471 550 2495 enini
572 2473 683 2497 Caelius
702 2474 731 2498 C.
750 2475 913 2504 Antonium,
941 2477 1082 2500 Ciceronis
1103 2477 1127 2501 in
1148 2484 1214 2501 con-

301 2506 390 2529 sulatu
410 2508 559 2536 collegam,
579 2508 612 2530 de
630 2509 784 2539 maiestate,
804 2512 831 2533 et
850 2512 878 2534 L.
900 2512 1087 2540 Sempronium
1106 2513 1214 2535 Atrati-

299 2547 360 2563 num
381 2540 511 2572 (patrem)
533 2542 564 2563 (le
583 2543 700 2573 ambitu3
719 2544 839 2568 defendit
857 2546 891 2568 M.
911 2546 1068 2577 Saufeium,
1087 2548 1114 2570 et
1131 2547 1214 2570 Milo-

299 2574 343 2597 nis
368 2581 476 2598 causam
501 2577 557 2603 egit
583 2577 615 2599 ad
641 2579 776 2607 populum.
820 2579 898 2604 conf.
918 2580 974 2604 Cic.
994 2581 1068 2604 Brut.
1086 2581 1134 2611 79,
1153 2581 1213 2604 273.

300 2611 327 2632 et
347 2610 443 2632 Orellii
462 2612 488 2632 et
508 2611 607 2633 uaitcri
628 2613 769 2638 onomast.
789 2614 905 2639 Tulliau.
925 2615 955 2640 P.
974 2615 1007 2641 Π.
1025 2622 1050 2646 p.
1068 2614 1212 2640 113—115.

265 2653 295 2679 9)
315 2652 391 2676 Γοηῑ.
412 2653 492 2680 silli:
511 2654 654 2681 catalogus
674 2656 806 2680 artificum
826 2663 850 2686 1).
869 2657 905 2680 60
923 2664 981 2689 sqq.

264 2697 309 2723 10)
327 2696 394 2720 haec
412 2697 470 2725 est]
488 2696 526 2720 sic
545 2697 626 2721 Editt.
648 2698 734 2729 1539„
762 2699 852 2733 1553„
880 2700 973 2734 1554.;
996 2701 1046 2728 Ed.
1067 2701 1141 2729 1568.
1168 2702 1211 2727 est

292 2733 369 2757 haec.

1251 298 1256 370 Ι

2162 121 2268 156 1096

1280 203 1433 237 liaritate
1464 205 1673 241 coniunctus
1704 213 1790 240 erat.
1856 206 2043 239 Transfert
2073 218 2156 250 ergo
2188 219 2263 240 rem

1282 266 1425 287 omnem
1449 255 1484 288 in
1511 256 1672 290 Clodiam
1696 258 1937 297 meretricem,
1972 257 2032 302 qui
2062 263 2112 290 est
2142 258 2265 292 tertius

1281 305 1398 344 locus,
1435 307 1565 340 scilicet
1599 310 1776 341 excusatio
1804 309 1851 341 rvi
1879 308 2048 341 Atratini.
2102 308 2266 342 Primum

1281 356 1433 396 crimen,
1463 358 1618 392 obiectus
1643 366 1693 393 est
1714 366 1830 403 pater;
1855 360 1977 393 Cicero
1997 360 2187 402 respondet
2204 371 2266 403 per

1585 410 1786 443 Secundum
1806 411 1938 443 crimen
1956 411 1996 443 de
2016 410 2266 454 municipibus.

1280 458 1475 499 'ri-ansino,
1502 461 1687 494 continens
1704 468 1965 505 argumentum,
1993 474 2063 506 quo
2081 462 2266 505 probatur,

1280 510 1375 554 quod
1401 522 1517 544 mores
1541 512 1651 544 Caelii
1677 513 1746 545 sint
1773 512 1991 556 probabiles,
2027 513 2108 557 quia
2135 512 2267 546 scilicet

1280 560 1388 604 ipsius
1421 568 1521 605 pater
1553 569 1586 595 et
1624 564 1821 607 municipes
1861 564 2024 607 probent.
2101 563 2265 596 Tertium

1279 611 1412 644 crimen
1430 613 1472 645 de
1492 614 1672 657 pudicitia.
1702 615 1907 658 l'iespondet
1925 627 1986 659 per
2004 614 2265 649 infitiationem.

1279 661 1394 696 Locus
1421 665 1620 699 communis
1651 667 1693 699 de
1717 666 1903 705 conviciis,
1940 677 2030 710 quae
2061 665 2136 698 sine
2170 665 2266 699 testi-

1279 714 1401 747 monio
1427 715 1604 750 dicuntur.
1656 717 1756 750 Alius
1780 718 1876 750 locus
1908 716 2107 749 communis
2131 717 2173 748 de
2201 729 2265 760 pu-

1279 766 1365 798 dore
1392 767 1661 802 adolescentiae.
1725 770 1902 813 Quartum
1933 767 2067 800 crimen
2092 768 2135 800 de
2162 767 2265 800 fami-

1278 816 1430 849 liaritate
1457 818 1642 853 Catilinae.
1696 819 1866 852 Confutat
1889 830 1906 851 a
1933 819 2052 861 signo:
2088 818 2170 852 Non
2199 818 2266 852 fuit

1277 868 1462 902 familiaris
1486 869 1678 909 Catilinae,
1706 884 1783 903 cum
1812 876 1901 903 esset
1924 871 2144 909 adolescens,
2181 869 2264 914 quia

1278 919 1345 952 suit
1376 920 1560 953 familiaris
1592 921 1735 953 inimico
1768 922 1960 960 Catilinae,
2002 920 2133 954 scilicet
2163 918 2264 955 mihi.

1280 971 1487 1004 Concessio:
1530 972 1612 1004 Fuit
1642 973 1826 1005 familiaris
1858 972 2052 1011 Catilinae,
2089 972 2149 1005 scd
2183 984 2263 1005 cum

1278 1022 1437 1055 moribus
1461 1034 1533 1054 non
1550 1029 1625 1055 erat
1642 1023 1850 1066 periculum.
1903 1023 2070 1056 Defendit
2087 1023 2130 1055 ab
2148 1035 2264 1056 exem-

1279 1073 1362 1116 plis,
1397 1079 1430 1104 et
1455 1073 1597 1106 additur
1628 1086 1730 1106 causa
1759 1086 1778 1106 a
1803 1073 1976 1106 Catilinae
2001 1073 2195 1113 industria,
2229 1080 2265 1107 et

1278 1123 1526 1156 describuntur
1549 1125 1748 1158 contrariae
1773 1136 1827 1158 res
1852 1125 1888 1156 in
1911 1124 2075 1157 Catilina.
2133 1123 2263 1157 Postea

1278 1186 1389 1218 pauca
1423 1176 1598 1221 quaedam
1631 1175 1797 1209 dicuntur
1821 1177 1865 1208 ad
1895 1176 2129 1209 excusandam
2153 1175 2263 1209 socic-

1279 1231 1385 1257 tatem
1421 1226 1689 1260 coniurationis.
1756 1227 1877 1260 Utitur
1915 1227 2139 1266 coniectura,
2178 1227 2260 1271 quia

1278 1277 1454 1309 accusavit
1479 1278 1683 1311 coniuratos
1708 1285 1742 1311 et
1764 1291 1842 1311 reos
1868 1278 2032 1310 ambitus.
2087 1277 2262 1321 Quintum

1279 1327 1431 1368 crimen,
1460 1329 1502 1361 de
1525 1341 1604 1362 aere
1632 1330 1748 1362 alieno
1772 1330 1826 1362 vel
1853 1329 2063 1373 sumptibus.
2117 1329 2262 1362 Sextum

1278 1379 1424 1419 crimen,
1439 1381 1482 1412 de
1498 1378 1719 1414 habitatione
1735 1381 1849 1414 vicina
1862 1381 2020 1414 Clodiae.
2063 1379 2260 1424 Septimum

1277 1431 1494 1474 praeiudicia
1512 1433 1554 1464 de
1574 1432 1730 1466 testibus.
1783 1433 1964 1465 'l'ransitio
1978 1431 2131 1475 longior,
2149 1432 2263 1465 donee

1277 1482 1439 1524 pei-§enit
1466 1484 1509 1515 ad
1550 1483 1834 1526 obiurgationem
1866 1483 2072 1517 delIciarum
2100 1483 2262 1515 refellen-

1276 1534 1370 1567 dam.
1423 1533 1468 1566 lit
1485 1534 1567 1579 quia
1587 1535 1630 1566 ad
1649 1535 1842 1569 multorum
1861 1534 2040 1568 orationes
2057 1535 2260 1578 respondet,

1277 1584 1391 1616 obiter
1407 1585 1508 1618 diluit
1528 1587 1716 1631 quaedam,
1743 1599 1834 1631 quae
1852 1587 1901 1619 illi
1922 1586 2136 1626 obiecerant,
2164 1585 2262 1618 vide-

1277 1635 1354 1667 licet
1374 1635 1573 1670 Herennius
1591 1643 1622 1669 et
1645 1637 1800 1670 Clodius.
1851 1638 1897 1670 Et
1922 1649 2000 1669 cum
2024 1635 2178 1669 breviter
2204 1648 2260 1669 ac-

1277 1687 1408 1718 cusavit
1431 1688 1614 1719 mulierem
1634 1688 1794 1720 Clodiam
1809 1715 1817 1727 ,
1845 1689 1941 1731 signa
1960 1687 2126 1730 colligens
2150 1687 2257 1720 salsae

1276 1743 1309 1768 ct
1333 1737 1414 1769 odio
1440 1741 1607 1770 confictae
1632 1740 1885 1778 accusationis,
1922 1744 2040 1782 postea
2062 1738 2188 1771 transit
2212 1739 2259 1770 ad

1275 1789 1534 1821 excusationem
1553 1790 1757 1822 deliciarum
1778 1790 1889 1822 Caelii
1907 1789 1962 1833 ¹¹).
2014 1789 2181 1834 Sequitur
2197 1790 2258 1822 ob-

1274 1839 1377 1871 iectio
1408 1841 1449 1872 de
1480 1841 1677 1873 severitate.
1730 1841 1936 1885 licspondct
1959 1847 2096 1880 autem,
2130 1840 2260 1874 severi-

1275 1890 1338 1922 tati
1369 1903 1554 1935 opponens
1583 1892 1865 1925 mediocritatem
1898 1899 1931 1924 et
1967 1898 2132 1924 naturam
2172 1892 2258 1924 ado-

1273 1941 1471 1976 lescentiae.
1524 1942 1683 1975 Primum
1716 1943 1836 1976 laudat
1867 1943 2110 1982 severitatem,
2142 1942 2170 1976 si
2201 1942 2258 1976 cui

1274 1999 1398 2026 natura
1417 1993 1574 2037 contigit.
1628 1994 1765 2027 Deinde
1784 2008 1801 2027 a
1821 1994 2024 2027 conditione
2043 2000 2257 2038 temporum,

1273 2045 1555 2077 mediocritatem
1585 2045 1801 2078 laudandam
1835 2058 1906 2079 esse
1939 2045 2035 2078 dicit.
2095 2044 2202 2077 Ratio
2235 2057 2255 2078 a

1272 2102 1399 2128 natura
1435 2097 1615 2135 locorum,
1657 2109 1747 2142 quae
1787 2097 1938 2129 invitant
1967 2097 2011 2129 ad
2044 2096 2255 2140 voluptates.

1271 2146 1431 2180 Secunda
1456 2148 1548 2180 ratio
1574 2148 1616 2179 ab
1641 2148 1822 2192 exemplis:
1850 2147 1954 2181 Multi
1977 2147 2013 2180 in
2028 2145 2095 2180 hac
2113 2147 2254 2180 civitate

1272 2205 1348 2230 acta
1378 2199 1614 2231 adolescentia
1641 2199 1676 2231 in
1705 2200 1964 2243 xoluptatibus,
1989 2205 2108 2231 tamen
2131 2204 2253 2242 postea

1271 2256 1491 2283 emerserunt
1513 2252 1557 2283 ad
1582 2250 1730 2293 frugem.
1783 2251 1860 2283 Alia
1880 2249 2096 2294 propositio,
2123 2249 2256 2283 scilicet

1270 2300 1454 2341 infitiatio,
1497 2301 1534 2334 iu
1567 2314 1635 2346 qua
1668 2301 1815 2334 omnino
1850 2301 2006 2335 Caelium
2024 2300 2068 2346 ¹¹²)
2100 2306 2253 2341 excusat,

1270 2358 1303 2384 et
1320 2352 1364 2398 13)
1406 2359 1512 2396 negat
1559 2365 1639 2385 eum
1687 2353 1844 2386 deditum
1889 2365 1960 2386 esse
1998 2351 2252 2395 voluptatibus.

1268 2403 1395 2443 Ratio,
1431 2410 1680 2447 argumentum
1704 2405 1856 2438 sumitur
1878 2416 1919 2437 ex
1944 2401 2083 2436 studiis:
2124 2402 2250 2436 Nullus

1267 2456 1406 2489 deditus
1429 2455 1692 2499 voluptatibus,
1726 2461 1842 2499 potest
1865 2467 1936 2488 esse
1961 2453 2099 2487 deditus
2115 2453 2251 2494 studiis,

1268 2508 1419 2540 tolerare
1476 2507 1636 2540 laborem
1695 2506 1835 2539 dicendi
1852 2505 1917 2552 1⁴),
1963 2504 2141 2538 scribendi
2185 2511 2249 2539 etc.

1281 407 1540 443 infitiationem.

1300 2632 1346 2659 ιι)
1366 2629 1468 2658 caeni]
1488 2629 1537 2653 Ed.
1558 2628 1632 2652 1568.
1652 2626 1774 2652 caecini.

1282 2661 1345 2693 '12)
1366 2664 1505 2691 caenum]
1524 2663 1573 2688 Ed.
1592 2663 1665 2686 1568.
1685 2661 1842 2686 caeninam.

1298 2701 1344 2727 13)
1365 2700 1406 2727 et]
1427 2698 1468 2721 sic
1485 2697 1568 2721 Euat.
1590 2696 1682 2724 1539.,
1705 2696 1796 2722 1553..
1818 2696 1908 2726 ¹554.;
1928 2695 1976 2719 Ed.
2000 2695 2072 2719 ¹568.
2092 2700 2159 2734 aes
2231 2728 2237 2734 .

1297 2736 1343 2764 14)
1363 2732 1482 2763 dicendi]
1498 2731 1538 2757 sic
1549 2731 1632 2757 Editt.
1650 2730 1734 2762 1539„
1751 2730 1835 2762 1553„
1855 2730 1944 2761 1554.3
1960 2730 2009 2754 Ed.
2026 2730 2100 2755 1568.
2114 2729 2246 2754 discendi.
