2347 3000
81 129 155 166 849
309 129 384 165 vlt.

78 216 213 249 riarum
234 216 421 249 lectionum
441 215 575 248 scribit:
604 215 686 248 Non
701 215 814 247 solum
836 225 900 257 pro
925 212 1064 257 pensio-

78 267 201 304 nibus;
235 269 294 300 sed
317 273 351 300 et
373 267 401 299 si
427 267 637 298 deteriorem
664 264 919 298 habitationem
945 264 1066 296 severit

81 318 180 361 culpa
198 330 259 351 sua
277 317 489 362 inquilinus,
516 329 586 361 quo
613 317 757 348 nomine
782 328 822 348 cx
846 316 960 348 locato
985 327 1062 347 cum

82 381 123 401 eo
143 368 208 400 erit
226 369 337 407 actio,
365 367 500 398 invecta
528 374 562 399 et
588 368 682 399 illata
711 367 853 411 pignori
877 372 981 399 erunt
1004 365 1064 397 ol)-

80 419 185 462 ligata
199 419 256 463 52).
325 418 382 450 Est
421 431 502 460 crgo
536 418 705 451 locationi
737 419 961 456 adiunctum,
1003 428 1064 459 op-

80 470 278 514 pigneratio
305 481 424 502 earum
452 481 584 502 rerum.
652 469 719 501 Sed
743 469 848 513 quid,
882 468 910 501 si
938 467 974 499 in
997 466 1064 499 illis

80 521 183 553 rebus
206 520 250 553 sit
273 520 415 564 aliquod
442 520 669 564 depositum?
722 519 786 551 Hic
812 531 853 551 ex
879 518 978 563 quasi
1003 518 1062 548 ad-

80 570 199 603 iuncto
231 570 297 603 erit
327 571 452 603 falsum
486 577 749 614 argumentum:
793 569 863 602 Res
893 575 975 602 sunt
1002 580 1063 611 op-

78 622 286 665 pignoratae
303 622 453 660 locanti,
482 634 564 665 ergo
585 627 619 654 et
636 621 846 664 depositum.

182 674 285 712 Quasi
300 670 520 718 pnyncmtim]
549 671 663 705 Locus
687 672 777 703 idem
803 682 907 714 supra
936 674 1063 701 tracta-

79 729 134 755 tus
154 728 203 755 cst
226 723 261 754 in
280 723 382 755 titulo
404 725 508 763 Quasi
523 725 740 756 contrarium.
794 721 859 753 Hic.
875 721 1060 752 innumera

78 774 235 816 exempla
271 774 497 817 suppeditant
525 771 754 816 ἀντονιμίαι,
793 771 825 803 id
855 777 923 808 est,
959 770 1062 811 leges,

78 824 133 855 vel
149 824 361 863 sententiae,
390 836 478 867 quae
496 823 661 854 videntur
678 834 848 866 pugnare.
899 820 964 853 Ut:
1010 820 1062 852 ‘xe—

77 874 267 907 mittuntur
292 874 322 905 ei
346 875 476 912 inulta,
511 873 591 917 quia
617 873 738 905 dilexit
763 872 924 905 inultum.
988 871 1063 903 Hoc

79 925 172 957 dicto
199 924 362 956 videntur
388 924 520 955 remitti
552 930 693 966 peccata
724 929 872 966 propter
904 922 1062 954 dilectio-

77 987 175 1007 nem:
204 975 315 1006 altero
332 981 478 1018 propter
494 974 598 1006 fidem
617 972 760 1019 (Matth.
778 973 813 1013 9,
828 973 923 1018 221)
958 972 1062 1005 Fides

76 1031 134 1057 tua
154 1025 286 1058 salvam
309 1031 342 1057 te
364 1025 455 1058 fecit.
506 1025 600 1057 Haec
622 1031 704 1058 sunt
727 1025 827 1069 quasi
854 1023 1062 1068 pugnantia.

76 1075 215 1119 Duplex
243 1076 336 1108 enim
363 1082 413 1107 cst
437 1075 624 1109 absolutio.
683 1075 802 1108 Altera
828 1074 1061 1108 conscientiae

78 1138 196 1159 coram
222 1126 318 1165 Deo,
363 1124 448 1158 baec
473 1126 617 1170 proprie
640 1127 678 1158 fit
703 1126 786 1158 fide:
826 1126 904 1158 ideo
931 1126 972 1157 dc
996 1126 1061 1157 side

77 1177 309 1209 concionatur
329 1174 487 1209 Christus
500 1204 508 1214 ,
536 1178 684 1222 loquens
700 1189 777 1209 cum
795 1177 954 1209 muliere.
1003 1175 1061 1208 Al-

76 1235 149 1260 tera
168 1235 213 1260 est
242 1228 416 1260 ⁴>lvsolutio
440 1228 597 1271 publica,
632 1239 721 1273 quae
744 1227 895 1272 requirit
918 1233 1059 1259 externa

76 1278 278 1311 testimonia
305 1291 473 1321 opernm,
511 1285 549 1311 ut
575 1278 759 1311 conxersio
789 1279 833 1311 sit
864 1277 1061 1310 manifesta.

76 1328 158 1362 Ideo
192 1329 414 1361 dilectionem
447 1335 479 1361 et
513 1341 618 1372 opera
655 1335 913 1361 connnemorat
942 1326 1061 1371 phari—

77 1380 226 1423 sae053).
280 1379 374 1412 Haec
392 1386 441 1413 cst
457 1380 604 1423 simplex
621 1386 653 1412 et
670 1380 774 1424 plana
793 1379 989 1424 explicatio.

177 1430 298 1463 Aliud:
339 1429 377 1462 In
409 1431 587 1475 emptione
619 1431 828 1463 transfertur
860 1429 1059 1462 dominium

77 1481 145 1515 rei:
183 1482 381 1514 dominium
416 1489 531 1514 antem
567 1488 618 1514 est
643 1482 744 1525 plena
770 1482 916 1514 facultas
943 1480 1060 1524 dispo-

77 1533 184 1564 nendi
203 1533 246 1565 de
262 1544 299 1565 re
317 1539 453 1576 empta,
479 1539 512 1565 et
530 1545 605 1565 eam
626 1532 822 1569 alienandi;
858 1538 892 1564 at
917 1532 951 1563 in
977 1543 1059 1563 con-

77 1590 210 1621 tractu,
236 1584 271 1615 in
291 1596 360 1628 quo
380 1590 427 1616 est
445 1590 585 1626 pactum
605 1584 647 1615 (le
664 1582 960 1628 revendvndoffl),
989 1594 1060 1614 eni-

75 1640 157 1678 ptor
175 1646 246 1666 non
264 1640 379 1677 potest
396 1635 549 1666 alienare
565 1646 638 1665 rein
659 1640 828 1678 emptam:
864 1646 946 1677 ergo
965 1633 1060 1665 vide-

76 1691 134 1717 tur
152 1697 216 1717 nec
240 1697 322 1717 vera
347 1685 479 1729 emptio
502 1697 591 1724 esse,
632 1697 695 1717 nce
723 1685 921 1717 dominium
947 1691 1060 1716 trans—

75 1735 171 1768 ferri.

177 1786 271 1817 Haec
289 1785 438 1818 obiectio
456 1786 555 1830 quasi
572 1798 733 1829 pugnans
757 1792 807 1818 est
831 1799 908 1818 cuin
931 1792 1056 1818 natura

77 1836 238 1869 (1011111111.
291 1836 382 1869 ‘Nam
403 1849 440 1868 re
462 1849 544 1868 x‘era
572 1849 643 1868 non
667 1843 819 1880 pugnat,
846 1836 927 1881 quia
946 1836 1060 1869 donii-

78 1889 178 1920 nium
209 1893 258 1920 est
287 1887 433 1919 facultas
459 1888 500 1919 de
524 1899 561 1919 re
589 1886 732 1930 propria
758 1887 967 1930 disponendi
993 1886 1060 1919 nisi

76 1945 251 1983 quantum
276 1938 440 1970 dominus
465 1938 657 1982 impeditur
681 1937 833 1981 legibus,
871 1944 931 1970 aut
956 1937 1059 1970 licitis

74 1996 196 2033 pactis.

177 2039 288 2084 Quasi
319 2038 512 2083 pugnantia
538 2044 635 2071 sunt:
680 2038 866 2082 Quaedam
891 2039 1059 2071 constitu-

76 2092 189 2124 tiones
208 2090 399 2123 admittunt
415 2089 467 2122 ius
485 2090 701 2131 suffragandi
720 2089 835 2129 laicis,
862 2090 899 2121 in
922 2090 1058 2122 iudiciis

75 2143 312 2187 synodorum;
357 2140 446 2172 aliae
480 2140 748 2174 constitutiones
779 2142 978 2173 concedunt
1006 2141 1058 2174 ius

75 2192 292 2235 suffragandi
312 2191 423 2224 laicis.

176 2244 244 2277 Sed
265 2241 350 2275 haec
372 2243 418 2274 ita
445 2241 696 2274 conciliantur:
732 2240 829 2274 Laici
851 2240 982 2276 habent
1006 2242 1057 2275 ius

76 2294 290 2338 suffragandi
306 2294 341 2325 in
364 2292 612 2325 controversiis
629 2294 854 2335 dogmatum,
882 2305 941 2326 seu
965 2293 1056 2331 fidei,

77 2345 165 2378 sicut
190 2346 280 2378 clare
307 2345 390 2376 dicit
415 2351 526 2376 textus
554 2343 781 2386 nonagesima
811 2351 905 2377 sexta
935 2345 1056 2377 (listin-

78 2396 265 2442 ctione⁵⁵):
308 2396 461 2428 Ubinam
491 2395 621 2438 legistis
655 2394 884 2437 imperatores
914 2396 1057 2440 synodis

76 2446 293 2486 interfuisse,
320 2447 387 2480 nisi
406 2446 496 2480 sorte
522 2446 557 2478 in
582 2445 810 2490 quibusdam,
845 2446 903 2479 ubi
926 2448 968 2478 de
991 2447 1057 2481 fide

110 2551 157 2582 52)
179 2552 227 2575 nis
248 2553 338 2576 verbis
357 2553 405 2577 iila
424 2555 466 2578 lex
484 2555 585 2578 sinitur,

109 2596 156 2621 53)
177 2596 238 2619 Luc.
257 2596 296 2624 10,
316 2596 349 2619 27
364 2603 420 2626 sqq.

109 2636 157 2666 54)
177 2638 254 2661 cons.
276 2643 359 2666 supra.
378 2645 402 2668 p.
420 2638 466 2661 130
479 2645 536 2668 sqq.
560 2637 610 2662 250
627 2645 684 2668 sqq.

109 2680 157 2706 55)
177 2680 284 2702 Decreti
302 2680 424 2703 Gratiani
445 2680 472 2702 P.
488 2680 508 2703 1.
531 2681 707 2705 nisinxovi.
727 2688 749 2705 c.
765 2684 788 2705 4.
817 2683 912 2711 (Coi-p.
933 2681 982 2704 iur.
1002 2687 1050 2705 ca·

146 2719 208 2737 non.
230 2714 269 2737 ed.
291 2714 402 2736 Ricntr-n·
422 2714 450 2737 P.
465 2715 483 2737 1.
505 2721 526 2743 p.
543 2715 627 2740 252).

83 2756 259 2784 Mamm-ru.
283 2756 388 2785 omi.
414 2756 495 2785 Vox„
519 2755 608 2784 XVI.

439 126 824 164 COMMENTARIUS
858 127 906 162 IN
941 126 1190 164 CICERONIS
1225 132 1546 167 PARTITIONES
1582 133 1868 174 ORATORIAS.

2025 141 2098 176 850

1118 220 1304 251 tractatum
1330 225 1396 252 est:
1437 232 1526 264 quae
1552 220 1711 253 omnium
1739 225 1936 258 communis
1961 233 2030 266 cst,
2073 234 2106 260 et

1117 278 1189 299 uon
1217 270 1331 302 solum
1357 270 1399 301 ad
1427 270 1591 311 clericos,
1626 273 1685 304 scd
1711 273 1816 305 etiam
1842 276 1885 307 ad
1914 276 2039 315 laicos,
2074 285 2107 311 et

1117 318 1159 349 ad
1188 332 1310 353 omnes
1335 319 1555 355 Christianos
1579 323 1797 369 pertinetffi).
1864 326 1930 358 Sed
1961 329 2104 371 quando

1116 371 1241 413 synodi
1260 371 1415 404 iudicant
1433 373 1475 405 de
1494 374 1639 407 cacteris
1656 375 1824 418 negotiis,
1854 389 1944 421 quae
1973 379 2016 409 ad
2043 391 2104 421 po-

1117 419 1227 453 litiam
1246 421 1422 455 Ecclesiae
1448 424 1645 466 pertinent,
1680 438 1753 458 non
1782 427 1910 460 debent
1932 440 1968 461 se
1994 430 2106 461 admi-

1116 483 1209 503 scere
1228 471 1319 505 laici.

1218 523 1322 562 Quasi
1346 522 1480 570 causa]
1510 524 1574 557 Hic
1598 526 1696 560 locus
1719 526 1843 561 similis
1868 535 1919 561 est
1946 529 2105 563 fallaciae

1116 574 1309 605 secundum
1334 586 1407 606 non
1430 586 1591 615 causam,
1628 582 1667 609 ut
1693 590 1847 612 causam.
1901 579 1966 612 Hic
1989 581 2105 625 quoti-

1117 623 1220 655 diana
1240 623 1310 656 vita
1331 625 1534 668 suppeditat
1556 638 1721 670 magnam
1749 630 1888 672 copiam
1917 643 2105 675 argumen-

1117 681 1246 707 torum.

1216 724 1322 757 Multi
1354 725 1414 770 qui
1447 725 1608 760 iactitant
1640 740 1675 761 se
1698 741 1769 762 esse
1792 731 1968 765 studiosos
1994 745 2103 776 purae

1115 775 1318 815 doctrinae,
1345 777 1542 810 suntmali:
1569 778 1664 822 Ergo
1682 780 1841 813 doctrina
1858 782 2021 825 fugienda
2041 791 2102 818 est.

1217 826 1273 859 Sic
1303 827 1406 859 multi
1436 825 1502 860 hoc
1527 834 1687 873 tempore
1714 839 2029 874 argumentantur,
2064 847 2103 867 ac

1116 876 1283 909 iniuriam
1311 877 1493 911 doctrinae
1518 880 1596 923 piae
1621 880 1772 922 faciunt,
1816 883 2008 926 allegantes
2030 897 2104 918 non

1116 940 1269 961 CitUSitth.

1228 978 1351 1011 Cicero
1387 978 1424 1011 in
1460 980 1664 1014 defensione
1700 982 1846 1017 Milonis
1881 985 2103 1027 deliberavit,

1115 1034 1192 1061 utra
1217 1041 1321 1062 causa
1357 1030 1494 1063 firmior
1522 1038 1626 1064 esset:
1663 1044 1709 1065 an
1739 1033 1769 1066 si
1800 1034 1994 1076 diceretur,
2030 1037 2102 1070 vim

1115 1079 1148 1111 vi
1167 1080 1357 1123 (lepulisse;
1394 1093 1439 1113 an
1457 1094 1541 1114 vero
1559 1083 1587 1115 si
1604 1083 1798 1124 diceretur,
1825 1086 1877 1119 fas
1892 1099 1965 1119 esse
1993 1088 2104 1121 occidi

1117 1131 1358 1163 turbulentum
1387 1131 1516 1173 civem,
1558 1139 1597 1166 ut
1620 1141 1722 1167 antea
1750 1134 2006 1184 Gracchusffl),
2042 1139 2103 1172 Sa-

1115 1181 1334 1227 turninus⁵⁸)
1371 1188 1404 1214 et
1435 1183 1495 1215 alii
1524 1183 1655 1218 similes
1686 1186 1861 1220 interfecti
1887 1196 1999 1222 erant.
2059 1189 2104 1223 Et

1113 1231 1245 1265 Brutus
1264 1232 1376 1275 magis
1402 1235 1568 1277 probavit
1590 1248 1729 1269 causam
1750 1239 2005 1281 posteriorem,
2033 1241 2103 1273 exi-

1114 1283 1339 1327 stimavitque
1368 1284 1530 1317 Clodium
1554 1287 1710 1329 potuisse
1734 1288 1810 1322 iure
1833 1289 2000 1330 interfici,
2044 1304 2101 1324 eo-

1114 1335 1192 1365 dem
1211 1335 1319 1366 modo
1337 1341 1374 1367 ut
1393 1333 1612 1377 Gracchum,
1646 1350 1707 1371 seu
1726 1345 1917 1383 tyrannum
1936 1342 2103 1387 aliquem.

1114 1384 1236 1417 Cicero
1253 1385 1341 1417 vidit
1365 1383 1457 1417 hanc
1480 1399 1621 1420 causam
1646 1401 1719 1421 non
1746 1391 1829 1424 satis
1854 1392 1993 1425 firmam
2018 1405 2103 1434 esse,

1113 1441 1146 1467 et
1164 1435 1289 1468 maluit
1306 1436 1356 1468 uti
1372 1437 1614 1479 probabiliore
1631 1447 1840 1483 argumento
1852 1468 1860 1481 ‚
1889 1445 1984 1486 quod
2001 1443 2104 1477 liceat

1114 1486 1261 1518 interfici
1294 1486 1469 1519 latronem
1497 1488 1567 1519 vim
1596 1488 1818 1525 inferentem.
1885 1493 1951 1526 Sed
1984 1501 2102 1528 tamen

1113 1544 1299 1581 postquam
1327 1550 1407 1571 usus
1438 1545 1488 1571 cst
1519 1547 1747 1581 argumento,
1787 1542 1907 1576 adiicit
1952 1551 1985 1577 et
2006 1545 2102 1578 illam

1114 1588 1214 1632 quasi
1241 1600 1398 1621 causam:
1428 1590 1661 1634 quamobrem
1686 1592 1714 1624 si
1738 1600 1923 1627 cruentum
1946 1596 2102 1639 gladium

1114 1645 1235 1671 tenens
1260 1639 1429 1672 clamaret
1454 1640 1556 1673 Titus
1579 1641 1717 1676 Annius
1731 1643 1794 1688 5³’):
1830 1645 1998 1679 Publium
2024 1647 2104 1680 Clo-

1113 1690 1209 1722 dium
1228 1689 1405 1730 interfeci,
1434 1691 1507 1724 eius
1523 1692 1679 1732 furores,
1708 1707 1796 1738 quos
1813 1696 1917 1730 nullis
1934 1697 2005 1730 iam
2019 1698 2103 1742 legi-

1112 1741 1197 1779 bus,
1225 1741 1330 1773 nullis
1349 1742 1484 1775 iudiciis
1506 1743 1646 1776 frenare
1664 1751 1890 1787 poteramus,
1917 1745 1984 1780 hoc
2005 1749 2100 1782 ferro

1113 1797 1146 1824 et
1164 1789 1228 1824 hac
1245 1792 1366 1824 dextra
1387 1805 1404 1824 a
1425 1793 1617 1826 cervicibus
1637 1796 1770 1838 repuli,
1799 1803 1862 1831 etc.

1216 1860 1320 1899 Quasi
1337 1859 1500 1907 effectus]
1529 1861 1673 1896 Vicinus
1691 1863 1788 1897 locus
1815 1871 1883 1904 est,
1921 1872 1955 1897 et
1979 1879 2020 1900 ex
2045 1880 2100 1900 su-

1113 1909 1247 1952 periori
1273 1910 1374 1942 facile
1402 1911 1550 1955 intelligi
1580 1919 1707 1956 potest.
1784 1915 1830 1948 Ut
1866 1916 1960 1949 enim
1993 1930 2100 1962 supra

1115 1972 1238 1992 causae
1259 1973 1323 2004 per
1345 1963 1505 1995 accidens
1527 1964 1671 2007 allegari
1696 1972 1862 2008 possunt,
1900 1974 1982 2000 sunt
2005 1969 2098 2001 enim

1114 2011 1214 2055 quasi
1234 2024 1374 2044 causae:
1409 2013 1455 2045 ita
1473 2011 1528 2046 hic
1547 2027 1587 2047 ex
1603 2015 1801 2056 effectibus,
1837 2017 1898 2062 qui
1921 2030 1984 2062 per
2012 2019 2101 2052 acci-

1113 2063 1197 2095 dens
1220 2069 1435 2107 sequuntur,
1474 2065 1516 2098 de
1543 2078 1645 2099 causa
1668 2067 1874 2100 ratiocinari
1900 2082 2099 2112 possumus,

1112 2119 1166 2146 ut:
1196 2112 1234 2145 ln
1251 2114 1384 2159 polinis·
1401 2116 1513 2148 inulta
1531 2117 1694 2150 accidunt
1711 2125 1846 2159 errata,
1875 2121 1984 2152 multa
2009 2121 2098 2154 siunt

1143 2254 1191 2285 56)
1211 2255 1325 2278 Ubinam
1345 2268 1377 2272 —-
1398 2255 1541 2285 pertinet]
1567 2257 1606 2280 sic
1631 2257 1657 2279 in
1682 2257 1731 2281 hoc
1756 2257 1904 2282 comment.
1932 2259 1979 2282 itte
2009 2266 2095 2285 canon

1180 2289 1318 2313 refertur,
1338 2290 1458 2312 Riclitcri
1477 2292 1564 2313 autem
1586 2291 1668 2314 editio
1687 2293 1752 2315 haee
1772 2294 1855 2315 verba
1880 2293 2002 2317 exhibet:
2028 2296 2094 2318 Ubi-

1180 2329 1240 2346 nam
1260 2324 1386 2352 legistis,
1419 2324 1598 2353 imperatores
1622 2326 1815 2348 antecessores
1835 2327 1947 2350 vestros
1969 2329 2094 2357 synoda-

1177 2357 1248 2380 tinus
1267 2358 1446 2381 conventibus
1465 2358 1642 2387 interfuisse,
1673 2359 1726 2382 nisx
1751 2360 1868 2383 forsitan
1896 2361 1923 2383 in
1948 2362 2043 2391 quibus
2063 2364 2096 2386 de

1179 2391 1230 2415 fide
1250 2393 1397 2414 tractatum
1422 2393 1481 2421 est,
1514 2398 1581 2421 quae
1606 2393 1773 2416 universatis
1797 2396 1856 2420 est,
1888 2401 1955 2424 quae
1979 2396 2094 2420 omnium

1179 2426 1326 2448 communis
1347 2428 1404 2453 est,
1425 2432 1491 2455 quae
1512 2432 1564 2449 non
1584 2428 1671 2450 sotum
1690 2428 1723 2450 ad
1742 2428 1874 2454 clericos,
1898 2435 1992 2453 verum
2012 2431 2094 2455 etiam

1178 2459 1212 2482 ad
1232 2459 1316 2482 laicus
1336 2462 1363 2482 et
1381 2460 1415 2482 ad
1435 2466 1527 2484 omnes
1549 2461 1656 2484 omuino
1675 2461 1793 2491 pertinet
1812 2461 2005 2488 christianos?

1144 2510 1190 2539 57)
1211 2510 1289 2534 Conf.
1309 2516 1391 2539 supra
1411 2517 1435 2540 11.
1450 2510 1508 2534 337.
1532 2512 1597 2534 nota
1610 2511 1652 2535 23.

1143 2562 1190 2591 58)
1211 2562 1239 2584 L.
1261 2561 1410 2589 Appuleius
1429 2562 1594 2584 saturninus
1614 2562 1738 2586 tribunus
1756 2563 1842 2592 plebis
1868 2570 1924 2587 cum
1945 2566 1974 2590 C.
1996 2567 2092 2590 Servi-

1180 2596 1216 2618 lio
1238 2595 1351 2618 Glaucia
1375 2598 1502 2624 praetore
1520 2597 1606 2619 Mario
1631 2598 1657 2619 et
1685 2597 1780 2619 Flacco
1805 2600 1960 2621 consuimus
1987 2606 2012 2624 a.
2030 2609 2054 2623 u.
2071 2610 2092 2625 r.

1178 2630 1236 2652 654.
1259 2629 1364 2657 publice
1384 2630 1426 2652 est
1445 2630 1620 2656 interfectus,
1641 2630 1693 2652 vid.
1709 2632 1762 2654 Cic.
1779 2632 1904 2656 Brut.6·2.
1918 2634 1976 2657 224.
1998 2636 2090 2661 (conf.

1182 2663 1277 2686 Orciiii
1298 2664 1324 2685 et
1342 2663 1444 2686 Baiteri
1464 2664 1603 2688 onomast.
1623 2665 1740 2688 Tulliani.
1760 2666 1788 2689 P.
1806 2666 1837 2688 n.
1857 2674 1880 2696 p.
1894 2668 1958 2698 5:97.

1144 2714 1193 2742 59)
1213 2713 1287 2737 Titus
1306 2714 1410 2737 Annius
1428 2714 1500 2737 Milo.

1535 2748 1582 2782 54
