2347 3000
225 115 296 150 471

327 201 459 234 Contra
492 198 556 234 bos
587 199 805 244 perniciosos
837 208 976 229 errores
999 207 1138 228 necesse
1164 202 1215 229 est

226 254 315 285 bene
339 251 613 297 praeinuniri⁵¹)
640 256 794 288 mentes,
829 254 863 280 et
886 253 1025 287 tenere,
1062 247 1148 292 qnid
1173 247 1217 280 sit

226 310 381 348 potestas
401 302 564 347 politica,
594 308 626 333 et
644 313 732 345 quae
752 299 795 332 sit
813 298 1019 342 principalis
1036 310 1154 337 cansa,
1183 304 1217 330 et

227 355 287 387 ubi
310 355 355 387 sit
380 354 415 386 in
440 366 523 385 voce
550 352 667 384 (lirina
696 350 853 382 instituta
881 355 913 381 et
938 349 1155 393 approbata,
1184 356 1217 382 ct

230 407 326 451 quod
353 410 580 438 conserxetur
604 415 621 434 a
639 401 714 433 Deo
738 400 948 446 111i1-at›ili⁵·-‘)
977 400 1146 440 consilio,
1184 407 1217 433 et

230 458 273 489 ad
293 469 398 502 quem
415 457 517 488 finem
537 458 775 486 conservetur.

333 507 395 539 Est
428 505 532 547 igitur
556 510 710 547 potestas
735 503 876 547 politica
908 509 1061 548 potestas
1096 515 1113 535 a
1140 502 1216 534 Deo

233 558 416 595 ordinata,
442 561 479 588 ut
495 555 539 588 sit
557 561 672 588 custos
689 555 894 598 disciplinae
919 561 953 587 et
978 554 1091 599 pacis,
1122 554 1215 587 iuxta

233 609 323 649 leges
349 613 517 645 naturae,
557 612 591 638 et
616 613 851 650 congruentes
876 606 985 649 leges,
1027 603 1217 638 cohercens

234 666 265 691 et
282 658 432 703 puniens
450 656 572 701 poenis
589 657 833 702 corporalibus
849 663 1085 690 contumaces.

334 709 428 741 Haec
453 708 610 741 definitio
636 709 762 741 tradita
790 715 840 742 cst
862 720 880 741 a
907 708 1037 747 Paulo,
1081 706 1141 752 qui
1167 706 1218 738 in-

231 760 308 806 quit
332 759 454 805 (Rom.
473 760 530 798 13,
548 760 581 793 3.
601 759 672 805 4.);
717 760 945 803 Magistratus
976 764 1027 791 est
1058 757 1218 790 minister

231 812 316 851 Dei,
359 818 398 844 ut
429 811 474 844 sit
497 808 627 843 honori
652 812 747 843 bono
777 811 876 855 operi
901 817 934 842 et
957 809 1085 843 terrori
1111 809 1217 841 malo.

232 862 317 896 Vult
342 869 459 895 autem
484 862 635 895 discerni
664 863 759 895 bona
790 869 823 894 et
855 862 948 894 mala
983 873 1090 904 opera
1121 860 1215 892 iuxta

233 925 398 947 normam
415 913 608 957 sapientiae
634 913 793 952 divinae,
829 913 926 945 cuius
950 912 1070 945 radius
1093 911 1218 944 menti-

231 966 296 999 bus
312 962 477 997 humanis
495 964 618 997 insitus
638 971 707 1003 est,
747 963 878 997 scilicet
901 964 995 997 iuxta
1023 963 1135 1007 legem
1157 974 1218 995 na-

233 1023 332 1050 turae
345 1042 354 1055 ,
383 1027 472 1060 quae
489 1022 522 1048 et
540 1015 576 1047 in
594 1015 772 1059 Deealogo
790 1027 950 1059 expressa
969 1020 1030 1047 est.

333 1067 427 1101 Nota
461 1066 505 1100 sit
537 1073 570 1099 et
604 1067 720 1099 brevis
754 1066 913 1099 definitio
947 1064 1147 1097 Aristotelis
1183 1063 1217 1094 in

231 1116 499 1153 5.Ethicormn:
530 1117 756 1161 Magistratus
772 1123 822 1150 est
839 1123 954 1150 custos
970 1114 1120 1159 legis⁵³).
1150 1114 1218 1146 Ubi

232 1170 296 1203 etsi
314 1181 387 1202 non
405 1170 442 1201 fit
462 1168 595 1200 mentio
613 1180 631 1200 a
648 1167 724 1200 Deo
748 1167 951 1200 ordinatum
977 1177 1048 1199 esse
1061 1191 1070 1205 ,
1100 1171 1218 1197 tamen

233 1222 269 1254 in
288 1221 362 1265 ipsa
381 1219 617 1264 appellatione
633 1218 719 1261 legis
737 1216 804 1251 boc
823 1217 1052 1260 intelligatur.

335 1271 402 1304 Sed
428 1270 518 1302 ratio
544 1270 726 1302 obscurius
753 1269 902 1309 iudicat,
936 1269 1015 1300 ideo
1042 1267 1138 1300 Deus
1163 1279 1218 1300 ex-

233 1335 348 1367 presse
367 1322 401 1353 in
419 1320 572 1354 Ecclesia
589 1322 751 1352 adfirmat
763 1347 771 1359 ,
799 1333 833 1353 se
850 1327 1011 1353 autorem
1029 1325 1061 1351 et
1079 1330 1218 1351 conser-

233 1380 389 1406 vatorem
424 1385 495 1405 esse
526 1371 660 1416 politici
693 1371 845 1411 ordinis,
880 1377 918 1404 ut
942 1371 1046 1404 Rom.
1068 1371 1126 1409 13,
1150 1370 1218 1415 (1.)

231 1425 375 1458 dieitur:
411 1423 606 1456 Potestates
634 1435 723 1468 qnae
749 1429 850 1462 sunt,
885 1435 903 1455 a
929 1422 1005 1455 Deo
1034 1422 1218 1454 ordinatae

231 1482 324 1510 sunt.
376 1473 461 1506 Item
488 1474 588 1519 (ibid.
610 1474 666 1512 13,
683 1474 753 1519 25)
791 1473 862 1519 Qui
887 1473 1016 1507 resistit
1040 1473 1219 1517 potestati,

231 1527 298 1560 Dei
315 1525 535 1559 ordinationi
554 1525 694 1558 resistit.

334 1576 532 1611 Constituta
552 1576 778 1615 definitione,
804 1575 990 1609 recitemus
1016 1576 1129 1608 officia
1156 1588 1219 1619 po-

231 1629 365 1663 testatis
389 1627 552 1673 politicae
580 1627 788 1671 praecipua,
823 1633 861 1659 ut
887 1639 903 1659 e
930 1626 1074 1670 regione
1097 1633 1216 1670 postea

231 1683 318 1715 fiant
335 1678 576 1722 conspectiora
594 1678 707 1710 officia
728 1677 915 1710 ministerii
932 1677 1136 1720 evangelici.

334 1732 366 1764 1.
400 1729 561 1762 Primum
587 1735 656 1769 est,
700 1728 925 1771 magistratus
952 1728 996 1761 sit
1019 1740 1087 1760 vox
1108 1727 1219 1760 Deca-

230 1783 319 1827 logi,
343 1782 378 1815 id
395 1787 465 1820 est,
494 1780 649 1825 primum
666 1785 699 1812 et
716 1779 960 1823 principaliter
976 1786 1147 1824 tanquam
1170 1778 1219 1810 vi-

231 1834 346 1867 carius
362 1832 427 1865 Dei
445 1832 480 1864 in
496 1843 623 1875 genere
640 1829 799 1863 humano
817 1837 917 1863 sonet
935 1831 1045 1874 legem
1062 1830 1129 1862 Dei
1144 1843 1219 1862 mo-

232 1885 362 1924 ralem,
398 1883 478 1928 quia
505 1895 613 1927 genus
635 1879 833 1915 humanum
860 1887 1001 1925 oportet
1025 1893 1219 1925 congruere

232 1948 309 1969 cnm
329 1934 501 1978 sapientia
525 1940 558 1967 et
581 1933 713 1966 iustitia
731 1932 809 1966 Dei.
868 1933 1016 1967 Necesse
1037 1939 1088 1966 est
1112 1933 1219 1976 igitur

231 1985 322 2020 hane
352 1986 503 2030 primam
529 1996 601 2018 esse
633 1996 755 2017 vocem
785 1984 1031 2027 magistratus,
1070 1984 1159 2017 sicut
1187 1990 1219 2016 et

232 2037 392 2071 Psalmus
417 2037 495 2081 (82,
515 2036 565 2079 6.)
591 2036 709 2068 docet:
742 2035 817 2078 Ego
843 2035 929 2067 dixi:
965 2034 1026 2067 Dii
1050 2035 1148 2075 estis,
1184 2034 1218 2068 id

233 2095 302 2127 est,
332 2088 486 2120 officium
509 2086 669 2119 divinum
694 2092 871 2129 gerentes,
906 2093 1145 2119 monstrantes
1165 2100 1219 2120 sa-

233 2139 403 2184 pientiam
430 2145 463 2171 et
488 2137 656 2170 iustitiam
676 2137 753 2170 Dei.

233 2192 275 2224 de
301 2189 565 2234 magistratibus
589 2188 657 2220 dici
685 2194 745 2220 aut
772 2187 921 2231 cogitari
947 2194 1078 2232 potest,
1112 2202 1217 2234 quam

233 2240 299 2275 hoc
317 2242 447 2274 dictum
465 2239 610 2273 Psalmi.

335 2295 370 2327 2.
405 2291 605 2324 Secundum
635 2289 800 2322 officium.
867 2288 1039 2323 Attribuit
1062 2289 1157 2323 Deus
1187 2297 1220 2323 et

233 2342 324 2376 lianc
357 2349 565 2387 potestatem
602 2339 824 2384 magistratui
860 2340 1022 2384 politico,
1068 2348 1107 2374 ut
1139 2353 1218 2375 suas

237 2395 405 2440 quasdam
429 2394 519 2437 leges
541 2393 648 2432 serat,
683 2392 742 2425 sed
768 2403 995 2437 nequaquam
1021 2399 1219 2436 pugnantes

814 2136 886 2169 Nec
911 2137 1004 2169 aliud
1031 2137 1218 2179 gloriosius

268 2508 316 2539 51)
336 2508 514 2546 praemuniri]
533 2507 571 2532 sic
588 2507 670 2532 Editt.
689 2507 780 2539 1552,
802 2507 877 2531 1554.
897 2508 925 2531 et
946 2507 1034 2539 1557.;
1059 2509 1128 2532 Edit.
1146 2510 1218 2534 1560.

304 2548 484 2572 praemunire.

268 2594 317 2620 52)
337 2592 465 2648 mirabilli]
484 2593 523 2616 sie
542 2592 624 2616 Editt.
640 2592 714 2615 1552.
735 2594 761 2615 et
784 2593 879 2623 1554.;
905 2593 988 2617 Editt.
1005 2594 1078 2618 1557.
1097 2596 1123 2617 et
1144 2595 1217 2619 1560.

304 2626 434 2651 miseram
448 2626 464 2650 i.

269 2679 316 2708 53)
336 2678 449 2702 Aristot.
472 2678 530 2701 Eun.
553 2677 653 2700 Nicom.
673 2678 689 2700 Ι.
707 2678 740 2701 V.
769 2684 792 2703 C.
809 2678 832 2702 6.
859 2678 882 2708 S.
897 2680 938 2703 5.:
971 2678 1025 2703 ἔστι
1045 2678 1072 2704 (Ῑὲ
1093 2677 1105 2703 ὂ
1125 2678 1218 2712 ἅρχων

303 2711 394 2742 φύλαξ
416 2711 463 2736 τοῦ
483 2710 597 2735 δικαίου.

496 112 697 148 SCfflPTA
723 111 798 147 PH.
826 110 937 146 MEL.
965 110 1030 144 AD
1057 109 1266 144 ETHICEN
1294 109 1357 143 ET
1385 109 1640 145 POLITICEN
1669 108 1979 146 SPECTANTIA.

2176 114 2251 150 472

1269 208 1347 228 cnm
1366 197 1597 231 naturalibus.
1644 196 1777 230 Verum
1798 203 1849 230 est
1862 196 1976 237 enim,
2002 197 2164 241 politicos
2180 212 2254 233 ma-

1269 247 1434 287 gistratus
1456 246 1588 281 babere
1613 254 1823 292 potestatem
1849 248 2025 281 condendi
2047 261 2127 283 suas
2152 263 2254 295 quas-

1270 299 1351 330 dam
1370 299 1481 341 leges,
1507 301 1566 332 sed
1590 311 1679 345 (luae
1705 312 1778 331 non
1804 306 1961 343 pugnent
1984 312 2061 333 cum
2085 301 2255 334 naturali-

1269 349 1351 387 bus,
1393 362 1515 382 verum
1539 350 1609 383 sint
1636 350 1949 384 determinationes
1977 351 2257 384 circumstantia·

1271 412 1349 432 rum
1376 401 1561 433 addendae
1586 402 1725 441 generi,
1768 408 1801 433 et
1823 402 1892 435 sint
1916 403 2016 448 quasi
2041 402 2256 435 adminicula

1271 451 1356 484 iuris
1374 451 1558 485 naturalis.
1596 451 1641 484 Ut
1657 452 1710 483 lex
1727 458 1876 485 naturae
1892 454 1992 487 dicit:
2020 454 2100 487 Filii
2117 461 2150 487 et
2165 453 2257 487 filiae

1270 502 1341 535 sint
1363 500 1531 535 haeredes
1549 508 1749 546 parentum.
1811 504 1879 536 Sed
1907 505 1961 537 lex
1984 506 2256 549 magistratuum

1271 554 1458 593 discernit,
1487 566 1577 599 quae
1591 565 1645 585 res
1662 559 1800 585 tantum
1821 555 1864 586 ad
1883 568 1996 589 mares
2014 557 2258 590 transmittan-

1274 611 1347 644 tur,
1380 617 1469 650 quae
1487 606 1530 637 ad
1552 604 1703 648 puellas,
1731 611 1764 637 et
1784 602 1891 637 babet
1907 607 2125 649 probabilem
2149 607 2258 640 ratio-

1272 669 1364 689 nem.
1432 656 1527 688 Haec
1554 661 1707 700 potestas
1730 656 1845 699 legum
1871 658 2137 691 condendarum
2163 670 2257 691 coni-

1273 705 1445 750 prebensa
1477 714 1527 740 est
1557 707 1593 739 in
1623 706 1716 738 dicto
1742 707 1944 741 Salomonis
1966 708 2090 753 (Prov.
2108 709 2143 749 8,
2165 707 2257 753 15.);

1271 759 1340 791 Per
1367 771 1423 791 me
1452 771 1550 803 reges
1578 764 1747 801 regnant,
1789 764 1822 791 et
1856 758 1986 793 indices
2014 759 2103 793 iusta
2132 759 2260 794 consti-

1272 816 1387 842 ttltltit.

1372 861 1406 894 3.
1444 859 1607 892 Tertium
1632 859 1785 893 osticium
1803 867 1868 893 est:
1907 861 1955 894 Ut
1972 861 2198 905 magistratus
2215 861 2261 895 sit

1271 918 1436 945 executor
1467 910 1669 944 divinarum
1703 917 1735 944 et
1763 924 1907 945 suarum
1942 913 2077 955 legum,
2125 913 2161 946 id
2196 918 2259 953 est,

1272 971 1430 997 exerceat
1445 961 1586 1001 iudicia,
1614 968 1647 994 et
1661 962 1786 1006 puniat
1804 970 2040 998 contumaces.
2074 963 2147 997 Lex
2163 963 2258 996 enirn

1274 1014 1407 1047 inutilis
1438 1019 1489 1046 est
1518 1013 1592 1046 sine
1618 1013 1833 1047 executione.
1895 1014 1976 1047 ldeo
2007 1015 2051 1047 ad
2074 1014 2259 1048 Romanos

1272 1065 1353 1109 (13,
1372 1064 1422 1110 4.)
1441 1076 1599 1107 expresse
1617 1064 1748 1095 dietum
1768 1070 1833 1097 est:
1858 1064 1940 1098 Non
1956 1066 2084 1099 frustra
2100 1066 2256 1109 gladium

1272 1115 1372 1157 gerit.
1444 1113 1488 1146 Et
1513 1125 1652 1157 semper
1678 1121 1804 1147 notum
1829 1115 1873 1148 sit
1899 1116 2030 1149 dictum
2056 1114 2256 1150 Aeschinis:

1272 1166 1375 1199 Nulla
1396 1172 1446 1199 est
1464 1164 1597 1197 utilitas
1620 1165 1766 1209 politiae
1790 1179 1880 1211 quae
1904 1178 1978 1200 non
2000 1165 2108 1200 habet
2127 1179 2256 1201 nervos

1271 1217 1439 1250 adversus
1460 1216 1588 1249 iniuste
1607 1223 1760 1259 agentes.

1374 1267 1408 1301 4.
1445 1268 1620 1312 Quartum
1639 1268 1805 1302 osticium.
1846 1268 1901 1302 Ad
1919 1271 2160 1303 executionem
2176 1281 2256 1315 per-

1272 1319 1360 1352 tinet
1385 1319 1554 1353 custodiri
1578 1319 1798 1360 obedientes,
1832 1320 1867 1353 id
1891 1327 1958 1361 est,
1989 1322 2175 1354 defendere
2199 1333 2258 1355 eos

1272 1376 1394 1403 contra
1428 1370 1594 1404 iniustam
1627 1370 1854 1412 violentiam,
1898 1372 1979 1417 quia
2012 1372 2049 1406 in
2082 1370 2150 1406 hoc
2181 1372 2258 1417 ipso

1272 1422 1432 1466 exemplo
1450 1422 1542 1454 vitae
1561 1421 1744 1466 politicae,
1772 1424 1847 1456 vult
1856 1422 1952 1457 Deus
1968 1424 2122 1469 conspici
2137 1424 2259 1458 discri-

1272 1485 1354 1505 men
1371 1474 1541 1506 virtntnm
1564 1480 1597 1506 et
1615 1473 1802 1514 vitiorum,
1830 1481 1869 1508 ut
1882 1475 2033 1509 sciamus
2050 1475 2164 1521 qualis
2183 1475 2257 1520 ipse

1271 1524 1335 1565 sit,
1363 1530 1396 1557 et
1421 1526 1517 1569 quod
1543 1524 1760 1559 iudicaturus
1783 1526 1838 1560 sit.
1892 1526 1973 1560 Non
1996 1527 2258 1571 conspiceretur

1272 1582 1390 1608 autem
1414 1576 1622 1615 discrimen,
1660 1576 1689 1609 si
1712 1577 1830 1609 nullae
1855 1585 1968 1611 essent
1991 1578 2148 1612 sontium
2172 1590 2257 1622 poe-

1273 1639 1336 1658 nae
1349 1652 1358 1666 ,
1386 1633 1419 1659 et
1437 1628 1533 1660 nulla
1550 1627 1707 1660 defensio
1725 1626 1970 1663 bonestorum.

1373 1677 1428 1709 Sic
1444 1684 1560 1710 autem
1580 1678 1796 1719 intelligatur
1813 1680 1971 1712 executio
1999 1679 2033 1712 in
2054 1680 2196 1724 poenis,
2224 1685 2258 1712 et

1274 1727 1308 1759 in
1332 1727 1555 1768 defensione,
1597 1735 1636 1761 ut
1667 1729 1909 1764 discernamus
1941 1730 2197 1764 armentarium
2225 1736 2259 1763 et

1273 1779 1530 1821 magistratum.
1607 1780 1873 1820 Armentarius,
1922 1788 1961 1814 nt
1992 1787 2108 1815 custos
2135 1782 2257 1822 boum,

1273 1835 1409 1862 tantum
1443 1837 1543 1863 curat
1571 1843 1721 1875 corpora
1748 1832 1869 1865 boum.
1933 1832 2001 1865 Sed
2032 1833 2259 1877 magistratus

1272 1881 1369 1925 prius
1395 1888 1445 1914 est
1469 1882 1674 1926 disciplinae
1701 1889 1816 1917 custos
1839 1891 1986 1928 propter
2008 1885 2158 1927 gloriam
2178 1883 2257 1918 Dei.

1272 1932 1385 1964 Debet
1409 1933 1502 1966 enim
1528 1945 1600 1966 esse
1627 1933 1722 1967 testis
1751 1935 1793 1967 de
1810 1934 1906 1975 Deo,
1933 1941 1967 1968 et
1982 1936 2025 1968 de
2044 1935 2174 1969 iudicio
2190 1935 2257 1969 Dei

1273 1983 1427 2027 primum
1451 1990 1486 2017 et
1509 1984 1765 2029 principaliter.
1817 1986 1943 2020 Postea
1971 1993 2070 2020 curat
2094 1999 2257 2031 corpora.

1271 2035 1322 2067 Sit
1346 2035 1452 2078 igitur
1475 2042 1590 2070 custos
1614 2036 1722 2070 totius
1744 2037 1849 2080 legis,
1893 2039 1989 2083 qnod
2019 2039 2063 2071 ad
2095 2044 2255 2072 externas

1273 2086 1428 2119 actiones
1453 2087 1596 2128 attinet,
1629 2088 1755 2132 puniat
1778 2086 2055 2132 blasphemiam,
2087 2089 2255 2134 periuria,

1274 2150 1378 2180 vagas
1405 2137 1568 2172 libidines
1594 2146 1676 2179 etc„
1711 2139 1800 2173 sicut
1825 2152 1984 2184 expresse
2006 2141 2173 2185 scriptum
2203 2147 2255 2174 est

1273 2188 1394 2232 (Rom.
1416 2189 1473 2229 13,
1493 2189 1563 2235 3.;)
1591 2190 1696 2236 Sit⁵²)
1722 2190 1843 2224 timori
1868 2192 1960 2224 malo
1986 2192 2104 2236 operi,
2132 2198 2165 2225 et
2189 2190 2253 2224 lio-

1273 2240 1352 2272 nori
1369 2241 1464 2273 bono
1481 2241 1593 2285 operi.
1632 2240 1718 2275 Item
1737 2242 1838 2288 (ibid.
1860 2243 1918 2284 13,
1933 2242 2001 2288 4.):
2028 2243 2108 2277 Non
2122 2244 2252 2277 frustra

1272 2291 1360 2335 gerit
1377 2292 1546 2336 gladium.

1272 2384 1331 2418 De
1359 2384 1656 2420 institutione
1693 2393 1734 2420 et
1768 2386 2102 2431 approbatione
2136 2388 2255 2432 poli-

1555 2437 1636 2470 tici
1663 2438 1965 2482 magistratus.

1371 2509 1447 2544 Etsi
1479 2511 1691 2545 conscientia
1717 2512 1799 2545 satis
1826 2512 1959 2545 nmnita
1988 2518 2038 2545 est
2061 2514 2253 2558 perspicuis

1271 2561 1372 2594 dictis
1394 2563 1436 2595 de
1460 2563 1718 2607 approbatione
1735 2563 1869 2607 politici
1888 2563 2132 2608 magistratus,
2161 2577 2252 2611 quae

1304 2679 1350 2709 54)
1371 2680 1425 2708 sit]
1444 2680 1484 2704 sic
1503 2680 1584 2704 Editt.
1600 2679 1690 2711 1552,
1711 2679 1784 2704 ¹557.
1803 2682 1829 2703 et
1851 2680 1936 2712 1560.;
1967 2681 2038 2704 Edit.
2051 2681 2126 2706 1554.
2141 2683 2252 2715 typogr,

1342 2720 1451 2738 errore:
1476 2715 1515 2739 st.
