2347 3000
97 97 172 134 945
406 99 461 134 lx.
515 97 798 135 ENARRATIO
832 97 1051 133 ORATION
1056 98 1094 132 IS

88 185 279 218 comitatur
303 186 434 220 bellum
465 186 577 219 civile.
652 185 754 219 Nunc
791 191 891 229 parta
931 184 1078 217 xictoria

87 236 218 271 iterum
233 237 367 281 legibus
388 244 421 271 et
439 237 576 271 iudiciis
594 249 662 281 pax
679 236 893 269 invenienda
911 243 980 275 est,
1003 249 1079 269 mo-

87 300 143 322 res
175 289 389 322 emendandi
422 296 524 329 sunt,
565 286 783 321 cohercenda
810 288 972 327 licentia,
1010 288 1079 320 sre-

86 341 203 373 nanda
230 341 402 385 cupiditas
426 340 542 374 omnis
566 340 723 384 generis,
757 340 1006 383 coniugiorum
1030 339 1077 372 le.-

86 404 144 435 ges
168 393 413 431 renovandae,
451 393 663 436 religionum
689 398 723 424 et,
747 398 967 424 caeterarum
994 390 1077 423 civi-

84 443 169 476 lium
189 443 317 476 artium
336 443 451 477 studia
470 444 598 477 iterum
618 443 800 476 excitanda
818 449 920 483 sunt,
955 454 1077 488 quem-

83 495 275 527 admodum
301 502 509 539 recuperata
527 496 677 540 Sicyone
700 494 910 527 meministis
924 494 1074 526 Aratum

84 546 198 577 facere
207 544 266 591 3¹).
319 546 414 578 Haec
432 547 499 581 nisi
521 554 551 580 te
567 553 691 580 autore
708 558 935 591 nequaquam
956 544 1074 577 afferri

86 603 242 639 possunt.
302 599 422 643 Quare
448 612 570 631 omnes
594 611 699 632 sanos
724 598 815 630 cives
840 597 991 629 maxime
1018 596 1075 628 de—

85 653 156 687 «ret,
202 654 240 681 ut
272 656 304 681 te
336 663 442 694 quam
474 650 671 684 diutissime
705 649 928 693 superstitem
956 646 1075 690 superi

85 711 155 731 serx
165 706 235 733 ent.

83 791 811 838 (Ῑο1111111111011161132)1108101111
842 790 940 837 et33)
971 791 1075 824 xita.

187 868 308 914 ltaque
327 870 421 913 quod
448 881 552 912 saepe
578 875 611 900 te
635 868 751 901 dicere
776 869 905 907 audio,
935 874 966 900 te
992 868 1076 901 satis

84 920 144 952 diu
161 920 216 952 vel
237 926 385 953 naturae
402 920 455 951 vel
475 919 608 963 gloriae
627 919 772 959 vixisse,
807 920 869 953 etsi
898 920 1074 952 laudanda

84 977 135 1004 est
166 971 374 1014 magnitudo
407 971 518 1003 animi
549 977 701 1004 mortem
734 983 807 1003 non
836 970 1076 1008 formidantis,

83 1029 201 1054 tamen
232 1021 364 1055 inxitus
395 1034 515 1054 x‘ocem
548 1022 646 1054 illam
662 1022 709 1067 314)
737 1022 856 1056 audio.
912 1022 1074 1055 Primum

82 1073 175 1105 enim
194 1085 266 1105 non
289 1074 330 1105 ad
360 1080 392 1105 te
420 1085 530 1106 unum
554 1073 709 1117 pertinet
738 1073 807 1106 vita
833 1080 913 1113 tua,
947 1074 1005 1106 sed
1032 1074 1075 1105 ad

83 1124 359 1168 rempublicam,
402 1137 493 1169 quae
522 1125 589 1158 nisi
620 1131 653 1157 te
684 1125 853 1158 incolumi
879 1125 975 1158 salva
1004 1136 1075 1157 esse

82 1188 154 1208 non
171 1182 297 1220 potest.
351 1175 489 1209 Deinde
508 1189 550 1209 ne
569 1176 702 1220 gloriae
720 1177 864 1221 quidem
881 1176 964 1209 satis
990 1175 1076 1208 11111-

81 1227 144 1266 sti,
173 1227 347 1273 siquidem
375 1239 457 1260 vera
484 1234 517 1260 et
541 1228 652 1262 solida
681 1228 793 1272 gloria
821 1235 890 1267 est,
926 1240 979 1260 res
1002 1238 1076 1259 ma-

82 1291 168 1322 gnas
185 1285 298 1323 gestas
316 1280 476 1311 conferre
496 1281 540 1312 ad
559 1279 667 1312 totins
684 1277 831 1312 humani
858 1279 995 1323 generis
1023 1291 1075 1312 sa-

84 1331 212 1370 lntem,
249 1330 432 1364 consulere
456 1337 489 1362 et
512 1331 724 1375 posteritati.
787 1331 852 1363 Hic
879 1331 943 1363 tibi
969 1336 1076 1362 restat

82 1388 179 1415 actus
190 1381 255 1427 35),
283 1388 321 1415 ut
339 1388 527 1426 postquam
560 1382 768 1424 dignitatem
793 1390 889 1415 tuan:
919 1381 1075 1414 detendi-

82 1433 143 1472 sti‚
189 1445 282 1466 nunc
305 1440 405 1477 parta
432 1446 516 1477 pace
542 1434 689 1473 efficias,
727 1440 765 1466 ut
788 1433 956 1466 diuturna
980 1439 1075 1465 tran—

81 1484 254 1529 quillitate.
269 1485 339 1517 frui
356 1484 448 1517 cives
466 1485 620 1528 possint,
657 1491 690 1517 et
714 1485 749 1517 in
768 1491 842 1517 toto
861 1484 946 1517 orbe
965 1490 1075 1516 terra-

82 1548 160 1569 rum
180 1548 234 1570 res
251 1537 365 1569 lionae
383 1542 416 1569 et
436 1533 605 1570 honestae
625 1542 718 1570 artes
736 1536 977 1570 reflorescant.

448 1628 708 1662 Conclusio.

185 1703 280 1736 Haec
298 1709 349 1736 est
366 1703 479 1736 solida
502 1703 615 1747 gloria
639 1703 776 1747 magnis
801 1702 886 1736 viris
911 1709 1075 1747 expeten-

81 1756 145 1795 da,
174 1767 247 1787 uon
265 1766 347 1788 suae
365 1761 502 1788 tantum
518 1755 665 1789 utilitati
684 1755 885 1795 consulere,
914 1756 972 1788 sed
998 1755 1074 1787 uni-

82 1818 184 1839 verso
220 1806 339 1850 generi
372 1803 530 1839 humano
561 1808 740 1851 prodesse..
803 1806 1009 1839 Confutatio
1033 1807 1074 1838 de

82 1858 193 1890 altera
213 1864 312 1902 parte
329 1856 432 1897 dicti,
467 1858 597 1891 scilicet
624 1859 666 1890 de
693 1858 808 1902 spatio
831 1857 936 1891 vitae.
1000 1857 1075 1890 Uti-

82 1916 141 1942 tur
157 1915 275 1942 autem
293 1908 484 1942 reiectione
499 1923 504 1940 1
529 1909 702 1942 Praesens
717 1909 871 1953 spatium
891 1909 984 1942 vitae
1000 1921 1073 1942 non

83 1967 135 1994 est
156 1961 475 1999 considerandum,
519 1967 552 1993 et
578 1961 730 2004 opponit
755 1960 861 1993 aliam
891 1962 1071 2005 quandam

84 2012 191 2044 vitam
204 2039 212 2051 ‚
240 2011 401 2045 videlicet
419 2012 657 2045 immortalem
677 2013 909 2057 expetendam
927 2024 1012 2051 esse,
1041 2018 1074 2045 et

82 2064 130 2097 sic
148 2069 434 2107 argumentatur:
469 2062 723 2098 Immortalitas
748 2069 781 2096 et
804 2075 887 2096 vera
914 2063 984 2095 vita
1011 2070 1073 2103 est,

81 2128 310 2160 propugnare
354 2115 565 2148 memoriam
609 2127 713 2148 verae
757 2114 896 2148 virtutis
934 2121 1071 2160 gratam

80 2167 246 2200 omnibus
279 2167 381 2200 bonis
406 2168 449 2199 ad
476 2179 616 2200 omnem
649 2167 906 2211 posteritatem.
973 2166 1073 2199 Hanc

82 2225 219 2262 gratam
249 2219 461 2251 memoriam
490 2218 538 2251 ita
568 2218 763 2264 assequeris
786 2218 875 2251 bene
901 2218 1072 2251 merendo

82 2270 124 2302 de
156 2269 282 2314 patria.
350 2269 445 2313 Ergo
472 2269 567 2303 illam
595 2271 705 2303 vitam
733 2282 815 2303 vere
839 2271 1071 2313 expetendam

83 2322 242 2354 nondum
267 2334 302 2354 es
328 2322 486 2365 adeptus.

117 2436 165 2468 31)
184 2438 245 2462 Via.
267 2439 338 2464 Plut.
356 2440 436 2463 Atat.
456 2447 477 2463 c.
491 2440 507 2463 9
522 2446 580 2469 sqq.

117 2489 166 2517 32)
185 2489 262 2519 dicti]
281 2490 321 2514 sic
339 2491 422 2514 Editt.
440 2491 531 2521 1553„
553 2491 644 2519 1554.;
669 2489 697 2513 in
716 2490 764 2514 Ed.
781 2489 854 2514 1568.
874 2490 967 2515 omiss

117 2541 166 2568 33)
186 2541 226 2570 et]
246 2541 286 2564 sic
304 2542 354 2567 Ed.
372 2542 462 2572 1568.;
488 2542 514 2565 in
534 2542 616 2565 Editt.
635 2541 724 2570 1553..
745 2541 819 2566 1554.
839 2542 926 2567 deest.

118 2592 166 2621 34)
184 2591 287 2615 invitus
306 2598 400 2616 vocem
425 2593 514 2622 illam]
540 2593 580 2617 sic
599 2593 646 2618 Ed.
663 2593 753 2619 1563:
786 2593 868 2618 Editt.
885 2594 976 2625 1553„
999 2595 1071 2619 1554.

153 2632 246 2650 vocem
265 2627 339 2650 inam
358 2627 467 2652 invitus.

117 2677 165 2707 35)
185 2678 272 2735 rpsgat
291 2680 384 2707 actus]
412 2678 451 2702 sic
475 2679 524 2703 Ed.
546 2679 638 2709 1563&

152 2719 197 2736 res
212 2718 227 2736 a
244 2732 250 2737 .

86 2754 265 2785 MELANTH.
290 2755 395 2786 OPER.
422 2755 504 2786 Vol..
529 2757 618 2787 XVI.

676 2678 759 2702 Editt.
781 2679 870 2707 1553..
897 2679 969 2703 1554.
995 2681 1072 2704 actus

1130 98 1380 134 CICERONIS
1416 98 1516 133 PRO
1550 99 1652 132 MAr.
1660 99 1764 132 (313121
1769 102 1826 134 A).
2062 101 2137 136 946

1328 186 1580 220 Secundum
1615 191 1935 229 argumentum.

1234 252 1413 286 Verax‘ita
1441 260 1509 293 est,
1538 259 1710 297 perpetuo
1742 252 1813 285 frui
1845 259 1937 285 recte
1968 254 2067 287 sactis
2096 261 2129 287 et

1132 316 1214 336 vera
1247 305 1373 347 gloria.
1443 305 1543 337 Hanc.
1575 317 1695 337 veram
1728 304 1878 347 gloriam
1903 307 2063 338 nondum
2090 318 2125 339 es

1132 357 1300 399 adeptus,
1336 357 1396 389 sed
1422 356 1628 400 adipisceris
1662 356 1752 389 bene
1785 356 1955 388 merendo
1989 358 2030 388 de
2067 370 2126 400 pa-

1132 407 1216 439 tria:
1248 419 1331 448 ergo
1350 407 1445 439 illam
1476 420 1596 439 veram
1621 407 1770 451 gloriam
1798 413 1948 451 expetes.
2003 407 2126 452 Sequi-

1129 464 1187 490 tur
1205 457 1405 496 conclusio,
1434 459 1468 490 in
1487 471 1555 503 qua
1576 459 1677 491 initio
1695 459 1873 502 vituperat
1892 458 2128 492 insidiatores.

1130 509 1256 542 Postea
1275 507 1440 542 hortatur
1457 509 1644 542 Caesarem
1668 511 1711 542 ad
1738 510 2005 543 custodiendam
2026 522 2124 543 suam

1130 560 1292 594 salutem.

1130 611 1292 645 restituto
1312 611 1494 645 Marcello.

1346 560 1485 592 Deinde
1510 561 1635 604 repetit
1661 561 1856 602 gratiarum
1883 561 2057 593 actionem
2083 562 2125 593 de

1464 702 1787 748 Paraplirasis.

1231 779 1418 812 Postremo
1448 780 1544 825 quod
1573 778 1656 812 satis
1687 779 1747 812 diu
1774 785 1805 811 te
1829 786 1976 812 naturae
2002 781 2125 815 x'ixisse

1130 830 1234 871 dicis,
1271 843 1499 876 nequaquam
1531 830 1670 863 animus
1700 836 1780 863 tuus
1814 832 2008 874 praesentis
2036 833 2125 865 vitae

1130 883 1258 926 spatio,
1287 883 1382 927 quod
1401 888 1451 915 est
1467 881 1743 925 sugaciSsinnnn,
1769 888 1955 915 contentus
1974 895 2045 916 esse
2067 886 2125 916 de-

1129 934 1200 966 bct.
1261 933 1329 966 Sed
1356 933 1412 965 illa
1439 940 1489 967 est
1514 946 1596 965 &era
1626 933 1697 965 xiia
1723 934 1905 973 ducenda,
1944 946 2034 978 quae
2061 936 2123 968 erit

1132 991 1323 1029 perpetua,
1375 998 1453 1017 cum
1492 984 1664 1017 memoria
1699 984 1868 1017 xirtutum
1907 991 2049 1018 tuarum
2083 989 2124 1019 ad

1132 1048 1273 1068 omnem
1299 1036 1541 1080 posteritatem
1568 1036 1837 1080 propagabitur.
1892 1035 1994 1081 Quae
2020 1037 2066 1069 ita
2094 1045 2126 1070 te

1130 1088 1273 1120 demum
1296 1087 1389 1121 veris
1414 1087 1576 1120 laudibus
1602 1087 1745 1120 ornabit
1774 1094 1807 1119 et
1831 1088 1978 1121 summis
2012 1086 2129 1121 lleroi-

1130 1139 1193 1171 bus
1228 1138 1501 1178 annumerabit,
1546 1138 1573 1172 si
1603 1138 1755 1182 patriam
1789 1145 1990 1184 quassatam
2025 1146 2125 1173 tanto

1130 1190 1222 1222 bello
1248 1202 1368 1223 rursus
1393 1189 1562 1229 erexeris,
1599 1190 1626 1223 si
1652 1191 1740 1223 liene
1765 1190 1994 1223 constitutam
2021 1198 2126 1237 atque

2032 1242 2124 1277 Ram

1130 1293 1219 1325 bella
1243 1293 1318 1337 ipsa
1344 1293 1535 1326 fortissima
1563 1293 1801 1337 deplorabunt
1827 1293 1957 1338 aliqui,
2001 1300 2034 1327 et
2057 1295 2126 1327 exi-

1130 1344 1219 1377 tium
1242 1343 1443 1378 adscribent
1466 1344 1557 1378 satis.
1613 1344 1680 1377 Sed
1703 1343 1766 1377 hac
1792 1344 1826 1376 in
1850 1357 1888 1377 re
1914 1345 2124 1389 sapientiam

1131 1402 1164 1427 et
1190 1395 1386 1428 bonitatem
1420 1402 1517 1428 tuam
1553 1396 1809 1439 praedicabunt
1835 1408 1978 1436 omnes,
2022 1403 2127 1441 teque

1130 1447 1222 1479 inter
1238 1448 1409 1480 salutares
1429 1446 1605 1490 principes
1625 1447 1837 1485 censebunt,
1871 1461 1940 1491 qna
1966 1448 2128 1494 lande‘ffl')

1129 1498 1226 1531 nulla
1253 1505 1303 1532 est
1328 1499 1502 1542 amplior,
1538 1505 1597 1530 aut
1624 1499 1735 1542 magis
1762 1500 1956 1542 expetenda
1981 1500 2128 1533 summis

1131 1549 1233 1587 viris,
1277 1549 1437 1582 xidelicet
1463 1550 1492 1583 si
1515 1549 1702 1582 victoriam
1730 1550 1772 1582 ad
1801 1549 1929 1582 civium
1962 1557 1995 1582 et
2020 1551 2128 1585 totius

1130 1599 1279 1633 lnnnani
1305 1601 1442 1645 generis
1466 1601 1615 1634 salutem
1644 1601 1848 1635 contuleris.
1918 1600 1969 1634 lta
1997 1609 2031 1634 et
2054 1616 2127 1635 me-

1130 1652 1245 1684 moria
1266 1653 1317 1686 tui
1337 1652 1450 1693 vivet,
1479 1659 1511 1685 et
1529 1652 1712 1686 erithonis
1731 1653 1896 1686 munibus
1914 1653 2126 1696 gratissima.

1129 1703 1174 1736 Et
1192 1701 1257 1736 liac
1275 1704 1386 1748 gloria
1405 1711 1442 1737 111
1460 1703 1533 1748 ipse
1558 1704 1697 1737 frueris.
1756 1704 1889 1737 Errant
1915 1705 2007 1737 enim
2021 1732 2030 1744 ‚
2066 1706 2126 1751 qui

1130 1755 1267 1788 animas
1286 1755 1442 1799 extingui
1462 1762 1495 1788 et
1520 1755 1665 1787 interire
1691 1767 1760 1787 nna
1787 1768 1865 1789 cum
1893 1768 2044 1800 corpore
2069 1770 2126 1789 ar—

1131 1806 1325 1841 bitrantur.
1379 1807 1501 1852 Quare
1523 1819 1602 1839 cum
1630 1819 1712 1839 xera
1742 1804 1882 1841 vitassit
1909 1808 2128 1853 duceudass'f)

1129 1858 1188 1890 illa
1213 1858 1484 1897 innnortalitas,
1514 1870 1555 1890 eo
1581 1859 1711 1892 reseres
1735 1865 1794 1891 tua
1824 1859 1989 1899 consilia,
2028 1866 2065 1893 ut
2091 1860 2126 1892 111

1130 1910 1187 1941 illa
1205 1910 1421 1953 sempiterna
1441 1910 1510 1941 vita
1540 1909 1759 1954 voluptatem
1786 1922 1827 1943 ex
1850 1917 1944 1944 recte
1968 1912 2068 1944 sactis
2094 1918 2122 1943 et

1130 1975 1141 1993 x
1153 1972 1210 1993 era
1234 1961 1345 2004 gloria
1374 1961 1492 2005 capias
1506 1960 1564 2004 3⁸).

1131 1248 1295 1274 ornatam
1324 1242 1579 1285 rempublicam
1607 1241 1756 1285 posteris
1780 1242 1978 1276 tradideris.

1497 2054 1758 2088 Conclusio.

1229 2131 1303 2165 Etsi
1332 2137 1448 2164 autem
1476 2130 1576 2163 initio
1601 2131 1684 2163 belli
1708 2131 1745 2163 111
1768 2137 1865 2164 tanta
1898 2134 2123 2176 negotiorum

1128 2183 1278 2228 caligine
1294 2183 1354 2215 alii
1375 2182 1458 2215 odio
1479 2182 1529 2214 tui
1549 2194 1645 2216 acres
1662 2184 1824 2223 suerunt,
1852 2183 1910 2215 alii
1937 2191 2033 2217 metu
2060 2185 2123 2218 tibi

1127 2236 1245 2268 minus
1263 2234 1380 2280 aequi,
1409 2240 1528 2266 tamen
1549 2246 1655 2273 nunc,
1684 2241 1873 2280 postquam
1894 2235 2008 2268 victor
2023 2248 2123 2269 arma

1127 2286 1296 2332 posuisti,
1325 2292 1359 2318 et
1376 2297 1450 2318 11011
1466 2286 1614 2319 obscure
1631 2285 1826 2329 significas,
1856 2292 1887 2318 te
1904 2299 2044 2331 semper
2061 2300 2124 2332 pa-

1127 2339 1174 2372 cis
1192 2337 1358 2382 cupidum
1376 2337 1500 2376 fuisse,
1529 2343 1563 2369 et
1580 2348 1674 2369 nunc
1690 2348 1834 2370 servare
1852 2350 1974 2371 onmes
1993 2340 2123 2379 studes,

1127 2390 1255 2436 quilius
1273 2388 1356 2421 belli
1372 2388 1514 2421 fortuna
1532 2388 1707 2432 pepercit,
1737 2394 1769 2420 et
1789 2388 1887 2420 0111111
1907 2401 1989 2422 cura
2013 2402 2052 2423 ac
2066 2403 2121 2423 ra-

1127 2442 1221 2474 tione
1241 2440 1365 2479 efficis,
1393 2446 1432 2473 ut
1449 2439 1622 2473 coalescat
1646 2438 1773 2472 iterum
1798 2439 1834 2472 in
1858 2452 1969 2473 unum
1994 2454 2123 2485 corpus

1159 2576 1208 2604 36)
1229 2575 1323 2603 laude]
1345 2574 1385 2598 sic
1405 2576 1480 2598 recte
1500 2575 1548 2598 Ed.
1569 2574 1659 2605 1568.;
1686 2573 1769 2597 Editt.
1787 2573 1877 2606 ¹553„
1900 2575 1972 2600 1554.
1993 2577 2078 2600 tanta.

1160 2626 1366 2685 3731-111110101111111
1393 2626 1432 2649 sic
1459 2626 1652 2657 Editt.1553.‚
1680 2625 1771 2656 1554.;
1808 2626 1951 2650 Ed.1568.
1977 2630 2119 2657 corrupte:

1214 2669 1220 2684 1
1235 2668 1267 2685 en
1288 2667 1311 2685 a,

1164 2713 1211 2741 38)
1232 2713 1339 2742 capias]
1362 2712 1400 2736 sic
1420 2712 1613 2781 Ε(11ἔ51ὸ1553.,
1635 2712 1726 2741 155⁴.;
1755 2712 1803 2737 Ed.
1822 2712 1895 2737 1568.
1914 2713 2013 2744 capies.
