2347 3000
73 112 169 151 1225

67 199 107 234 In
141 199 215 234 istis
246 199 332 234 locis
361 199 435 233 sere
464 197 686 232 consumitur
715 203 830 231 totum
861 195 1060 237 exordium,

68 252 165 297 quod
191 250 386 284 concludit:
430 250 593 294 Quaeso,
634 256 675 282 ut
700 261 756 282 me
782 249 973 282 clementer
998 260 1060 281 au-

69 303 200 336 diendo
217 301 344 335 liberes
362 300 435 334 istis
453 300 731 335 difficultatibus.

148 354 218 388 Sed
234 353 427 398 antequam]
445 351 577 386 Causas
593 358 627 385 et
644 350 844 385 occasiones
861 347 1060 383 calumniae

69 404 161 438 tollit
179 403 303 437 Cicero
315 429 324 443 ,
352 409 386 436 et
404 403 558 436 occurrit
572 402 698 436 tacitae
716 401 923 441 offensioni,
952 411 1059 445 quam

68 456 256 488 verebatur
274 466 345 488 esse
363 454 536 500 reliquam
554 454 591 486 111
608 454 727 487 animo
739 452 917 492 Caesaris,
946 457 981 484 et
998 463 1060 494 op-

69 506 171 551 ponit
195 511 444 549 argumentum
472 518 489 538 a
513 505 712 540 constantia
738 511 772 538 et
797 504 864 537 fide
888 501 1059 541 Caesaris,

70 564 178 603 atque
204 556 252 589 ita
277 563 469 601 praeparat
491 556 677 590 Caesarem
702 557 746 588 ad
769 561 880 588 totam
905 566 1059 592 causam,

67 615 108 642 ut
125 607 288 641 videlicet
304 620 378 641 non
400 607 501 641 facile
526 614 680 642 statuere
703 606 838 652 aliquid
864 604 975 650 possit
999 604 1060 637 ad-

66 671 189 694 versus
205 658 438 700 Deiotarum,
464 670 509 692 ne
533 659 697 692 videatur
720 669 849 703 parum
873 657 969 689 bona
991 655 1059 688 fide

69 711 102 744 ei
118 710 259 744 veniam
282 710 437 750 dedisse,
476 717 538 744 aut
558 722 634 743 non
656 709 741 744 satis
768 709 863 741 bona
887 708 956 741 fide
978 719 1059 740 cum

68 774 110 795 eo
134 762 172 795 in
194 761 344 806 gratiam
370 760 528 797 rediisse.
580 760 710 800 ἄλλως.
762 759 978 804 Priusquam
1001 769 1060 790 ve-

69 813 124 846 nit
156 814 201 846 ad
233 812 501 853 infitiationem,
542 811 667 845 inserit
690 809 981 855 occupationem,
1022 808 1060 841 in

71 876 142 910 qua
168 863 323 898 occurrit
347 864 473 896 tacitae
498 861 706 902 offensioni,
744 873 835 907 quae
853 860 991 906 reliqua
1008 859 1060 892 vi-

69 916 219 949 debatur
234 914 271 947 111
289 914 408 947 animo
425 914 607 954 Caesaris,
635 920 669 947 et
692 913 862 946 adversus
886 911 983 944 illam
1009 911 1059 944 of-

67 967 264 1000 fensionem
283 972 475 1010 praeparat
496 965 655 998 animum
674 964 851 1003 Caesaris,
879 969 985 1008 atque
1010 962 1058 995 ita

68 1017 241 1062 significat
258 1016 307 1057 ei,
339 1018 435 1062 quod
454 1015 544 1049 nihil
566 1029 607 1049 ex
630 1015 704 1050 istis
727 1014 983 1049 offensionibus
1001 1014 1059 1047 de-

68 1070 151 1103 beat
166 1068 335 1102 iudicare.
394 1066 490 1102 Istud
515 1067 609 1101 enim
633 1079 708 1100 non
734 1073 786 1100 est
808 1066 949 1110 signum
976 1076 1060 1098 con-

68 1119 193 1155 stantis
214 1119 294 1153 viri.
375 1115 561 1166 Venerunt]
596 1118 721 1153 Castor
746 1118 931 1151 accusabat
953 1115 1060 1149 Deio-

69 1179 208 1210 tarum,
236 1177 270 1203 et
285 1176 423 1203 tantum
448 1168 516 1203 hoc
538 1171 683 1215 agebat,
709 1175 749 1202 ut
773 1181 923 1213 regnum
947 1167 1059 1212 eripe-

69 1229 169 1256 retur
184 1221 376 1261 Deiotaro,
403 1228 437 1255 et
463 1222 662 1255 traderetur
682 1220 751 1265 ipsi
771 1219 921 1254 Castori.
972 1218 1060 1253 Istos

69 1275 183 1307 sontes
202 1272 399 1306 calumniae
416 1273 617 1307 considerat
636 1271 773 1306 Cicero.

176 1324 262 1369 Cap.
285 1322 343 1358 lll.
380 1326 410 1368 ᾗ.
434 1325 468 1359 8.
513 1324 664 1368 Iratam]
707 1321 950 1366 Occupatione
981 1332 1060 1365 pre-

69 1374 196 1410 hensat
210 1374 370 1409 Caesaris
386 1376 559 1416 animum,
585 1381 625 1409 ut
640 1374 768 1408 veteris
786 1373 860 1407 odii
877 1373 1061 1407 oblivisca-

71 1435 148 1467 tur,
184 1428 280 1472 quod
306 1427 425 1460 obesse
448 1424 530 1468 huic
554 1438 679 1460 causae
702 1425 830 1470 potuit.
914 1423 1060 1468 Iratam]

67 1478 253 1523 Expositio
272 1484 333 1511 est.
411 1478 647 1522 Incommodis]
675 1476 805 1511 scilieet
827 1475 955 1522 qulbus
979 1487 1059 1508 eum

71 1529 228 1564 affecisti.
310 1530 496 1575 Quamque]
521 1529 640 1562 Altera
656 1540 740 1573 pars
755 1534 806 1561 est
831 1526 1059 1561 crudelitatis.

72 1578 291 1628 Eandem-ato]
320 1581 355 1612 id
379 1587 448 1619 est,
481 1580 593 1621 irato,
624 1585 845 1624 exasperato.
927 1579 1060 1612 Inside-

71 1634 139 1677 ret]
168 1633 203 1664 id
228 1638 296 1671 est,
331 1629 544 1665 inhaereret.
622 1631 857 1675 Quamobrem]
884 1629 1062 1673 Depreca-

73 1684 144 1724 tio,
182 1683 219 1715 in
244 1695 312 1728 qua
337 1695 410 1715 non
441 1681 597 1716 defensio
627 1681 731 1722 facti,
771 1682 831 1714 sed
856 1678 1062 1726 ignoscendi

69 1734 263 1780 postulatio
283 1734 494 1767 continetur.
528 1734 749 1777 Deprecatur
766 1732 874 1773 enim,
901 1738 939 1765 ut
954 1731 1063 1765 semel

72 1786 245 1820 Deiotaro
262 1785 348 1817 velit
361 1785 547 1828 ignovisse.
600 1784 691 1817 Cum
707 1796 782 1817 non
798 1784 927 1818 scimus
944 1783 1063 1815 desen-

71 1839 155 1872 dere
179 1837 311 1870 factum
336 1842 519 1875 nostruin,
552 1835 705 1868 solemus
736 1835 875 1879 precari
908 1834 1063 1873 veniam,

71 1889 161 1924 sicut
176 1886 234 1921 hic
251 1887 453 1921 Deiotarus.
494 1886 622 1924 ἄλλως.
673 1885 836 1930 Opponit
854 1891 1061 1929 argumenta

71 1940 155 1974 fidei
170 1946 205 1973 et
221 1939 459 1973 constantiae:
489 1938 545 1971 Tu
562 1936 672 1971 semel
696 1949 776 1971 cum
803 1949 844 1970 eo
869 1936 1005 1970 rediisti
1027 1936 1063 1968 in

68 1991 247 2037 gratiam,
290 2004 372 2035 ergo
406 2002 480 2023 11011
513 1989 618 2022 debes
658 1995 799 2022 mutare
839 1987 1063 2021 sententiam.

74 2043 180 2082 ltem,
206 2043 343 2076 rediisti
360 2055 439 2076 011111
454 2054 495 2074 eo
514 2041 550 2073 in
569 2039 740 2084 gratiam,
768 2052 851 2083 ergo
877 2040 971 2072 hona
996 2040 1063 2072 fide

77 2102 112 2128 et
127 2100 249 2128 sancto
268 2094 343 2127 iure
360 2092 505 2138 hospitii
524 2104 603 2125 cum
624 2104 665 2124 eo
683 2091 820 2126 rediisti
837 2091 873 2124 111
900 2091 1063 2135 gratiam.

75 2147 189 2190 Meta]
222 2145 354 2178 scilicet
380 2157 424 2178 ne
443 2144 662 2187 suspicemur
684 2142 820 2188 aliquid
846 2142 1064 2176 iracundiae.

74 2197 204 2241 Fidem]
231 2197 362 2230 scilicet
386 2208 493 2242 quain
520 2194 647 2228 dedisti
669 2193 854 2228 Deiotaro.
931 2196 1064 2227 Desie-

73 2249 164 2292 ram]
197 2247 327 2281 scilicet
351 2260 442 2293 quae
467 2252 518 2280 est
541 2258 639 2279 sacra
664 2245 766 2286 fidei,
803 2245 893 2279 sicut
914 2251 965 2278 cst
988 2257 1064 2277 mos

74 2300 171 2345 apud
188 2299 398 2333 Germanos.
476 2300 545 2331 Per
561 2294 755 2344 desieram]
782 2295 814 2329 A
829 2296 904 2329 iure
920 2294 1065 2340 hospitii

77 2351 306 2394 amplificatio
333 2357 367 2384 et
390 2348 666 2392 conduplicatIO.
716 2348 780 2381 Est
805 2347 898 2380 enim
924 2347 1063 2380 iteratio

75 2402 176 2436 verbi
193 2414 296 2435 causa
318 2399 614 2445 amplificationis.
692 2399 907 2443 Porrexlsti]
935 2399 1065 2431 scilicet

75 2466 155 2488 cum
173 2453 267 2498 apud
284 2465 364 2486 eum
382 2451 536 2496 hospitio
555 2462 643 2484 esses
661 2456 835 2494 exceptus.
913 2452 1066 2484 Promis-

74 2506 140 2550 sis]
169 2504 405 2538 Commendat
419 2503 513 2536 enim
532 2501 645 2543 magis
668 2501 712 2534 ab
739 2501 878 2540 animo,
914 2513 1021 2546 quam
1046 2513 1064 2533 a

78 2557 207 2589 virtute
232 2555 404 2600 corporis.
497 2553 563 2597 Tu]
600 2552 843 2585 Commoratio
868 2563 930 2596 per
953 2552 1066 2585 incre-

76 2613 249 2640 mentum.
333 2606 448 2649 Vetus]
473 2604 675 2648 Repetitio,
702 2603 802 2649 quasi
820 2603 930 2637 dicat:
959 2603 1065 2648 Quod

76 2658 141 2693 tibi
166 2657 286 2691 multis
311 2656 413 2690 annis
435 2655 502 2689 fuit
525 2668 603 2688 011111
630 2654 815 2688 Deiotaro.
907 2654 1065 2699 Penates]

77 2709 207 2744 scilicet
223 2707 427 2748 domestici,
453 2706 584 2744 scilicet
600 2718 706 2751 penes
723 2718 787 2741 nos
804 2704 891 2740 nati.
957 2707 1065 2749 Arae]

279 111 386 149 XVII.
438 108 721 148 ENARRATIO
757 107 1018 145 ORATIONIS
1051 108 1300 148 CICERONIS
1334 111 1433 147 PRO
1468 109 1598 146 REGE
1633 109 1898 148 DEIOTARO.

2004 109 2103 147 1226

1111 197 1152 232 In
1169 198 1350 233 vestibulis
1371 197 1510 232 aedium
1529 203 1631 232 erant
1649 209 1732 230 arae
1747 197 1888 238 larium,
1915 195 1975 230 ubi
1995 196 2104 231 sacri-

1112 251 1277 285 ficabant.
1336 250 1438 284 Hunc
1465 262 1601 283 morem
1626 247 1683 282 hic
1707 249 1932 293 perstringit,
1966 255 1999 281 et
2023 248 2103 281 vide

1113 302 1362 346 proverbium:
1414 302 1531 336 Salem
1561 307 1596 334 et
1626 312 1786 334 mensam
1814 312 1887 332 non
1918 299 2026 333 violes
2045 299 2103 344 ¹³⁴).

1112 351 1370 387 Demosthenes
1389 352 1511 386 obiicit
1528 350 1714 392 Aeschini,
1743 352 1838 397 quod
1864 350 1900 383 in
1925 349 2102 396 πρεσβείᾳ

1112 405 1291 439 accusavit
1324 404 1502 450 aliquem,
1544 404 1642 438 cuius
1665 403 1779 438 socius
1803 414 1945 435 mensae
1970 401 2102 435 suisset.

1112 454 1179 489 Ista
1198 468 1272 488 non
1287 462 1454 500 poterant
1470 455 1559 496 dici,
1591 455 1659 489 nisi
1677 455 1720 488 ab
1739 455 1819 493 illo,
1853 453 1912 498 qui
1933 452 2103 492 intelligo·

1111 507 1173 540 hat
1188 505 1421 542 humanitatis
1439 506 1564 542 officia.
1642 506 1749 550 Arae]
1778 505 1908 538 scilicet
1926 503 1959 535 111
1976 503 2103 548 quihus

1112 558 1171 591 Dii
1197 559 1374 592 coluntur.

1216 607 1246 654 ἓ.
1263 609 1298 644 9.
1325 608 1451 653 Semel]
1478 607 1513 641 id
1540 615 1608 649 est,
1635 615 1675 642 ut
1699 614 1820 652 postea
1848 618 2031 651 nunquam
2057 604 2104 638 sis

1112 662 1331 700 exorandus,
1358 660 1434 700 vel,
1463 660 1553 693 soles
1575 660 1683 694 semel
1702 658 1860 698 exorari,
1895 658 1942 690 ita
1968 663 2007 689 111
2031 668 2105 688 non

1111 724 1251 757 semper
1265 718 1388 756 postea
1407 723 1496 756 opus
1513 710 1569 745 sit.
1644 712 1765 756 Nemo]
1792 709 1970 743 Sententia
1992 713 2042 740 est
2059 708 2105 739 ad

1112 775 1303 808 personam
1327 763 1438 796 relata
1461 774 1525 806 per
1548 762 1858 796 asseverationem.
1970 759 2102 793 Simul·

1110 819 1164 849 tas
1174 812 1247 862 19)]
1274 813 1311 847 id
1330 820 1399 854 est,
1428 813 1548 847 odium
1568 813 1713 846 tacitum
1730 819 1764 846 et
1781 812 1954 844 inclusum
1975 809 2012 842 in
2029 808 2106 841 ani-

1111 865 1198 906 mis,
1239 865 1297 899 ein
1325 862 1533 898 heimlicher
1556 864 1717 898 unwille.
1822 861 2032 904 Simultatis]
2069 859 2105 893 id

1113 923 1184 957 est,
1219 916 1408 950 inveterati
1432 915 1518 950 odii.
1611 914 1835 960 Quamquam]
1869 912 1969 959 quasi
1993 911 2105 944 dicat:

1113 968 1209 1012 Quid
1233 968 1344 1001 multa
1372 980 1461 1012 opus
1484 974 1534 1001 est
1557 966 1697 1011 precari
1719 978 1794 1005 me,
1829 977 1908 998 011111
1937 970 1975 996 tu
2000 974 2105 1005 saepe

1112 1019 1190 1053 aliis
1207 1019 1325 1053 dixisti
1344 1019 1407 1052 11111
1427 1020 1546 1052 dolere
1557 1018 1638 1064 19ἢ).
1709 1017 1908 1058 lnauditae]
1926 1014 1980 1047 Ab
1997 1013 2106 1058 ipsius

1113 1071 1273 1104 Caesaris
1305 1070 1508 1104 testimonio
1543 1070 1692 1114 probat,
1741 1068 1838 1113 quod
1870 1067 2027 1111 placatus
2062 1063 2108 1097 sit

1112 1122 1297 1156 Deiotaro.
1361 1123 1440 1155 Cum
1455 1121 1635 1164 Deiotaro]
1665 1119 1768 1165 quasi
1785 1118 1896 1151 dicat:
1924 1117 1983 1150 Tu
2000 1127 2105 1159 saepe

1112 1173 1256 1207 doluisti
1272 1172 1385 1205 vicem
1396 1172 1576 1212 Deiotari,
1604 1172 1701 1217 quod
1718 1170 1792 1214 ipse
1808 1168 1853 1204 sit
1868 1175 2005 1202 secutus
2023 1178 2107 1211 par-

1112 1231 1163 1258 tes
1187 1224 1438 1269 Pompeianas.
1518 1222 1701 1267 'Querelae]
1736 1221 1867 1255 scilicet
1890 1219 2018 1265 quibus
2043 1218 2107 1251 do-

1112 1276 1179 1310 luit
1203 1276 1314 1308 1100111
1340 1274 1514 1309 Deiotari.
1603 1272 1804 1319 Nunquam]
1839 1271 1980 1314 Allegat
2001 1282 2106 1303 suum

1112 1327 1369 1361 testimonium.
1421 1325 1560 1359 Leones
1575 1337 1650 1358 non
1670 1330 1753 1358 sunt
1774 1323 2019 1361 simulatores,
2044 1320 2107 1354 sed

1112 1378 1188 1423 lupi
1211 1385 1245 1412 et
1272 1379 1407 1422 vulpes.
1492 1375 1689 1422 Nunquam]
1723 1373 1974 1419 Interpretatio
1993 1371 2106 1405 conti-

1112 1442 1200 1464 nens
1224 1428 1509 1463 extenuationem
1533 1427 1628 1461 facti.
1706 1425 1857 1470 Hostem]
1886 1424 1979 1469 Quia
1997 1422 2107 1456 Deio-

1113 1488 1210 1515 tarus
1228 1480 1368 1526 putavit
1391 1492 1427 1514 se
1450 1492 1516 1524 pro
1539 1479 1651 1513 salute
1674 1477 1818 1522 imperii
1832 1474 1990 1509 Romani
2011 1486 2108 1508 sum-

1112 1532 1221 1577 psisse
1243 1544 1355 1566 arma.
1441 1531 1516 1576 caci]
1552 1529 1683 1564 scilicet
1707 1527 1869 1574 quamvis
1893 1525 2107 1571 propensior

1113 1584 1181 1617 suit
1209 1583 1247 1616 in
1285 1582 1493 1617 amicitiam.
1602 1579 1846 1624 Exeusatione]
1886 1578 1923 1611 id
1953 1584 2021 1616 est,
2061 1587 2107 1609 ne

1114 1634 1267 1668 venisset
1298 1635 1343 1667 ad
1373 1633 1519 1667 bellum.
1587 1631 1677 1665 Vide
1709 1630 1910 1664 Connnent.
1946 1627 2108 1662 Caesaris

1114 1686 1174 1720 lib.
1192 1686 1225 1720 3.
1235 1684 1295 1731 ²⁰).

1220 1735 1250 1781 {-
1273 1737 1330 1770 10.
1355 1737 1472 1781 Itaque
1490 1746 1556 1768 non
1572 1734 1692 1778 solnm]
1710 1731 1904 1766 Personale
1920 1742 2109 1775 argumen-

1116 1795 1212 1827 tum,
1239 1787 1451 1820 Deiotarum
1470 1798 1544 1818 non
1558 1784 1664 1818 fuisse
1687 1784 1814 1817 acerbo
1838 1782 1960 1815 animo
1983 1782 2107 1814 adver-

1116 1852 1173 1874 sus
1190 1838 1390 1872 Caesarem.
1468 1836 1601 1882 Itaque]
1628 1835 1799 1870 Similiter
1821 1835 1967 1873 cadens,
1997 1833 2107 1866 disso-

1116 1891 1249 1930 lutum,
1272 1889 1345 1923 sive
1361 1885 1586 1933 asyntheton.
1652 1885 1950 1929 Animadverti-sti]
1977 1884 2110 1917 scilicet

1117 1942 1214 1988 quod
1238 1941 1314 1975 iure
1338 1939 1421 1973 belli
1445 1938 1631 1984 potuisses.
1715 1936 1901 1981 Hospitem]
1938 1935 2032 1980 Quia
2062 1935 2108 1968 ad

1118 2006 1197 2026 eum
1232 1991 1417 2025 divertisti.
1521 1990 1658 2034 Reyem]
1700 1988 1735 2021 id
1768 1993 1837 2027 est,
1879 1983 2108 2020 tetrarcham.

1116 2045 1313 2091 Reliquisti]
1340 2040 1532 2085 Castigatio
1555 2046 1624 2081 est,
1653 2039 1753 2085 quasi
1772 2039 1881 2071 dicat:
1905 2037 2001 2083 Quid
2018 2037 2109 2070 mul-

1118 2097 1160 2130 tis
1186 2098 1378 2140 deprecor,
1410 2099 1449 2127 ut
1478 2091 1585 2126 semel
1612 2091 1698 2126 velis
1720 2090 1892 2123 Deiotaro
1919 2088 2108 2133 ignovisse,

1118 2160 1196 2181 011111
1227 2154 1260 2180 te
1290 2158 1396 2179 1101110
1423 2156 1497 2177 11011
1522 2143 1675 2176 audierit
1699 2147 1975 2186 conquerentem
1994 2140 2106 2172 vicem

1116 2197 1296 2238 Deiotari,
1340 2197 1396 2230 cui
1418 2195 1595 2228 rationem
1620 2193 1820 2236 subiungit,
1854 2197 1893 2225 ut
1916 2191 2108 2224 Deiotarus

1118 2250 1255 2283 veniret
1286 2248 1324 2281 in
1354 2253 1467 2281 castra
1492 2245 1675 2289 Pompeii,
1709 2255 1800 2289 quae
1834 2242 1992 2275 continet
2025 2240 2106 2273 sacti

1118 2299 1278 2335 Deiotari
1297 2298 1577 2336 excusationem,
1606 2303 1711 2341 atque
1736 2293 1867 2329 erroris
1888 2291 2107 2338 deprecatio-

1154 2409 1199 2438 18)
1218 2407 1410 2433 Proverbiiunz
1433 2402 1504 2428 'Ala
1524 2401 1571 2428 καὶ
1589 2401 1725 2434 τράπεζαν
1742 2399 1780 2434 μή
1795 2401 1993 2433 παραβαίνειν,
2012 2400 2038 2423 id
2054 2402 2107 2431 est,

1187 2444 1279 2468 salem
1303 2443 1331 2466 et
1355 2445 1478 2465 mensam
1504 2445 1537 2462 ne
1562 2439 1740 2468 praetereas,
1772 2436 1924 2467 significat:
1957 2436 1997 2459 Be
2020 2435 2108 2458 violes

1187 2477 1324 2502 amicitiae
1344 2476 1412 2499 iura.
1449 2474 1515 2497 Nam
1536 2472 1579 2496 his
1596 2473 1678 2496 rebus
1698 2471 1762 2495 olim
1780 2470 1997 2494 conciliabantur
2017 2469 2107 2499 amici,

1188 2514 1216 2537 et
1234 2511 1384 2535 familiares
1411 2508 1560 2538 antiquitus
1586 2508 1679 2530 mutua
1702 2505 1775 2529 inter
1800 2511 1831 2528 se
1855 2504 1982 2528 convivia
2006 2503 2106 2527 actita-

1188 2548 1269 2575 bant;
1295 2545 1349 2569 vid.
1369 2543 1476 2568 Erasini
1496 2542 1575 2571 adag.
1593 2541 1656 2564 chil.
1668 2540 1688 2564 1.
1707 2540 1779 2564 cent.
1795 2539 1842 2563 VI.
1861 2544 1938 2568 prov.
1958 2538 1995 2561 10.

1156 2582 1201 2609 19)
1221 2580 1377 2608 simultas]
1397 2578 1445 2603 Ed.
1468 2577 1540 2600 1568.
1561 2581 1656 2599 errore
1675 2575 1800 2605 tmogra
1831 2574 1865 2598 Sc·
1883 2573 2000 2598 ηιαῑιαε.
2021 2572 2105 2603 (apud

1189 2615 1349 2639 Ciceronem
1369 2614 1393 2635 h.
1410 2613 1428 2636 1.
1448 2611 1562 2638 legitur:
1588 2609 1773 2637 simultatis).

1154 2648 1220 2680 19³)
1240 2649 1347 2676 dolere]
1367 2646 1416 2670 Ed.
1432 2646 1507 2670 1565.
1528 2649 1623 2668 errore
1643 2644 1770 2674 typogr.:
1797 2641 1900 2666 delere.

1152 2685 1201 2712 20)
1220 2684 1266 2708 1111,
1285 2683 1324 2713 3.]
1348 2682 1397 2707 Ed.
1418 2681 1492 2705 1505.
1518 2679 1604 2704 male:
1637 2678 1682 2702 1111.
1698 2679 1741 2709 4.)
1780 2677 1850 2702 cous.
1878 2680 1962 2706 supra
1985 2682 2010 2706 p.
2033 2675 2105 2701 1221.

1187 2718 1252 2743 uota
1264 2717 1290 2741 6.
