<?xml version="1.0" encoding="UTF-8"?>
<!DOCTYPE html PUBLIC "-//W3C//DTD XHTML 1.0 Transitional//EN"
    "http://www.w3.org/TR/xhtml1/DTD/xhtml1-transitional.dtd">
<html xmlns="http://www.w3.org/1999/xhtml" xml:lang="en" lang="en">
 <head>
  <title>
</title>
<meta http-equiv="Content-Type" content="text/html;charset=utf-8" />
  <meta name='ocr-system' content='tesseract 3.04.00' />
  <meta name='ocr-capabilities' content='ocr_page ocr_carea ocr_par ocr_line ocrx_word'/>
</head>
<body>
  <div class='ocr_page' id='page_1' title='image "./operaquaesupersu16melauoft/operaquaesupersu16melauoft_0518.png"; bbox 0 0 2347 3000; ppageno 0'>
   <div class='ocr_carea' id='block_1_1' title="bbox 213 107 311 147">
    <p class='ocr_par' dir='ltr' id='par_1_1' title="bbox 213 107 311 147">
     <span class='ocr_line' id='line_1_1' title="bbox 213 107 311 147; baseline -0.051 0"><span class='ocrx_word' id='word_1_1' title='bbox 213 107 311 147; x_wconf 82' lang='lat'>1007</span> 
     </span>
    </p>
   </div>
   <div class='ocr_carea' id='block_1_2' title="bbox 219 179 1243 1874">
    <p class='ocr_par' dir='ltr' id='par_1_2' title="bbox 219 179 1216 700">
     <span class='ocr_line' id='line_1_2' title="bbox 219 179 1207 234; baseline -0.022 -5"><span class='ocrx_word' id='word_1_2' title='bbox 219 196 354 233; x_wconf 85' lang='lat' dir='ltr'>otium,</span> <span class='ocrx_word' id='word_1_3' title='bbox 389 190 610 234; x_wconf 83' lang='lat' dir='ltr'>voluptates,</span> <span class='ocrx_word' id='word_1_4' title='bbox 651 183 767 219; x_wconf 89' lang='lat' dir='ltr'>Clodii</span> <span class='ocrx_word' id='word_1_5' title='bbox 796 179 1044 225; x_wconf 69' lang='lat' dir='ltr'><strong>largitionibus</strong></span> <span class='ocrx_word' id='word_1_6' title='bbox 1072 183 1207 210; x_wconf 87' lang='lat' dir='ltr'>susten-</span> 
     </span>
     <span class='ocr_line' id='line_1_3' title="bbox 221 228 1207 281; baseline -0.022 -1"><span class='ocrx_word' id='word_1_7' title='bbox 221 251 354 281; x_wconf 88' lang='lat' dir='ltr'>tarunt.</span> <span class='ocrx_word' id='word_1_8' title='bbox 406 243 441 276; x_wconf 83' lang='lat'>3.</span> <span class='ocrx_word' id='word_1_9' title='bbox 468 237 701 274; x_wconf 85' lang='lat' dir='ltr'>Adbortatio:</span> <span class='ocrx_word' id='word_1_10' title='bbox 739 234 859 277; x_wconf 87' lang='lat' dir='ltr'>Quare</span> <span class='ocrx_word' id='word_1_11' title='bbox 891 231 999 264; x_wconf 73' lang='lat' dir='ltr'>libi-re</span> <span class='ocrx_word' id='word_1_12' title='bbox 1031 228 1207 261; x_wconf 76' lang='lat' dir='ltr'>decernite</span> 
     </span>
     <span class='ocr_line' id='line_1_4' title="bbox 222 278 1208 331; baseline -0.022 0"><span class='ocrx_word' id='word_1_13' title='bbox 222 297 354 331; x_wconf 84' lang='lat' dir='ltr'>iudices</span> <span class='ocrx_word' id='word_1_14' title='bbox 379 294 422 326; x_wconf 89' lang='lat' dir='ltr'>de</span> <span class='ocrx_word' id='word_1_15' title='bbox 449 305 490 325; x_wconf 90' lang='lat' dir='ltr'>eo</span> <span class='ocrx_word' id='word_1_16' title='bbox 520 291 614 327; x_wconf 83' lang='lat' dir='ltr'>cive,</span> <span class='ocrx_word' id='word_1_17' title='bbox 643 286 701 331; x_wconf 91' lang='lat' dir='ltr'>qui</span> <span class='ocrx_word' id='word_1_18' title='bbox 730 295 870 328; x_wconf 88' lang='lat' dir='ltr'>semper</span> <span class='ocrx_word' id='word_1_19' title='bbox 893 282 1016 316; x_wconf 84' lang='lat' dir='ltr'>solitus</span> <span class='ocrx_word' id='word_1_20' title='bbox 1042 286 1088 313; x_wconf 81' lang='lat' dir='ltr'>est</span> <span class='ocrx_word' id='word_1_21' title='bbox 1112 278 1208 310; x_wconf 84' lang='lat' dir='ltr'>lorti-</span> 
     </span>
     <span class='ocr_line' id='line_1_5' title="bbox 222 330 1209 383; baseline -0.021 0"><span class='ocrx_word' id='word_1_22' title='bbox 222 357 276 383; x_wconf 88' lang='lat' dir='ltr'>ter</span> <span class='ocrx_word' id='word_1_23' title='bbox 316 345 477 379; x_wconf 84' lang='lat' dir='ltr'>resistere</span> <span class='ocrx_word' id='word_1_24' title='bbox 521 336 733 374; x_wconf 88' lang='lat' dir='ltr'>turbulentis</span> <span class='ocrx_word' id='word_1_25' title='bbox 777 341 812 367; x_wconf 91' lang='lat' dir='ltr'>et</span> <span class='ocrx_word' id='word_1_26' title='bbox 852 332 1019 378; x_wconf 82' lang='lat' dir='ltr'>inquietis</span> <span class='ocrx_word' id='word_1_27' title='bbox 1065 330 1209 362; x_wconf 71' lang='lat' dir='ltr'>cixibus.</span> 
     </span>
     <span class='ocr_line' id='line_1_6' title="bbox 224 379 1211 440; baseline -0.022 -7"><span class='ocrx_word' id='word_1_28' title='bbox 224 400 259 435; x_wconf 85' lang='grc'><strong>4.</strong></span> <span class='ocrx_word' id='word_1_29' title='bbox 288 393 521 440; x_wconf 71' lang='lat' dir='ltr'>Exaggeratio</span> <span class='ocrx_word' id='word_1_30' title='bbox 550 386 788 431; x_wconf 71' lang='lat' dir='ltr'>indignitatis,</span> <span class='ocrx_word' id='word_1_31' title='bbox 814 384 1004 427; x_wconf 85' lang='lat' dir='ltr'>Indignum</span> <span class='ocrx_word' id='word_1_32' title='bbox 1029 394 1121 420; x_wconf 79' lang='lat' dir='ltr'>esse,</span> <span class='ocrx_word' id='word_1_33' title='bbox 1145 379 1211 413; x_wconf 83' lang='lat' dir='ltr'>Mi-</span> 
     </span>
     <span class='ocr_line' id='line_1_7' title="bbox 223 433 1212 485; baseline -0.022 -1"><span class='ocrx_word' id='word_1_34' title='bbox 223 453 342 485; x_wconf 81' lang='lat' dir='ltr'>lonem</span> <span class='ocrx_word' id='word_1_35' title='bbox 366 444 591 480; x_wconf 68' lang='lat' dir='ltr'><strong>succumbere</strong></span> <span class='ocrx_word' id='word_1_36' title='bbox 629 441 665 472; x_wconf 88' lang='lat' dir='ltr'>in</span> <span class='ocrx_word' id='word_1_37' title='bbox 695 437 845 475; x_wconf 87' lang='lat' dir='ltr'>indicio,</span> <span class='ocrx_word' id='word_1_38' title='bbox 876 448 955 469; x_wconf 89' lang='lat' dir='ltr'>cum</span> <span class='ocrx_word' id='word_1_39' title='bbox 987 433 1071 467; x_wconf 78' lang='lat' dir='ltr'>satis</span> <span class='ocrx_word' id='word_1_40' title='bbox 1103 438 1212 464; x_wconf 80' lang='lat' dir='ltr'>certa-</span> 
     </span>
     <span class='ocr_line' id='line_1_8' title="bbox 225 485 1213 536; baseline -0.021 -1"><span class='ocrx_word' id='word_1_41' title='bbox 225 503 362 536; x_wconf 87' lang='lat' dir='ltr'>minum</span> <span class='ocrx_word' id='word_1_42' title='bbox 399 503 497 529; x_wconf 78' lang='lat' dir='ltr'>extra</span> <span class='ocrx_word' id='word_1_43' title='bbox 535 491 662 526; x_wconf 87' lang='lat' dir='ltr'>iudicia</span> <span class='ocrx_word' id='word_1_44' title='bbox 705 495 807 521; x_wconf 85' lang='lat' dir='ltr'>antea</span> <span class='ocrx_word' id='word_1_45' title='bbox 846 485 1012 520; x_wconf 88' lang='lat' dir='ltr'>babuerit</span> <span class='ocrx_word' id='word_1_46' title='bbox 1046 485 1213 516; x_wconf 63' lang='lat' dir='ltr'>adxersus</span> 
     </span>
     <span class='ocr_line' id='line_1_9' title="bbox 226 535 1211 596; baseline -0.023 -10"><span class='ocrx_word' id='word_1_47' title='bbox 226 551 410 596; x_wconf 86' lang='lat' dir='ltr'>improbos</span> <span class='ocrx_word' id='word_1_48' title='bbox 448 547 550 579; x_wconf 71' lang='lat' dir='ltr'>cives.</span> <span class='ocrx_word' id='word_1_49' title='bbox 629 540 663 576; x_wconf 87' lang='grc'>5.</span> <span class='ocrx_word' id='word_1_50' title='bbox 699 538 876 573; x_wconf 81' lang='lat' dir='ltr'>Reiectio:</span> <span class='ocrx_word' id='word_1_51' title='bbox 911 537 993 572; x_wconf 59' lang='lat' dir='ltr'>Non</span> <span class='ocrx_word' id='word_1_52' title='bbox 1027 535 1211 568; x_wconf 79' lang='lat' dir='ltr'>defendam</span> 
     </span>
     <span class='ocr_line' id='line_1_10' title="bbox 228 584 1214 638; baseline -0.02 -2"><span class='ocrx_word' id='word_1_53' title='bbox 228 604 400 638; x_wconf 65' lang='lat' dir='ltr'>Milonem</span> <span class='ocrx_word' id='word_1_54' title='bbox 425 596 607 631; x_wconf 77' lang='lat' dir='ltr'>mentione</span> <span class='ocrx_word' id='word_1_55' title='bbox 636 592 846 626; x_wconf 83' lang='lat' dir='ltr'>meritorum</span> <span class='ocrx_word' id='word_1_56' title='bbox 876 589 1121 633; x_wconf 83' lang='lat' dir='ltr'>publicorum,</span> <span class='ocrx_word' id='word_1_57' title='bbox 1155 584 1214 618; x_wconf 88' lang='lat' dir='ltr'>sed</span> 
     </span>
     <span class='ocr_line' id='line_1_11' title="bbox 228 635 1216 700; baseline -0.017 -15"><span class='ocrx_word' id='word_1_58' title='bbox 228 655 369 700; x_wconf 75' lang='lat' dir='ltr'>privato</span> <span class='ocrx_word' id='word_1_59' title='bbox 387 653 610 692; x_wconf 67' lang='lat' dir='ltr'>argumenti),</span> <span class='ocrx_word' id='word_1_60' title='bbox 627 645 720 690; x_wconf 83' lang='lat' dir='ltr'>qnod</span> <span class='ocrx_word' id='word_1_61' title='bbox 733 642 893 675; x_wconf 66' lang='lat' dir='ltr'>videlicet</span> <span class='ocrx_word' id='word_1_62' title='bbox 904 641 974 672; x_wconf 70' lang='lat' dir='ltr'>vim</span> <span class='ocrx_word' id='word_1_63' title='bbox 987 635 1216 681; x_wconf 70' lang='lat' dir='ltr'>videpulerit.</span> 
     </span>
    </p>

    <p class='ocr_par' dir='ltr' id='par_1_3' title="bbox 229 692 1243 1874">
     <span class='ocr_line' id='line_1_12' title="bbox 331 692 1217 746; baseline -0.02 -11"><span class='ocrx_word' id='word_1_64' title='bbox 331 704 416 746; x_wconf 87' lang='lat' dir='ltr'>Cap.</span> <span class='ocrx_word' id='word_1_65' title='bbox 450 699 474 733; x_wconf 89' lang='lat' dir='ltr'>I.</span> <span class='ocrx_word' id='word_1_66' title='bbox 512 698 542 742; x_wconf 55' lang='grc' dir='ltr'><strong>ᾗ.</strong></span> <span class='ocrx_word' id='word_1_67' title='bbox 570 698 602 731; x_wconf 91' lang='grc'><strong>1.</strong></span> <span class='ocrx_word' id='word_1_68' title='bbox 642 697 715 729; x_wconf 66' lang='lat' dir='ltr'>Etsi</span> <span class='ocrx_word' id='word_1_69' title='bbox 746 693 876 736; x_wconf 69' lang='lat' dir='ltr'>vereor]</span> <span class='ocrx_word' id='word_1_70' title='bbox 913 692 1059 724; x_wconf 85' lang='lat' dir='ltr'>Summa</span> <span class='ocrx_word' id='word_1_71' title='bbox 1092 698 1217 720; x_wconf 86' lang='lat' dir='ltr'>causae</span> 
     </span>
     <span class='ocr_line' id='line_1_13' title="bbox 229 739 1219 791; baseline -0.02 -2"><span class='ocrx_word' id='word_1_72' title='bbox 229 756 296 790; x_wconf 86' lang='lat' dir='ltr'>boc</span> <span class='ocrx_word' id='word_1_73' title='bbox 340 758 477 786; x_wconf 85' lang='lat' dir='ltr'>constat</span> <span class='ocrx_word' id='word_1_74' title='bbox 506 748 731 791; x_wconf 67' lang='lat' dir='ltr'>svllogismo,</span> <span class='ocrx_word' id='word_1_75' title='bbox 763 744 836 777; x_wconf 63' lang='lat' dir='ltr'>xim</span> <span class='ocrx_word' id='word_1_76' title='bbox 867 743 901 774; x_wconf 66' lang='lat' dir='ltr'>vi</span> <span class='ocrx_word' id='word_1_77' title='bbox 931 742 1102 786; x_wconf 86' lang='lat' dir='ltr'>repellere</span> <span class='ocrx_word' id='word_1_78' title='bbox 1128 739 1219 776; x_wconf 69' lang='lat' dir='ltr'>licet,</span> 
     </span>
     <span class='ocr_line' id='line_1_14' title="bbox 231 789 1220 842; baseline -0.019 -3"><span class='ocrx_word' id='word_1_79' title='bbox 231 808 322 842; x_wconf 85' lang='lat' dir='ltr'>Milo</span> <span class='ocrx_word' id='word_1_80' title='bbox 349 805 419 837; x_wconf 85' lang='lat' dir='ltr'>vim</span> <span class='ocrx_word' id='word_1_81' title='bbox 446 802 480 834; x_wconf 67' lang='lat' dir='ltr'>vi</span> <span class='ocrx_word' id='word_1_82' title='bbox 506 789 628 833; x_wconf 70' lang='lat' dir='ltr'>arcens</span> <span class='ocrx_word' id='word_1_83' title='bbox 645 797 809 830; x_wconf 87' lang='lat' dir='ltr'>Clodium</span> <span class='ocrx_word' id='word_1_84' title='bbox 828 794 966 828; x_wconf 86' lang='lat' dir='ltr'>occidit.</span> <span class='ocrx_word' id='word_1_85' title='bbox 1020 791 1098 824; x_wconf 89' lang='lat' dir='ltr'>lure</span> <span class='ocrx_word' id='word_1_86' title='bbox 1116 790 1220 833; x_wconf 63' lang='lat' dir='ltr'>igitur</span> 
     </span>
     <span class='ocr_line' id='line_1_15' title="bbox 234 843 1222 893; baseline -0.021 -1"><span class='ocrx_word' id='word_1_87' title='bbox 234 857 374 893; x_wconf 84' lang='lat' dir='ltr'>occidit.</span> <span class='ocrx_word' id='word_1_88' title='bbox 427 853 578 887; x_wconf 77' lang='lat' dir='ltr'>Orditur</span> <span class='ocrx_word' id='word_1_89' title='bbox 603 856 719 882; x_wconf 83' lang='lat' dir='ltr'>autem</span> <span class='ocrx_word' id='word_1_90' title='bbox 748 848 870 880; x_wconf 80' lang='lat' dir='ltr'>Cicero</span> <span class='ocrx_word' id='word_1_91' title='bbox 903 858 921 878; x_wconf 88' lang='lat' dir='ltr'>a</span> <span class='ocrx_word' id='word_1_92' title='bbox 953 843 1116 889; x_wconf 77' lang='lat' dir='ltr'>querela,</span> <span class='ocrx_word' id='word_1_93' title='bbox 1152 852 1222 885; x_wconf 79' lang='lat' dir='ltr'>qua</span> 
     </span>
     <span class='ocr_line' id='line_1_16' title="bbox 233 894 1223 950; baseline -0.021 -7"><span class='ocrx_word' id='word_1_94' title='bbox 233 922 314 944; x_wconf 88' lang='lat' dir='ltr'>cum</span> <span class='ocrx_word' id='word_1_95' title='bbox 338 905 549 950; x_wconf 71' lang='lat' dir='ltr'>magnitudo</span> <span class='ocrx_word' id='word_1_96' title='bbox 583 899 729 946; x_wconf 86' lang='lat' dir='ltr'>periculi</span> <span class='ocrx_word' id='word_1_97' title='bbox 763 911 803 931; x_wconf 85' lang='lat' dir='ltr'>ex</span> <span class='ocrx_word' id='word_1_98' title='bbox 828 909 921 930; x_wconf 70' lang='lat' dir='ltr'>nova</span> <span class='ocrx_word' id='word_1_99' title='bbox 948 894 1066 929; x_wconf 81' lang='lat' dir='ltr'>iudicii</span> <span class='ocrx_word' id='word_1_100' title='bbox 1095 895 1223 930; x_wconf 77' lang='lat' dir='ltr'>fornia,</span> 
     </span>
     <span class='ocr_line' id='line_1_17' title="bbox 233 945 1225 1001; baseline -0.022 -6"><span class='ocrx_word' id='word_1_101' title='bbox 233 969 311 995; x_wconf 87' lang='lat' dir='ltr'>tum</span> <span class='ocrx_word' id='word_1_102' title='bbox 334 957 526 1001; x_wconf 77' lang='lat' dir='ltr'>indignitas</span> <span class='ocrx_word' id='word_1_103' title='bbox 552 957 821 995; x_wconf 76' lang='lat' dir='ltr'>exaggerantur.</span> <span class='ocrx_word' id='word_1_104' title='bbox 874 948 997 992; x_wconf 59' lang='lat' dir='ltr'>Neque</span> <span class='ocrx_word' id='word_1_105' title='bbox 1024 945 1116 978; x_wconf 82' lang='lat' dir='ltr'>enini</span> <span class='ocrx_word' id='word_1_106' title='bbox 1142 955 1225 976; x_wconf 89' lang='lat' dir='ltr'>con-</span> 
     </span>
     <span class='ocr_line' id='line_1_18' title="bbox 235 994 1226 1046; baseline -0.021 0"><span class='ocrx_word' id='word_1_107' title='bbox 235 1012 333 1046; x_wconf 65' lang='lat' dir='ltr'>venit</span> <span class='ocrx_word' id='word_1_108' title='bbox 358 1010 395 1042; x_wconf 88' lang='lat' dir='ltr'>in</span> <span class='ocrx_word' id='word_1_109' title='bbox 417 1006 556 1041; x_wconf 89' lang='lat' dir='ltr'>iudiciis</span> <span class='ocrx_word' id='word_1_110' title='bbox 580 1004 650 1036; x_wconf 75' lang='lat' dir='ltr'>vim</span> <span class='ocrx_word' id='word_1_111' title='bbox 667 1001 811 1036; x_wconf 88' lang='lat' dir='ltr'>minori.</span> <span class='ocrx_word' id='word_1_112' title='bbox 864 999 979 1031; x_wconf 87' lang='lat' dir='ltr'>Porro</span> <span class='ocrx_word' id='word_1_113' title='bbox 996 998 1153 1030; x_wconf 74' lang='lat' dir='ltr'>favemus</span> <span class='ocrx_word' id='word_1_114' title='bbox 1172 994 1226 1032; x_wconf 77' lang='lat' dir='ltr'>iis,</span> 
     </span>
     <span class='ocr_line' id='line_1_19' title="bbox 237 1046 1227 1110; baseline -0.021 -13"><span class='ocrx_word' id='word_1_115' title='bbox 237 1064 299 1110; x_wconf 92' lang='lat' dir='ltr'>qui</span> <span class='ocrx_word' id='word_1_116' title='bbox 329 1059 591 1106; x_wconf 72' lang='lat' dir='ltr'>periclitantur.</span> <span class='ocrx_word' id='word_1_117' title='bbox 656 1053 705 1086; x_wconf 89' lang='lat' dir='ltr'>Ita</span> <span class='ocrx_word' id='word_1_118' title='bbox 741 1053 829 1084; x_wconf 89' lang='lat' dir='ltr'>clam</span> <span class='ocrx_word' id='word_1_119' title='bbox 866 1049 991 1093; x_wconf 88' lang='lat' dir='ltr'>irrepit</span> <span class='ocrx_word' id='word_1_120' title='bbox 1018 1048 1055 1079; x_wconf 92' lang='lat' dir='ltr'>in</span> <span class='ocrx_word' id='word_1_121' title='bbox 1089 1046 1227 1078; x_wconf 89' lang='lat' dir='ltr'>animos</span> 
     </span>
     <span class='ocr_line' id='line_1_20' title="bbox 238 1095 1227 1149; baseline -0.021 -2"><span class='ocrx_word' id='word_1_122' title='bbox 238 1114 408 1149; x_wconf 82' lang='lat' dir='ltr'>iudicum.</span> <span class='ocrx_word' id='word_1_123' title='bbox 443 1109 569 1146; x_wconf 81' lang='grc' dir='ltr'><strong>ἄλλως.</strong></span> <span class='ocrx_word' id='word_1_124' title='bbox 603 1103 752 1139; x_wconf 85' lang='lat' dir='ltr'>Generis</span> <span class='ocrx_word' id='word_1_125' title='bbox 770 1100 942 1135; x_wconf 83' lang='lat' dir='ltr'>iudicialis</span> <span class='ocrx_word' id='word_1_126' title='bbox 959 1105 1020 1133; x_wconf 88' lang='lat' dir='ltr'>est.</span> <span class='ocrx_word' id='word_1_127' title='bbox 1057 1095 1227 1142; x_wconf 81' lang='lat' dir='ltr'>Quaestio</span> 
     </span>
     <span class='ocr_line' id='line_1_21' title="bbox 240 1147 1228 1200; baseline -0.021 -1"><span class='ocrx_word' id='word_1_128' title='bbox 240 1166 335 1200; x_wconf 88' lang='lat' dir='ltr'>enim</span> <span class='ocrx_word' id='word_1_129' title='bbox 366 1168 417 1196; x_wconf 85' lang='lat' dir='ltr'>est</span> <span class='ocrx_word' id='word_1_130' title='bbox 449 1161 491 1193; x_wconf 83' lang='lat' dir='ltr'>de</span> <span class='ocrx_word' id='word_1_131' title='bbox 524 1159 612 1191; x_wconf 86' lang='lat' dir='ltr'>iure.</span> <span class='ocrx_word' id='word_1_132' title='bbox 664 1155 814 1188; x_wconf 89' lang='lat' dir='ltr'>Orditur</span> <span class='ocrx_word' id='word_1_133' title='bbox 841 1158 958 1184; x_wconf 85' lang='lat' dir='ltr'>autem</span> <span class='ocrx_word' id='word_1_134' title='bbox 992 1150 1035 1182; x_wconf 89' lang='lat' dir='ltr'>ab</span> <span class='ocrx_word' id='word_1_135' title='bbox 1060 1147 1228 1181; x_wconf 86' lang='lat' dir='ltr'>inusitata</span> 
     </span>
     <span class='ocr_line' id='line_1_22' title="bbox 241 1197 1230 1251; baseline -0.022 -1"><span class='ocrx_word' id='word_1_136' title='bbox 241 1224 274 1251; x_wconf 90' lang='lat' dir='ltr'>et</span> <span class='ocrx_word' id='word_1_137' title='bbox 289 1226 382 1249; x_wconf 77' lang='lat' dir='ltr'>nova</span> <span class='ocrx_word' id='word_1_138' title='bbox 399 1214 513 1246; x_wconf 86' lang='lat' dir='ltr'>forma</span> <span class='ocrx_word' id='word_1_139' title='bbox 540 1207 672 1242; x_wconf 88' lang='lat' dir='ltr'>iudicii.</span> <span class='ocrx_word' id='word_1_140' title='bbox 725 1203 918 1248; x_wconf 87' lang='lat' dir='ltr'>Pompeius</span> <span class='ocrx_word' id='word_1_141' title='bbox 935 1201 1076 1235; x_wconf 63' lang='lat' dir='ltr'>favebat</span> <span class='ocrx_word' id='word_1_142' title='bbox 1092 1197 1230 1236; x_wconf 83' lang='lat' dir='ltr'>Clodio,</span> 
     </span>
     <span class='ocr_line' id='line_1_23' title="bbox 242 1250 1230 1314; baseline -0.023 -12"><span class='ocrx_word' id='word_1_143' title='bbox 242 1268 303 1314; x_wconf 89' lang='lat' dir='ltr'>qui</span> <span class='ocrx_word' id='word_1_144' title='bbox 327 1272 403 1299; x_wconf 85' lang='lat' dir='ltr'>erat</span> <span class='ocrx_word' id='word_1_145' title='bbox 422 1276 463 1297; x_wconf 77' lang='lat' dir='ltr'>ex</span> <span class='ocrx_word' id='word_1_146' title='bbox 485 1261 618 1295; x_wconf 84' lang='lat' dir='ltr'>familia</span> <span class='ocrx_word' id='word_1_147' title='bbox 637 1257 881 1291; x_wconf 77' lang='lat' dir='ltr'>Claudiorum.</span> <span class='ocrx_word' id='word_1_148' title='bbox 935 1253 1063 1290; x_wconf 76' lang='grc' dir='ltr'><strong>ἄλλως.</strong></span> <span class='ocrx_word' id='word_1_149' title='bbox 1118 1250 1230 1283; x_wconf 78' lang='lat' dir='ltr'>Exor-</span> 
     </span>
     <span class='ocr_line' id='line_1_24' title="bbox 242 1303 1232 1353; baseline -0.023 0"><span class='ocrx_word' id='word_1_150' title='bbox 242 1321 339 1353; x_wconf 90' lang='lat' dir='ltr'>dium</span> <span class='ocrx_word' id='word_1_151' title='bbox 361 1318 404 1350; x_wconf 85' lang='lat' dir='ltr'>ab</span> <span class='ocrx_word' id='word_1_152' title='bbox 418 1313 634 1348; x_wconf 80' lang='lat' dir='ltr'>inversione.</span> <span class='ocrx_word' id='word_1_153' title='bbox 676 1310 765 1342; x_wconf 87' lang='lat' dir='ltr'>Cum</span> <span class='ocrx_word' id='word_1_154' title='bbox 784 1307 879 1340; x_wconf 85' lang='lat' dir='ltr'>enim</span> <span class='ocrx_word' id='word_1_155' title='bbox 899 1303 1116 1338; x_wconf 82' lang='lat' dir='ltr'>existimaret</span> <span class='ocrx_word' id='word_1_156' title='bbox 1130 1312 1232 1345; x_wconf 87' lang='lat' dir='ltr'>prae-</span> 
     </span>
     <span class='ocr_line' id='line_1_25' title="bbox 243 1356 1233 1409; baseline -0.022 -5"><span class='ocrx_word' id='word_1_157' title='bbox 243 1370 372 1406; x_wconf 85' lang='lat' dir='ltr'>sidium</span> <span class='ocrx_word' id='word_1_158' title='bbox 401 1370 649 1409; x_wconf 83' lang='lat' dir='ltr'>comparatum</span> <span class='ocrx_word' id='word_1_159' title='bbox 669 1372 741 1394; x_wconf 89' lang='lat' dir='ltr'>esse</span> <span class='ocrx_word' id='word_1_160' title='bbox 759 1364 883 1392; x_wconf 86' lang='lat' dir='ltr'>contra</span> <span class='ocrx_word' id='word_1_161' title='bbox 898 1356 1085 1394; x_wconf 80' lang='lat' dir='ltr'>Milonem,</span> <span class='ocrx_word' id='word_1_162' title='bbox 1113 1359 1233 1386; x_wconf 80' lang='lat' dir='ltr'>tamen</span> 
     </span>
     <span class='ocr_line' id='line_1_26' title="bbox 244 1404 1233 1457; baseline -0.022 -1"><span class='ocrx_word' id='word_1_163' title='bbox 244 1420 391 1456; x_wconf 74' lang='lat' dir='ltr'>invertit</span> <span class='ocrx_word' id='word_1_164' title='bbox 419 1429 516 1457; x_wconf 89' lang='lat' dir='ltr'>rem,</span> <span class='ocrx_word' id='word_1_165' title='bbox 553 1421 587 1448; x_wconf 89' lang='lat' dir='ltr'>et</span> <span class='ocrx_word' id='word_1_166' title='bbox 610 1414 865 1456; x_wconf 74' lang='lat' dir='ltr'>interpretatur</span> <span class='ocrx_word' id='word_1_167' title='bbox 894 1405 1113 1452; x_wconf 86' lang='lat' dir='ltr'>praesidium</span> <span class='ocrx_word' id='word_1_168' title='bbox 1137 1404 1233 1436; x_wconf 87' lang='lat' dir='ltr'>bono</span> 
     </span>
     <span class='ocr_line' id='line_1_27' title="bbox 246 1454 1235 1511; baseline -0.021 -4"><span class='ocrx_word' id='word_1_169' title='bbox 246 1471 394 1508; x_wconf 90' lang='lat' dir='ltr'>consilio</span> <span class='ocrx_word' id='word_1_170' title='bbox 421 1471 666 1511; x_wconf 85' lang='lat' dir='ltr'>comparatum</span> <span class='ocrx_word' id='word_1_171' title='bbox 691 1475 763 1497; x_wconf 86' lang='lat' dir='ltr'>esse</span> <span class='ocrx_word' id='word_1_172' title='bbox 788 1466 912 1493; x_wconf 87' lang='lat' dir='ltr'>contra</span> <span class='ocrx_word' id='word_1_173' title='bbox 934 1459 1093 1491; x_wconf 81' lang='lat' dir='ltr'>furorem</span> <span class='ocrx_word' id='word_1_174' title='bbox 1117 1454 1235 1488; x_wconf 84' lang='lat' dir='ltr'>multi-</span> 
     </span>
     <span class='ocr_line' id='line_1_28' title="bbox 246 1507 1236 1559; baseline -0.021 -1"><span class='ocrx_word' id='word_1_175' title='bbox 246 1523 391 1559; x_wconf 85' lang='lat' dir='ltr'>tudinis.</span> <span class='ocrx_word' id='word_1_176' title='bbox 444 1519 497 1553; x_wconf 83' lang='lat' dir='ltr'>Ex</span> <span class='ocrx_word' id='word_1_177' title='bbox 520 1516 588 1551; x_wconf 83' lang='lat' dir='ltr'>hoc</span> <span class='ocrx_word' id='word_1_178' title='bbox 615 1517 693 1549; x_wconf 90' lang='lat' dir='ltr'>loco</span> <span class='ocrx_word' id='word_1_179' title='bbox 727 1512 861 1546; x_wconf 85' lang='lat' dir='ltr'>accedit</span> <span class='ocrx_word' id='word_1_180' title='bbox 893 1510 939 1543; x_wconf 91' lang='lat' dir='ltr'>ad</span> <span class='ocrx_word' id='word_1_181' title='bbox 973 1507 1236 1542; x_wconf 84' lang='lat' dir='ltr'>confirmandos</span> 
     </span>
     <span class='ocr_line' id='line_1_29' title="bbox 248 1560 1237 1610; baseline -0.021 -1"><span class='ocrx_word' id='word_1_182' title='bbox 248 1583 282 1610; x_wconf 92' lang='lat' dir='ltr'>et</span> <span class='ocrx_word' id='word_1_183' title='bbox 300 1571 543 1608; x_wconf 82' lang='lat' dir='ltr'>adhortandos</span> <span class='ocrx_word' id='word_1_184' title='bbox 560 1568 704 1605; x_wconf 83' lang='lat' dir='ltr'>iudices,</span> <span class='ocrx_word' id='word_1_185' title='bbox 731 1571 770 1598; x_wconf 86' lang='lat' dir='ltr'>ut</span> <span class='ocrx_word' id='word_1_186' title='bbox 793 1562 932 1596; x_wconf 88' lang='lat' dir='ltr'>sortiter</span> <span class='ocrx_word' id='word_1_187' title='bbox 957 1560 1077 1593; x_wconf 75' lang='lat' dir='ltr'>(licant</span> <span class='ocrx_word' id='word_1_188' title='bbox 1098 1565 1237 1592; x_wconf 85' lang='lat' dir='ltr'>senteu-</span> 
     </span>
     <span class='ocr_line' id='line_1_30' title="bbox 249 1608 1237 1665; baseline -0.023 -4"><span class='ocrx_word' id='word_1_189' title='bbox 249 1628 328 1661; x_wconf 88' lang='lat' dir='ltr'>tias.</span> <span class='ocrx_word' id='word_1_190' title='bbox 433 1622 524 1665; x_wconf 74' lang='lat' dir='ltr'>Etsi]</span> <span class='ocrx_word' id='word_1_191' title='bbox 562 1618 714 1664; x_wconf 76' lang='lat' dir='ltr'>Querela</span> <span class='ocrx_word' id='word_1_192' title='bbox 747 1616 789 1648; x_wconf 89' lang='lat' dir='ltr'>de</span> <span class='ocrx_word' id='word_1_193' title='bbox 820 1612 1020 1658; x_wconf 78' lang='lat' dir='ltr'>praesidiO,</span> <span class='ocrx_word' id='word_1_194' title='bbox 1054 1610 1153 1656; x_wconf 86' lang='lat' dir='ltr'>quasi</span> <span class='ocrx_word' id='word_1_195' title='bbox 1187 1608 1237 1640; x_wconf 91' lang='lat' dir='ltr'>di-</span> 
     </span>
     <span class='ocr_line' id='line_1_31' title="bbox 251 1664 1055 1712; baseline -0.024 0"><span class='ocrx_word' id='word_1_196' title='bbox 251 1683 364 1712; x_wconf 85' lang='lat' dir='ltr'>ceret:</span> <span class='ocrx_word' id='word_1_197' title='bbox 415 1673 654 1707; x_wconf 68' lang='lat' dir='ltr'>commoveor</span> <span class='ocrx_word' id='word_1_198' title='bbox 699 1665 765 1700; x_wconf 88' lang='lat' dir='ltr'>hac</span> <span class='ocrx_word' id='word_1_199' title='bbox 808 1677 901 1698; x_wconf 70' lang='lat' dir='ltr'>nova</span> <span class='ocrx_word' id='word_1_200' title='bbox 940 1664 1055 1696; x_wconf 80' lang='lat' dir='ltr'>forma</span> 
     </span>
     <span class='ocr_line' id='line_1_32' title="bbox 255 1711 1241 1771; baseline -0.022 -8"><span class='ocrx_word' id='word_1_201' title='bbox 255 1727 353 1771; x_wconf 77' lang='lat' dir='ltr'>Viro]</span> <span class='ocrx_word' id='word_1_202' title='bbox 398 1725 529 1757; x_wconf 85' lang='lat' dir='ltr'>scilicet</span> <span class='ocrx_word' id='word_1_203' title='bbox 562 1721 711 1754; x_wconf 86' lang='lat' dir='ltr'>Milone.</span> <span class='ocrx_word' id='word_1_204' title='bbox 815 1718 901 1749; x_wconf 72' lang='lat' dir='ltr'>Novi</span> <span class='ocrx_word' id='word_1_205' title='bbox 930 1712 1065 1757; x_wconf 71' lang='lat' dir='ltr'>iudicii]</span> <span class='ocrx_word' id='word_1_206' title='bbox 1111 1711 1241 1745; x_wconf 81' lang='lat' dir='ltr'>scilicet</span> 
     </span>
     <span class='ocr_line' id='line_1_33' title="bbox 254 1763 1241 1826; baseline -0.02 -13"><span class='ocrx_word' id='word_1_207' title='bbox 254 1779 351 1826; x_wconf 89' lang='lat' dir='ltr'>quod</span> <span class='ocrx_word' id='word_1_208' title='bbox 368 1776 461 1809; x_wconf 83' lang='lat' dir='ltr'>inter</span> <span class='ocrx_word' id='word_1_209' title='bbox 477 1773 637 1820; x_wconf 84' lang='lat' dir='ltr'>privatos</span> <span class='ocrx_word' id='word_1_210' title='bbox 657 1768 804 1803; x_wconf 88' lang='lat' dir='ltr'>dicenda</span> <span class='ocrx_word' id='word_1_211' title='bbox 823 1773 873 1800; x_wconf 84' lang='lat' dir='ltr'>est</span> <span class='ocrx_word' id='word_1_212' title='bbox 890 1765 1076 1799; x_wconf 84' lang='lat' dir='ltr'>sententia.</span> <span class='ocrx_word' id='word_1_213' title='bbox 1181 1763 1241 1795; x_wconf 82' lang='lat' dir='ltr'>Go-</span> 
     </span>
     <span class='ocr_line' id='line_1_34' title="bbox 253 1813 1243 1874; baseline -0.022 -9"><span class='ocrx_word' id='word_1_214' title='bbox 253 1829 353 1874; x_wconf 80' lang='lat' dir='ltr'>rona]</span> <span class='ocrx_word' id='word_1_215' title='bbox 382 1827 513 1862; x_wconf 83' lang='lat' dir='ltr'>scilieet</span> <span class='ocrx_word' id='word_1_216' title='bbox 534 1821 762 1858; x_wconf 87' lang='lat' dir='ltr'>multitudiue</span> <span class='ocrx_word' id='word_1_217' title='bbox 787 1817 902 1862; x_wconf 73' lang='lat' dir='ltr'>vulgi,</span> <span class='ocrx_word' id='word_1_218' title='bbox 930 1816 986 1848; x_wconf 72' lang='lat' dir='ltr'>vel</span> <span class='ocrx_word' id='word_1_219' title='bbox 1002 1815 1130 1848; x_wconf 69' lang='lat' dir='ltr'>civium</span> <span class='ocrx_word' id='word_1_220' title='bbox 1150 1813 1243 1845; x_wconf 87' lang='lat' dir='ltr'>iner-</span> 
     </span>
    </p>
   </div>
   <div class='ocr_carea' id='block_1_3' title="bbox 1107 1659 1237 1693">
    <p class='ocr_par' dir='ltr' id='par_1_4' title="bbox 1107 1659 1237 1693">
     <span class='ocr_line' id='line_1_35' title="bbox 1107 1659 1237 1693; baseline -0.015 -1"><span class='ocrx_word' id='word_1_221' title='bbox 1107 1659 1237 1693; x_wconf 84' lang='lat' dir='ltr'>indicii.</span> 
     </span>
    </p>
   </div>
   <div class='ocr_carea' id='block_1_4' title="bbox 253 1865 1243 2031">
    <p class='ocr_par' dir='ltr' id='par_1_5' title="bbox 253 1865 1243 2031">
     <span class='ocr_line' id='line_1_36' title="bbox 254 1865 1243 1917; baseline -0.021 -2"><span class='ocrx_word' id='word_1_222' title='bbox 254 1883 380 1916; x_wconf 87' lang='lat' dir='ltr'>mium.</span> <span class='ocrx_word' id='word_1_223' title='bbox 484 1873 681 1917; x_wconf 67' lang='lat' dir='ltr'>Praesidio]</span> <span class='ocrx_word' id='word_1_224' title='bbox 711 1871 747 1903; x_wconf 85' lang='lat' dir='ltr'>id</span> <span class='ocrx_word' id='word_1_225' title='bbox 773 1876 842 1909; x_wconf 86' lang='lat' dir='ltr'>est,</span> <span class='ocrx_word' id='word_1_226' title='bbox 869 1874 1036 1901; x_wconf 87' lang='lat' dir='ltr'>armatos.</span> <span class='ocrx_word' id='word_1_227' title='bbox 1090 1865 1243 1908; x_wconf 86' lang='lat' dir='ltr'>Pompe-</span> 
     </span>
     <span class='ocr_line' id='line_1_37' title="bbox 253 1915 1243 1967; baseline -0.02 -1"><span class='ocrx_word' id='word_1_228' title='bbox 253 1935 308 1967; x_wconf 91' lang='lat' dir='ltr'>ius</span> <span class='ocrx_word' id='word_1_229' title='bbox 334 1931 428 1965; x_wconf 88' lang='lat' dir='ltr'>enim</span> <span class='ocrx_word' id='word_1_230' title='bbox 447 1929 600 1961; x_wconf 83' lang='lat' dir='ltr'>delectus</span> <span class='ocrx_word' id='word_1_231' title='bbox 617 1923 801 1958; x_wconf 81' lang='lat' dir='ltr'>habuerat.</span> <span class='ocrx_word' id='word_1_232' title='bbox 905 1921 983 1952; x_wconf 68' lang='lat' dir='ltr'>Nou</span> <span class='ocrx_word' id='word_1_233' title='bbox 1004 1917 1108 1961; x_wconf 67' lang='lat' dir='ltr'>enim]</span> <span class='ocrx_word' id='word_1_234' title='bbox 1138 1915 1243 1947; x_wconf 77' lang='lat' dir='ltr'>Ratio</span> 
     </span>
     <span class='ocr_line' id='line_1_38' title="bbox 257 1982 433 2031; baseline -0.034 -12"><span class='ocrx_word' id='word_1_235' title='bbox 257 1982 433 2031; x_wconf 79' lang='lat' dir='ltr'>querelae.</span> 
     </span>
    </p>
   </div>
   <div class='ocr_carea' id='block_1_5' title="bbox 260 2017 1256 2732">
    <p class='ocr_par' dir='ltr' id='par_1_6' title="bbox 260 2017 1250 2332">
     <span class='ocr_line' id='line_1_39' title="bbox 361 2017 1246 2076; baseline -0.02 -9"><span class='ocrx_word' id='word_1_236' title='bbox 361 2031 392 2076; x_wconf 57' lang='grc' dir='ltr'><strong>ἓ.</strong></span> <span class='ocrx_word' id='word_1_237' title='bbox 417 2034 452 2066; x_wconf 75' lang='lat'>2.</span> <span class='ocrx_word' id='word_1_238' title='bbox 486 2032 538 2064; x_wconf 80' lang='lat' dir='ltr'>Ne</span> <span class='ocrx_word' id='word_1_239' title='bbox 572 2026 651 2070; x_wconf 77' lang='lat' dir='ltr'>non]</span> <span class='ocrx_word' id='word_1_240' title='bbox 684 2022 885 2058; x_wconf 90' lang='lat' dir='ltr'>Potentiale</span> <span class='ocrx_word' id='word_1_241' title='bbox 919 2026 981 2053; x_wconf 82' lang='lat' dir='ltr'>est.</span> <span class='ocrx_word' id='word_1_242' title='bbox 1085 2019 1176 2058; x_wconf 74' lang='lat' dir='ltr'>Quae</span> <span class='ocrx_word' id='word_1_243' title='bbox 1201 2017 1246 2060; x_wconf 72' lang='lat' dir='ltr'>si]</span> 
     </span>
     <span class='ocr_line' id='line_1_40' title="bbox 260 2069 1247 2121; baseline -0.022 -1"><span class='ocrx_word' id='word_1_244' title='bbox 260 2083 443 2121; x_wconf 85' lang='lat' dir='ltr'>Correctio</span> <span class='ocrx_word' id='word_1_245' title='bbox 473 2093 535 2116; x_wconf 91' lang='lat' dir='ltr'>seu</span> <span class='ocrx_word' id='word_1_246' title='bbox 566 2076 740 2114; x_wconf 61' lang='lat' dir='ltr'>inversio,</span> <span class='ocrx_word' id='word_1_247' title='bbox 781 2085 851 2119; x_wconf 84' lang='lat' dir='ltr'>qua</span> <span class='ocrx_word' id='word_1_248' title='bbox 886 2077 919 2104; x_wconf 88' lang='lat' dir='ltr'>et</span> <span class='ocrx_word' id='word_1_249' title='bbox 948 2069 1113 2112; x_wconf 86' lang='lat' dir='ltr'>Pompeii</span> <span class='ocrx_word' id='word_1_250' title='bbox 1142 2069 1247 2100; x_wconf 85' lang='lat' dir='ltr'>bene-</span> 
     </span>
     <span class='ocr_line' id='line_1_41' title="bbox 260 2120 1248 2175; baseline -0.023 -4"><span class='ocrx_word' id='word_1_251' title='bbox 260 2135 457 2171; x_wconf 78' lang='lat' dir='ltr'>volentiam</span> <span class='ocrx_word' id='word_1_252' title='bbox 491 2136 610 2175; x_wconf 85' lang='lat' dir='ltr'>captat</span> <span class='ocrx_word' id='word_1_253' title='bbox 640 2133 674 2161; x_wconf 87' lang='lat' dir='ltr'>et</span> <span class='ocrx_word' id='word_1_254' title='bbox 705 2125 916 2159; x_wconf 79' lang='lat' dir='ltr'>Clodianam</span> <span class='ocrx_word' id='word_1_255' title='bbox 944 2120 1135 2155; x_wconf 82' lang='lat' dir='ltr'>factionem</span> <span class='ocrx_word' id='word_1_256' title='bbox 1170 2131 1248 2164; x_wconf 78' lang='lat' dir='ltr'>per-</span> 
     </span>
     <span class='ocr_line' id='line_1_42' title="bbox 260 2173 1249 2231; baseline -0.023 -7"><span class='ocrx_word' id='word_1_257' title='bbox 260 2186 412 2231; x_wconf 79' lang='lat' dir='ltr'>stringit.</span> <span class='ocrx_word' id='word_1_258' title='bbox 517 2181 637 2224; x_wconf 87' lang='lat' dir='ltr'>Reum]</span> <span class='ocrx_word' id='word_1_259' title='bbox 666 2177 766 2223; x_wconf 85' lang='lat' dir='ltr'>quasi</span> <span class='ocrx_word' id='word_1_260' title='bbox 787 2176 934 2209; x_wconf 86' lang='lat' dir='ltr'>diceret:</span> <span class='ocrx_word' id='word_1_261' title='bbox 964 2173 1160 2216; x_wconf 80' lang='lat' dir='ltr'>Postquam</span> <span class='ocrx_word' id='word_1_262' title='bbox 1185 2183 1249 2203; x_wconf 81' lang='lat'>110-</span> 
     </span>
     <span class='ocr_line' id='line_1_43' title="bbox 260 2222 1250 2274; baseline -0.021 0"><span class='ocrx_word' id='word_1_263' title='bbox 260 2240 327 2274; x_wconf 89' lang='lat' dir='ltr'>luit</span> <span class='ocrx_word' id='word_1_264' title='bbox 350 2250 431 2271; x_wconf 84' lang='lat' dir='ltr'>eum</span> <span class='ocrx_word' id='word_1_265' title='bbox 453 2235 490 2267; x_wconf 92' lang='lat' dir='ltr'>in</span> <span class='ocrx_word' id='word_1_266' title='bbox 513 2232 661 2270; x_wconf 82' lang='lat' dir='ltr'>indicio,</span> <span class='ocrx_word' id='word_1_267' title='bbox 694 2241 768 2262; x_wconf 88' lang='lat' dir='ltr'>non</span> <span class='ocrx_word' id='word_1_268' title='bbox 791 2225 923 2265; x_wconf 66' lang='lat' dir='ltr'>voluit,</span> <span class='ocrx_word' id='word_1_269' title='bbox 957 2230 996 2257; x_wconf 87' lang='lat' dir='ltr'>ut</span> <span class='ocrx_word' id='word_1_270' title='bbox 1024 2222 1250 2267; x_wconf 85' lang='lat' dir='ltr'>opprimatur</span> 
     </span>
     <span class='ocr_line' id='line_1_44' title="bbox 263 2290 1064 2332; baseline -0.021 -7"><span class='ocrx_word' id='word_1_271' title='bbox 263 2304 282 2325; x_wconf 79' lang='lat' dir='ltr'>a</span> <span class='ocrx_word' id='word_1_272' title='bbox 308 2290 426 2332; x_wconf 73' lang='lat' dir='ltr'>vulgo,</span> <span class='ocrx_word' id='word_1_273' title='bbox 1057 2324 1064 2331; x_wconf 33' lang='lat'><strong>⁶</strong></span> 
     </span>
    </p>

    <p class='ocr_par' dir='ltr' id='par_1_7' title="bbox 264 2325 1256 2732">
     <span class='ocr_line' id='line_1_45' title="bbox 367 2325 1252 2384; baseline -0.018 -11"><span class='ocrx_word' id='word_1_274' title='bbox 367 2338 397 2384; x_wconf 64' lang='lat'>§-</span> <span class='ocrx_word' id='word_1_275' title='bbox 415 2339 448 2372; x_wconf 84' lang='lat'>3.</span> <span class='ocrx_word' id='word_1_276' title='bbox 476 2332 672 2377; x_wconf 76' lang='lat' dir='ltr'>Silentium]</span> <span class='ocrx_word' id='word_1_277' title='bbox 701 2330 868 2365; x_wconf 85' lang='lat' dir='ltr'>sciliceta</span> <span class='ocrx_word' id='word_1_278' title='bbox 885 2325 1124 2360; x_wconf 82' lang='lat' dir='ltr'>multitudine.</span> <span class='ocrx_word' id='word_1_279' title='bbox 1187 2326 1252 2358; x_wconf 78' lang='lat' dir='ltr'>Re-</span> 
     </span>
     <span class='ocr_line' id='line_1_46' title="bbox 264 2375 1252 2439; baseline -0.022 -12"><span class='ocrx_word' id='word_1_280' title='bbox 264 2395 355 2439; x_wconf 75' lang='lat' dir='ltr'>liqua</span> <span class='ocrx_word' id='word_1_281' title='bbox 379 2389 470 2433; x_wconf 69' lang='lat' dir='ltr'>vero]</span> <span class='ocrx_word' id='word_1_282' title='bbox 501 2386 549 2420; x_wconf 89' lang='lat' dir='ltr'>Ut</span> <span class='ocrx_word' id='word_1_283' title='bbox 575 2389 741 2419; x_wconf 83' lang='lat' dir='ltr'>extenuat</span> <span class='ocrx_word' id='word_1_284' title='bbox 764 2379 991 2413; x_wconf 81' lang='lat' dir='ltr'>autoritatem</span> <span class='ocrx_word' id='word_1_285' title='bbox 1016 2375 1159 2422; x_wconf 84' lang='lat' dir='ltr'>populi,</span> <span class='ocrx_word' id='word_1_286' title='bbox 1191 2375 1252 2420; x_wconf 76' lang='lat' dir='ltr'>qui</span> 
     </span>
     <span class='ocr_line' id='line_1_47' title="bbox 266 2427 1252 2478; baseline -0.018 -1"><span class='ocrx_word' id='word_1_287' title='bbox 266 2444 407 2477; x_wconf 60' lang='lat' dir='ltr'>favebat</span> <span class='ocrx_word' id='word_1_288' title='bbox 431 2438 577 2478; x_wconf 82' lang='lat' dir='ltr'>Clodio,</span> <span class='ocrx_word' id='word_1_289' title='bbox 611 2433 779 2469; x_wconf 83' lang='lat' dir='ltr'>discernit</span> <span class='ocrx_word' id='word_1_290' title='bbox 808 2432 900 2463; x_wconf 88' lang='lat' dir='ltr'>inter</span> <span class='ocrx_word' id='word_1_291' title='bbox 931 2431 1045 2462; x_wconf 88' lang='lat' dir='ltr'>bonos</span> <span class='ocrx_word' id='word_1_292' title='bbox 1077 2434 1111 2460; x_wconf 87' lang='lat' dir='ltr'>et</span> <span class='ocrx_word' id='word_1_293' title='bbox 1140 2427 1252 2459; x_wconf 83' lang='lat' dir='ltr'>malos</span> 
     </span>
     <span class='ocr_line' id='line_1_48' title="bbox 426 2478 1253 2530; baseline -0.019 -5"><span class='ocrx_word' id='word_1_294' title='bbox 426 2491 554 2528; x_wconf 79' lang='grc' dir='ltr'><strong>ἄλλως.</strong></span> <span class='ocrx_word' id='word_1_295' title='bbox 605 2485 789 2530; x_wconf 80' lang='lat' dir='ltr'>Expositio</span> <span class='ocrx_word' id='word_1_296' title='bbox 815 2489 876 2516; x_wconf 72' lang='lat' dir='ltr'>est.</span> <span class='ocrx_word' id='word_1_297' title='bbox 929 2481 1054 2513; x_wconf 71' lang='lat' dir='ltr'>Elevat</span> <span class='ocrx_word' id='word_1_298' title='bbox 1083 2478 1253 2511; x_wconf 83' lang='lat' dir='ltr'>autorita-</span> 
     </span>
     <span class='ocr_line' id='line_1_49' title="bbox 268 2530 1253 2580; baseline -0.018 -2"><span class='ocrx_word' id='word_1_299' title='bbox 268 2552 338 2579; x_wconf 87' lang='lat' dir='ltr'>tem</span> <span class='ocrx_word' id='word_1_300' title='bbox 365 2541 672 2577; x_wconf 72' lang='lat' dir='ltr'>adversariorum,</span> <span class='ocrx_word' id='word_1_301' title='bbox 711 2536 816 2580; x_wconf 70' lang='lat' dir='ltr'>idque</span> <span class='ocrx_word' id='word_1_302' title='bbox 840 2534 920 2565; x_wconf 88' lang='lat' dir='ltr'>ideo</span> <span class='ocrx_word' id='word_1_303' title='bbox 944 2531 1046 2570; x_wconf 79' lang='lat' dir='ltr'>facit,</span> <span class='ocrx_word' id='word_1_304' title='bbox 1081 2536 1121 2563; x_wconf 90' lang='lat' dir='ltr'>ut</span> <span class='ocrx_word' id='word_1_305' title='bbox 1150 2530 1253 2563; x_wconf 87' lang='lat' dir='ltr'>simul</span> 
     </span>
     <span class='ocr_line' id='line_1_50' title="bbox 272 2581 1254 2631; baseline -0.017 -3"><span class='ocrx_word' id='word_1_306' title='bbox 272 2594 499 2629; x_wconf 82' lang='lat' dir='ltr'>autoritatem</span> <span class='ocrx_word' id='word_1_307' title='bbox 525 2592 670 2631; x_wconf 62' lang='lat' dir='ltr'>deroget</span> <span class='ocrx_word' id='word_1_308' title='bbox 691 2587 836 2619; x_wconf 67' lang='lat' dir='ltr'>vocibus</span> <span class='ocrx_word' id='word_1_309' title='bbox 860 2584 968 2626; x_wconf 63' lang='lat' dir='ltr'>vulgi,</span> <span class='ocrx_word' id='word_1_310' title='bbox 997 2582 1124 2628; x_wconf 87' lang='lat' dir='ltr'>quibus</span> <span class='ocrx_word' id='word_1_311' title='bbox 1140 2581 1254 2625; x_wconf 75' lang='lat' dir='ltr'>pridie</span> 
     </span>
     <span class='ocr_line' id='line_1_51' title="bbox 272 2631 1256 2681; baseline -0.017 -1"><span class='ocrx_word' id='word_1_312' title='bbox 272 2649 460 2681; x_wconf 85' lang='lat' dir='ltr'>damnatus</span> <span class='ocrx_word' id='word_1_313' title='bbox 486 2648 573 2675; x_wconf 82' lang='lat' dir='ltr'>esset</span> <span class='ocrx_word' id='word_1_314' title='bbox 593 2641 702 2679; x_wconf 80' lang='lat' dir='ltr'>Milo,</span> <span class='ocrx_word' id='word_1_315' title='bbox 735 2650 813 2670; x_wconf 83' lang='lat' dir='ltr'>cuin</span> <span class='ocrx_word' id='word_1_316' title='bbox 847 2635 883 2667; x_wconf 89' lang='lat' dir='ltr'>in</span> <span class='ocrx_word' id='word_1_317' title='bbox 915 2647 994 2667; x_wconf 87' lang='lat' dir='ltr'>emn</span> <span class='ocrx_word' id='word_1_318' title='bbox 1029 2631 1256 2666; x_wconf 70' lang='lat' dir='ltr'>veliementer</span> 
     </span>
     <span class='ocr_line' id='line_1_52' title="bbox 274 2683 1255 2732; baseline -0.017 -1"><span class='ocrx_word' id='word_1_319' title='bbox 274 2700 433 2731; x_wconf 68' lang='lat' dir='ltr'>invectus</span> <span class='ocrx_word' id='word_1_320' title='bbox 465 2699 554 2726; x_wconf 82' lang='lat' dir='ltr'>esset</span> <span class='ocrx_word' id='word_1_321' title='bbox 578 2693 730 2725; x_wconf 77' lang='lat' dir='ltr'>Plancus</span> <span class='ocrx_word' id='word_1_322' title='bbox 764 2700 829 2732; x_wconf 87' lang='lat' dir='ltr'>pro</span> <span class='ocrx_word' id='word_1_323' title='bbox 866 2686 1048 2719; x_wconf 83' lang='lat' dir='ltr'>concione,</span> <span class='ocrx_word' id='word_1_324' title='bbox 1099 2683 1143 2717; x_wconf 77' lang='lat' dir='ltr'>Et</span> <span class='ocrx_word' id='word_1_325' title='bbox 1173 2683 1255 2728; x_wconf 85' lang='lat' dir='ltr'>quia</span> 
     </span>
    </p>
   </div>
   <div class='ocr_carea' id='block_1_6' title="bbox 269 2495 372 2527">
    <p class='ocr_par' dir='ltr' id='par_1_8' title="bbox 269 2495 372 2527">
     <span class='ocr_line' id='line_1_53' title="bbox 269 2495 372 2527; baseline 0 0"><span class='ocrx_word' id='word_1_326' title='bbox 269 2495 372 2527; x_wconf 55' lang='lat' dir='ltr'>cires-</span> 
     </span>
    </p>
   </div>
   <div class='ocr_carea' id='block_1_7' title="bbox 811 88 1676 130">
    <p class='ocr_par' dir='ltr' id='par_1_9' title="bbox 811 88 1676 130">
     <span class='ocr_line' id='line_1_54' title="bbox 811 88 1676 130; baseline -0.001 0"><span class='ocrx_word' id='word_1_327' title='bbox 811 93 934 130; x_wconf 83' lang='lat' dir='ltr'>PfflL.</span> <span class='ocrx_word' id='word_1_328' title='bbox 962 92 1076 128; x_wconf 89' lang='lat' dir='ltr'>MEL.</span> <span class='ocrx_word' id='word_1_329' title='bbox 1110 88 1312 126; x_wconf 84' lang='lat' dir='ltr'>SCRIPTA</span> <span class='ocrx_word' id='word_1_330' title='bbox 1341 92 1676 129; x_wconf 83' lang='lat' dir='ltr'>PHILOLOGICA.</span> 
     </span>
    </p>
   </div>
   <div class='ocr_carea' id='block_1_8' title="bbox 1267 534 1863 570">
    <p class='ocr_par' dir='ltr' id='par_1_10' title="bbox 1267 534 1863 570">
     <span class='ocr_line' id='line_1_55' title="bbox 1267 534 1863 570; baseline 0.002 -1"><span class='ocrx_word' id='word_1_331' title='bbox 1267 538 1348 570; x_wconf 82' lang='lat' dir='ltr'>licet</span> <span class='ocrx_word' id='word_1_332' title='bbox 1363 534 1482 569; x_wconf 80' lang='lat' dir='ltr'>liabita</span> <span class='ocrx_word' id='word_1_333' title='bbox 1501 549 1518 569; x_wconf 88' lang='lat' dir='ltr'>a</span> <span class='ocrx_word' id='word_1_334' title='bbox 1536 538 1668 570; x_wconf 83' lang='lat' dir='ltr'>Planco</span> <span class='ocrx_word' id='word_1_335' title='bbox 1689 536 1863 570; x_wconf 83' lang='lat' dir='ltr'>Munatio.</span> 
     </span>
    </p>
   </div>
   <div class='ocr_carea' id='block_1_9' title="bbox 1237 1679 1309 2719">
    <p class='ocr_par' dir='ltr' id='par_1_11' title="bbox 1237 1679 1309 2719">
     <span class='ocr_line' id='line_1_56' title="bbox 1237 1679 1309 2719; baseline 0 0"><span class='ocrx_word' id='word_1_336' title='bbox 1237 1679 1309 2719; x_wconf 95' lang='lat' dir='ltr'> </span> 
     </span>
    </p>
   </div>
   <div class='ocr_carea' id='block_1_10' title="bbox 2150 98 2247 132">
    <p class='ocr_par' dir='ltr' id='par_1_12' title="bbox 2150 98 2247 132">
     <span class='ocr_line' id='line_1_57' title="bbox 2150 98 2247 132; baseline -0.01 0"><span class='ocrx_word' id='word_1_337' title='bbox 2150 98 2247 132; x_wconf 81' lang='lat'>1008</span> 
     </span>
    </p>
   </div>
   <div class='ocr_carea' id='block_1_11' title="bbox 1262 180 2245 225">
    <p class='ocr_par' dir='ltr' id='par_1_13' title="bbox 1262 180 2245 225">
     <span class='ocr_line' id='line_1_58' title="bbox 1262 180 2245 225; baseline 0.002 -13"><span class='ocrx_word' id='word_1_338' title='bbox 1262 181 1427 212; x_wconf 66' lang='lat' dir='ltr'>videntur</span> <span class='ocrx_word' id='word_1_339' title='bbox 1450 192 1552 213; x_wconf 86' lang='lat' dir='ltr'>voces</span> <span class='ocrx_word' id='word_1_340' title='bbox 1579 180 1659 213; x_wconf 89' lang='lat' dir='ltr'>illae</span> <span class='ocrx_word' id='word_1_341' title='bbox 1681 182 1921 225; x_wconf 86' lang='lat' dir='ltr'>praescribere</span> <span class='ocrx_word' id='word_1_342' title='bbox 1946 182 2139 222; x_wconf 79' lang='lat' dir='ltr'>iudicibus,</span> <span class='ocrx_word' id='word_1_343' title='bbox 2167 183 2245 215; x_wconf 80' lang='lat' dir='ltr'>ideo</span> 
     </span>
    </p>
   </div>
   <div class='ocr_carea' id='block_1_12' title="bbox 1261 230 2247 277">
    <p class='ocr_par' dir='ltr' id='par_1_14' title="bbox 1261 230 2247 277">
     <span class='ocr_line' id='line_1_59' title="bbox 1261 230 2247 277; baseline 0.002 -13"><span class='ocrx_word' id='word_1_344' title='bbox 1261 230 1446 269; x_wconf 86' lang='lat' dir='ltr'>hortatur,</span> <span class='ocrx_word' id='word_1_345' title='bbox 1480 237 1520 263; x_wconf 87' lang='lat' dir='ltr'>nt</span> <span class='ocrx_word' id='word_1_346' title='bbox 1542 231 1653 265; x_wconf 75' lang='lat' dir='ltr'>lirinis</span> <span class='ocrx_word' id='word_1_347' title='bbox 1677 232 1803 265; x_wconf 88' lang='lat' dir='ltr'>animis</span> <span class='ocrx_word' id='word_1_348' title='bbox 1826 233 1914 273; x_wconf 86' lang='lat' dir='ltr'>sint,</span> <span class='ocrx_word' id='word_1_349' title='bbox 1950 246 2015 277; x_wconf 86' lang='lat' dir='ltr'>pro</span> <span class='ocrx_word' id='word_1_350' title='bbox 2042 233 2166 266; x_wconf 81' lang='lat' dir='ltr'>Clodio</span> <span class='ocrx_word' id='word_1_351' title='bbox 2189 246 2247 266; x_wconf 85' lang='lat' dir='ltr'>eos</span> 
     </span>
    </p>
   </div>
   <div class='ocr_carea' id='block_1_13' title="bbox 1263 282 2248 366">
    <p class='ocr_par' dir='ltr' id='par_1_15' title="bbox 1263 282 2248 366">
     <span class='ocr_line' id='line_1_60' title="bbox 1263 282 2248 328; baseline -0.001 -12"><span class='ocrx_word' id='word_1_352' title='bbox 1263 288 1400 316; x_wconf 77' lang='lat' dir='ltr'>tantuin</span> <span class='ocrx_word' id='word_1_353' title='bbox 1427 282 1654 321; x_wconf 80' lang='lat' dir='ltr'>lnumltnarl,</span> <span class='ocrx_word' id='word_1_354' title='bbox 1681 295 1769 328; x_wconf 82' lang='lat' dir='ltr'>qnos</span> <span class='ocrx_word' id='word_1_355' title='bbox 1798 283 1854 316; x_wconf 77' lang='lat' dir='ltr'>illc</span> <span class='ocrx_word' id='word_1_356' title='bbox 1875 285 2088 328; x_wconf 65' lang='lat' dir='ltr'>reipublicae</span> <span class='ocrx_word' id='word_1_357' title='bbox 2108 284 2248 316; x_wconf 82' lang='lat' dir='ltr'>calami-</span> 
     </span>
     <span class='ocr_line' id='line_1_61' title="bbox 1265 331 1668 366; baseline 0.002 -1"><span class='ocrx_word' id='word_1_358' title='bbox 1265 333 1395 366; x_wconf 80' lang='lat' dir='ltr'>tatibus</span> <span class='ocrx_word' id='word_1_359' title='bbox 1411 331 1477 365; x_wconf 83' lang='lat' dir='ltr'>sibi</span> <span class='ocrx_word' id='word_1_360' title='bbox 1495 333 1668 366; x_wconf 81' lang='lat' dir='ltr'>adiunxit.</span> 
     </span>
    </p>
   </div>
   <div class='ocr_carea' id='block_1_14' title="bbox 1265 381 1601 419">
    <p class='ocr_par' dir='ltr' id='par_1_16' title="bbox 1265 381 1601 419">
     <span class='ocr_line' id='line_1_62' title="bbox 1265 381 1601 419; baseline -0.009 0"><span class='ocrx_word' id='word_1_361' title='bbox 1265 398 1325 419; x_wconf 89' lang='lat' dir='ltr'>seu</span> <span class='ocrx_word' id='word_1_362' title='bbox 1356 381 1601 417; x_wconf 83' lang='lat' dir='ltr'>bonestorum.</span> 
     </span>
    </p>
   </div>
   <div class='ocr_carea' id='block_1_15' title="bbox 1267 433 2252 520">
    <p class='ocr_par' dir='ltr' id='par_1_17' title="bbox 1267 433 2252 520">
     <span class='ocr_line' id='line_1_63' title="bbox 1369 433 2252 481; baseline 0.003 -15"><span class='ocrx_word' id='word_1_363' title='bbox 1369 434 1456 477; x_wconf 91' lang='lat' dir='ltr'>Cap.</span> <span class='ocrx_word' id='word_1_364' title='bbox 1482 433 1522 467; x_wconf 95' lang='lat' dir='ltr'>ll.</span> <span class='ocrx_word' id='word_1_365' title='bbox 1560 433 1590 478; x_wconf 59' lang='grc' dir='ltr'><strong>ξ.</strong></span> <span class='ocrx_word' id='word_1_366' title='bbox 1619 435 1653 468; x_wconf 82' lang='grc'><strong>8.</strong></span> <span class='ocrx_word' id='word_1_367' title='bbox 1694 438 1801 468; x_wconf 78' lang='lat' dir='ltr'>t&#39;num</span> <span class='ocrx_word' id='word_1_368' title='bbox 1822 438 1942 481; x_wconf 73' lang='lat' dir='ltr'>yemis]</span> <span class='ocrx_word' id='word_1_369' title='bbox 1971 436 2160 475; x_wconf 59' lang='grc' dir='ltr'><em>ἀντίθεσις</em></span> <span class='ocrx_word' id='word_1_370' title='bbox 2191 448 2252 469; x_wconf 86' lang='lat' dir='ltr'>seu</span> 
     </span>
     <span class='ocr_line' id='line_1_64' title="bbox 1267 485 1877 520; baseline 0.002 -1"><span class='ocrx_word' id='word_1_371' title='bbox 1267 485 1470 519; x_wconf 82' lang='lat' dir='ltr'>extenuatio</span> <span class='ocrx_word' id='word_1_372' title='bbox 1490 486 1683 519; x_wconf 86' lang='lat' dir='ltr'>Clodianae</span> <span class='ocrx_word' id='word_1_373' title='bbox 1704 486 1877 520; x_wconf 83' lang='lat' dir='ltr'>factionis.</span> 
     </span>
    </p>
   </div>
   <div class='ocr_carea' id='block_1_16' title="bbox 1750 336 2250 380">
    <p class='ocr_par' dir='ltr' id='par_1_18' title="bbox 1750 336 2250 380">
     <span class='ocr_line' id='line_1_65' title="bbox 1750 336 2250 380; baseline 0 -14"><span class='ocrx_word' id='word_1_374' title='bbox 1750 336 1892 380; x_wconf 75' lang='lat' dir='ltr'>Civium]</span> <span class='ocrx_word' id='word_1_375' title='bbox 1922 337 1956 368; x_wconf 87' lang='lat' dir='ltr'>id</span> <span class='ocrx_word' id='word_1_376' title='bbox 1974 342 2036 373; x_wconf 73' lang='lat' dir='ltr'>est,</span> <span class='ocrx_word' id='word_1_377' title='bbox 2060 337 2250 374; x_wconf 82' lang='lat' dir='ltr'>bonorum,</span> 
     </span>
    </p>
   </div>
   <div class='ocr_carea' id='block_1_17' title="bbox 1270 487 2272 1400">
    <p class='ocr_par' dir='ltr' id='par_1_19' title="bbox 1270 487 2255 673">
     <span class='ocr_line' id='line_1_66' title="bbox 1980 487 2253 531; baseline -0.007 -10"><span class='ocrx_word' id='word_1_378' title='bbox 1980 488 2162 531; x_wconf 69' lang='lat' dir='ltr'>Hesterna]</span> <span class='ocrx_word' id='word_1_379' title='bbox 2189 487 2253 520; x_wconf 91' lang='lat' dir='ltr'>sci-</span> 
     </span>
     <span class='ocr_line' id='line_1_67' title="bbox 1973 538 2253 582; baseline -0.007 -10"><span class='ocrx_word' id='word_1_380' title='bbox 1973 541 2052 572; x_wconf 77' lang='lat' dir='ltr'>che</span> <span class='ocrx_word' id='word_1_381' title='bbox 2066 542 2161 581; x_wconf 76' lang='lat' dir='ltr'>praei</span> <span class='ocrx_word' id='word_1_382' title='bbox 2166 538 2253 582; x_wconf 74' lang='lat' dir='ltr'>reni]</span> 
     </span>
     <span class='ocr_line' id='line_1_68' title="bbox 1270 589 2255 633; baseline 0.002 -13"><span class='ocrx_word' id='word_1_383' title='bbox 1270 589 1303 621; x_wconf 91' lang='lat' dir='ltr'>id</span> <span class='ocrx_word' id='word_1_384' title='bbox 1324 594 1386 625; x_wconf 78' lang='lat' dir='ltr'>est,</span> <span class='ocrx_word' id='word_1_385' title='bbox 1414 595 1695 631; x_wconf 79' lang='lat' dir='ltr'>praecurrerent.</span> <span class='ocrx_word' id='word_1_386' title='bbox 1800 590 2002 633; x_wconf 73' lang='lat' dir='ltr'>Retineatis]</span> <span class='ocrx_word' id='word_1_387' title='bbox 2030 590 2171 629; x_wconf 82' lang='lat' dir='ltr'>scilicet,</span> <span class='ocrx_word' id='word_1_388' title='bbox 2195 590 2255 622; x_wconf 90' lang='lat' dir='ltr'>ab·</span> 
     </span>
     <span class='ocr_line' id='line_1_69' title="bbox 1270 639 1426 673; baseline -0.006 0"><span class='ocrx_word' id='word_1_389' title='bbox 1270 639 1426 673; x_wconf 65' lang='lat' dir='ltr'>solvatis.</span> 
     </span>
    </p>

    <p class='ocr_par' dir='ltr' id='par_1_20' title="bbox 1273 688 2261 940">
     <span class='ocr_line' id='line_1_70' title="bbox 1376 688 2258 736; baseline -0.001 -13"><span class='ocrx_word' id='word_1_390' title='bbox 1376 693 1404 732; x_wconf 48' lang='grc' dir='ltr'><strong>ᾗ.</strong></span> <span class='ocrx_word' id='word_1_391' title='bbox 1432 690 1464 723; x_wconf 72' lang='grc'><strong>4.</strong></span> <span class='ocrx_word' id='word_1_392' title='bbox 1494 689 1727 733; x_wconf 77' lang='lat' dir='ltr'>Quamobrem]</span> <span class='ocrx_word' id='word_1_393' title='bbox 1763 688 1998 729; x_wconf 67' lang='lat' dir='ltr'>Adhortntio,</span> <span class='ocrx_word' id='word_1_394' title='bbox 2034 703 2101 736; x_wconf 83' lang='lat' dir='ltr'>qua</span> <span class='ocrx_word' id='word_1_395' title='bbox 2133 690 2258 723; x_wconf 81' lang='lat' dir='ltr'>confir-</span> 
     </span>
     <span class='ocr_line' id='line_1_71' title="bbox 1273 741 2260 788; baseline 0 -14"><span class='ocrx_word' id='word_1_396' title='bbox 1273 748 1346 774; x_wconf 89' lang='lat' dir='ltr'>mat</span> <span class='ocrx_word' id='word_1_397' title='bbox 1372 741 1514 774; x_wconf 87' lang='lat' dir='ltr'>iudices.</span> <span class='ocrx_word' id='word_1_398' title='bbox 1622 743 1809 782; x_wconf 76' lang='lat' dir='ltr'>Timorem,</span> <span class='ocrx_word' id='word_1_399' title='bbox 1843 745 1873 776; x_wconf 69' lang='grc' dir='ltr'>εἰ</span> <span class='ocrx_word' id='word_1_400' title='bbox 1904 755 1997 788; x_wconf 82' lang='lat' dir='ltr'>quem</span> <span class='ocrx_word' id='word_1_401' title='bbox 2025 742 2167 786; x_wconf 76' lang='lat' dir='ltr'>habetis]</span> <span class='ocrx_word' id='word_1_402' title='bbox 2195 741 2260 775; x_wconf 87' lang='lat' dir='ltr'>sci-</span> 
     </span>
     <span class='ocr_line' id='line_1_72' title="bbox 1274 792 2257 837; baseline -0.001 -12"><span class='ocrx_word' id='word_1_403' title='bbox 1274 794 1354 826; x_wconf 81' lang='lat' dir='ltr'>licet</span> <span class='ocrx_word' id='word_1_404' title='bbox 1379 792 1462 837; x_wconf 85' lang='lat' dir='ltr'>qnia</span> <span class='ocrx_word' id='word_1_405' title='bbox 1488 792 1598 837; x_wconf 83' lang='lat' dir='ltr'>aliqui</span> <span class='ocrx_word' id='word_1_406' title='bbox 1624 794 1849 832; x_wconf 76' lang='lat' dir='ltr'>metuebant,</span> <span class='ocrx_word' id='word_1_407' title='bbox 1876 806 1919 825; x_wconf 91' lang='lat' dir='ltr'>ne</span> <span class='ocrx_word' id='word_1_408' title='bbox 1944 793 2067 834; x_wconf 61' lang='lat' dir='ltr'>vulgus</span> <span class='ocrx_word' id='word_1_409' title='bbox 2099 793 2257 837; x_wconf 83' lang='lat' dir='ltr'>ineptum</span> 
     </span>
     <span class='ocr_line' id='line_1_73' title="bbox 1274 843 2261 890; baseline 0 -13"><span class='ocrx_word' id='word_1_410' title='bbox 1274 846 1404 878; x_wconf 77' lang='lat' dir='ltr'>faceret</span> <span class='ocrx_word' id='word_1_411' title='bbox 1420 844 1457 876; x_wconf 92' lang='lat' dir='ltr'>in</span> <span class='ocrx_word' id='word_1_412' title='bbox 1478 844 1622 883; x_wconf 86' lang='lat' dir='ltr'>iudices,</span> <span class='ocrx_word' id='word_1_413' title='bbox 1725 846 1828 884; x_wconf 69' lang='lat' dir='ltr'>Nam,</span> <span class='ocrx_word' id='word_1_414' title='bbox 1853 847 1884 878; x_wconf 79' lang='lat' dir='ltr'>si</span> <span class='ocrx_word' id='word_1_415' title='bbox 1904 845 2063 890; x_wconf 83' lang='lat' dir='ltr'>anquam]</span> <span class='ocrx_word' id='word_1_416' title='bbox 2091 843 2261 889; x_wconf 73' lang='lat' dir='ltr'>Epilogus</span> 
     </span>
     <span class='ocr_line' id='line_1_74' title="bbox 1276 894 2115 940; baseline -0.002 -11"><span class='ocrx_word' id='word_1_417' title='bbox 1276 895 1522 940; x_wconf 84' lang='lat' dir='ltr'>superiorum,</span> <span class='ocrx_word' id='word_1_418' title='bbox 1550 907 1611 928; x_wconf 88' lang='lat' dir='ltr'>sen</span> <span class='ocrx_word' id='word_1_419' title='bbox 1633 894 1725 927; x_wconf 89' lang='lat' dir='ltr'>ratio</span> <span class='ocrx_word' id='word_1_420' title='bbox 1753 908 1770 927; x_wconf 91' lang='lat' dir='ltr'>a</span> <span class='ocrx_word' id='word_1_421' title='bbox 1798 896 1932 929; x_wconf 85' lang='lat' dir='ltr'>meritis</span> <span class='ocrx_word' id='word_1_422' title='bbox 1959 896 2115 928; x_wconf 84' lang='lat' dir='ltr'>Milonis.</span> 
     </span>
    </p>

    <p class='ocr_par' dir='ltr' id='par_1_21' title="bbox 1279 944 2270 1295">
     <span class='ocr_line' id='line_1_75' title="bbox 1380 944 2263 990; baseline -0.002 -10"><span class='ocrx_word' id='word_1_423' title='bbox 1380 944 1411 990; x_wconf 58' lang='grc' dir='ltr'><strong>ξ.</strong></span> <span class='ocrx_word' id='word_1_424' title='bbox 1434 944 1469 980; x_wconf 80' lang='grc'><strong>5.</strong></span> <span class='ocrx_word' id='word_1_425' title='bbox 1498 948 1585 987; x_wconf 77' lang='lat' dir='ltr'>Quid</span> <span class='ocrx_word' id='word_1_426' title='bbox 1608 948 1697 979; x_wconf 78' lang='lat' dir='ltr'>enim</span> <span class='ocrx_word' id='word_1_427' title='bbox 1722 947 1832 989; x_wconf 72' lang='lat' dir='ltr'>nobis]</span> <span class='ocrx_word' id='word_1_428' title='bbox 1860 946 2054 990; x_wconf 71' lang='lat' dir='ltr'>Indignitas</span> <span class='ocrx_word' id='word_1_429' title='bbox 2076 956 2263 987; x_wconf 59' lang='lat' dir='ltr'>exaggera-</span> 
     </span>
     <span class='ocr_line' id='line_1_76' title="bbox 1279 996 2264 1041; baseline -0.001 -11"><span class='ocrx_word' id='word_1_430' title='bbox 1279 1005 1358 1037; x_wconf 84' lang='lat' dir='ltr'>tur,</span> <span class='ocrx_word' id='word_1_431' title='bbox 1392 1009 1454 1030; x_wconf 86' lang='lat' dir='ltr'>seu</span> <span class='ocrx_word' id='word_1_432' title='bbox 1479 1003 1531 1030; x_wconf 88' lang='lat' dir='ltr'>est</span> <span class='ocrx_word' id='word_1_433' title='bbox 1554 997 1832 1029; x_wconf 65' lang='lat' dir='ltr'>conmonuit-atio</span> <span class='ocrx_word' id='word_1_434' title='bbox 1853 998 2091 1041; x_wconf 86' lang='lat' dir='ltr'>periculorum</span> <span class='ocrx_word' id='word_1_435' title='bbox 2118 996 2264 1030; x_wconf 82' lang='lat' dir='ltr'>Milonis</span> 
     </span>
     <span class='ocr_line' id='line_1_77' title="bbox 1281 1047 2264 1094; baseline -0.004 -12"><span class='ocrx_word' id='word_1_436' title='bbox 1281 1055 1314 1082; x_wconf 89' lang='lat' dir='ltr'>et</span> <span class='ocrx_word' id='word_1_437' title='bbox 1338 1048 1530 1081; x_wconf 81' lang='lat' dir='ltr'>Cleeronis.</span> <span class='ocrx_word' id='word_1_438' title='bbox 1635 1050 1677 1081; x_wconf 72' lang='lat' dir='ltr'>Et</span> <span class='ocrx_word' id='word_1_439' title='bbox 1701 1050 1831 1093; x_wconf 64' lang='lat' dir='ltr'>‘saulem</span> <span class='ocrx_word' id='word_1_440' title='bbox 1847 1048 1907 1094; x_wconf 88' lang='lat'>¹⁰⁰)</span> <span class='ocrx_word' id='word_1_441' title='bbox 1932 1050 2095 1091; x_wconf 72' lang='lat' dir='ltr'>caeteras]</span> <span class='ocrx_word' id='word_1_442' title='bbox 2129 1047 2264 1091; x_wconf 78' lang='lat' dir='ltr'>Ampli-</span> 
     </span>
     <span class='ocr_line' id='line_1_78' title="bbox 1281 1097 2265 1143; baseline -0.003 -11"><span class='ocrx_word' id='word_1_443' title='bbox 1281 1099 1398 1132; x_wconf 83' lang='lat' dir='ltr'>ficatio</span> <span class='ocrx_word' id='word_1_444' title='bbox 1439 1111 1480 1132; x_wconf 79' lang='lat' dir='ltr'>ex</span> <span class='ocrx_word' id='word_1_445' title='bbox 1516 1098 1673 1131; x_wconf 87' lang='lat' dir='ltr'>indicum</span> <span class='ocrx_word' id='word_1_446' title='bbox 1707 1099 1834 1132; x_wconf 76' lang='lat' dir='ltr'>officio.</span> <span class='ocrx_word' id='word_1_447' title='bbox 1940 1099 2123 1142; x_wconf 72' lang='lat' dir='ltr'>Fluctibus]</span> <span class='ocrx_word' id='word_1_448' title='bbox 2165 1097 2265 1143; x_wconf 87' lang='lat' dir='ltr'>quasi</span> 
     </span>
     <span class='ocr_line' id='line_1_79' title="bbox 1283 1148 2267 1194; baseline -0.003 -11"><span class='ocrx_word' id='word_1_449' title='bbox 1283 1151 1430 1184; x_wconf 86' lang='lat' dir='ltr'>diceret:</span> <span class='ocrx_word' id='word_1_450' title='bbox 1459 1150 1619 1182; x_wconf 87' lang='lat' dir='ltr'>Tantum</span> <span class='ocrx_word' id='word_1_451' title='bbox 1642 1150 1808 1183; x_wconf 70' lang='lat' dir='ltr'>adversus</span> <span class='ocrx_word' id='word_1_452' title='bbox 1835 1150 2018 1194; x_wconf 86' lang='lat' dir='ltr'>improbos</span> <span class='ocrx_word' id='word_1_453' title='bbox 2040 1148 2161 1194; x_wconf 84' lang='lat' dir='ltr'>putavi</span> <span class='ocrx_word' id='word_1_454' title='bbox 2185 1160 2267 1181; x_wconf 87' lang='lat' dir='ltr'>con—</span> 
     </span>
     <span class='ocr_line' id='line_1_80' title="bbox 1283 1199 2270 1245; baseline -0.003 -10"><span class='ocrx_word' id='word_1_455' title='bbox 1283 1202 1500 1235; x_wconf 88' lang='lat' dir='ltr'>tendendum</span> <span class='ocrx_word' id='word_1_456' title='bbox 1534 1213 1607 1234; x_wconf 86' lang='lat' dir='ltr'>esse</span> <span class='ocrx_word' id='word_1_457' title='bbox 1637 1200 1776 1234; x_wconf 83' lang='lat' dir='ltr'>Miloni.</span> <span class='ocrx_word' id='word_1_458' title='bbox 1882 1201 2097 1245; x_wconf 77' lang='lat' dir='ltr'>Concionum]</span> <span class='ocrx_word' id='word_1_459' title='bbox 2139 1199 2270 1234; x_wconf 79' lang='lat' dir='ltr'>scilicet</span> 
     </span>
     <span class='ocr_line' id='line_1_81' title="bbox 1285 1252 1612 1295; baseline -0.006 -9"><span class='ocrx_word' id='word_1_460' title='bbox 1285 1255 1452 1286; x_wconf 60' lang='lat' dir='ltr'>adversus</span> <span class='ocrx_word' id='word_1_461' title='bbox 1477 1252 1612 1295; x_wconf 72' lang='lat' dir='ltr'>vulgus.</span> 
     </span>
    </p>

    <p class='ocr_par' dir='ltr' id='par_1_22' title="bbox 1286 1299 2272 1400">
     <span class='ocr_line' id='line_1_82' title="bbox 1390 1299 2270 1348; baseline -0.005 -11"><span class='ocrx_word' id='word_1_462' title='bbox 1390 1302 1420 1346; x_wconf 65' lang='lat'>{-</span> <span class='ocrx_word' id='word_1_463' title='bbox 1446 1304 1479 1337; x_wconf 86' lang='grc'><strong>6.</strong></span> <span class='ocrx_word' id='word_1_464' title='bbox 1515 1305 1722 1348; x_wconf 76' lang='lat' dir='ltr'>Quamquam</span> <span class='ocrx_word' id='word_1_465' title='bbox 1749 1305 1783 1337; x_wconf 75' lang='lat' dir='ltr'>in</span> <span class='ocrx_word' id='word_1_466' title='bbox 1807 1303 1883 1347; x_wconf 81' lang='lat' dir='ltr'>hac]</span> <span class='ocrx_word' id='word_1_467' title='bbox 1917 1299 2146 1342; x_wconf 67' lang='grc' dir='ltr'>ἀποδιώξεις,</span> <span class='ocrx_word' id='word_1_468' title='bbox 2181 1301 2270 1334; x_wconf 88' lang='lat' dir='ltr'>Pro-</span> 
     </span>
     <span class='ocr_line' id='line_1_83' title="bbox 1286 1352 2272 1400; baseline -0.003 -13"><span class='ocrx_word' id='word_1_469' title='bbox 1286 1355 1416 1400; x_wconf 86' lang='lat' dir='ltr'>positio</span> <span class='ocrx_word' id='word_1_470' title='bbox 1439 1367 1562 1387; x_wconf 85' lang='lat' dir='ltr'>causae</span> <span class='ocrx_word' id='word_1_471' title='bbox 1589 1367 1747 1394; x_wconf 82' lang='lat' dir='ltr'>summa,</span> <span class='ocrx_word' id='word_1_472' title='bbox 1783 1355 1947 1387; x_wconf 87' lang='lat' dir='ltr'>Clodium</span> <span class='ocrx_word' id='word_1_473' title='bbox 1978 1366 2049 1387; x_wconf 88' lang='lat' dir='ltr'>esse</span> <span class='ocrx_word' id='word_1_474' title='bbox 2078 1353 2154 1386; x_wconf 88' lang='lat' dir='ltr'>iure</span> <span class='ocrx_word' id='word_1_475' title='bbox 2183 1352 2272 1385; x_wconf 88' lang='lat' dir='ltr'>occi-</span> 
     </span>
    </p>
   </div>
   <div class='ocr_carea' id='block_1_18' title="bbox 1287 1402 2273 1501">
    <p class='ocr_par' dir='ltr' id='par_1_23' title="bbox 1287 1402 2273 1501">
     <span class='ocr_line' id='line_1_84' title="bbox 1287 1402 2272 1450; baseline -0.004 -9"><span class='ocrx_word' id='word_1_476' title='bbox 1287 1420 1377 1441; x_wconf 83' lang='lat' dir='ltr'>sum.</span> <span class='ocrx_word' id='word_1_477' title='bbox 1431 1406 1532 1439; x_wconf 88' lang='lat' dir='ltr'>Hanc</span> <span class='ocrx_word' id='word_1_478' title='bbox 1571 1405 1854 1450; x_wconf 82' lang='lat' dir='ltr'>propositionem</span> <span class='ocrx_word' id='word_1_479' title='bbox 1881 1402 2074 1444; x_wconf 64' lang='grc' dir='ltr'><em>ἀποδιώξει</em></span> <span class='ocrx_word' id='word_1_480' title='bbox 2096 1404 2272 1447; x_wconf 61' lang='lat' dir='ltr'>figuravit.</span> 
     </span>
     <span class='ocr_line' id='line_1_85' title="bbox 1288 1455 2273 1501; baseline -0.005 -9"><span class='ocrx_word' id='word_1_481' title='bbox 1288 1458 1415 1497; x_wconf 74' lang='grc' dir='ltr'><strong>ἄλλως.</strong></span> <span class='ocrx_word' id='word_1_482' title='bbox 1468 1457 1650 1490; x_wconf 85' lang='lat' dir='ltr'>Correctio</span> <span class='ocrx_word' id='word_1_483' title='bbox 1668 1458 1861 1501; x_wconf 86' lang='lat' dir='ltr'>superioris</span> <span class='ocrx_word' id='word_1_484' title='bbox 1877 1456 2037 1490; x_wconf 88' lang='lat' dir='ltr'>rationis.</span> <span class='ocrx_word' id='word_1_485' title='bbox 2082 1455 2174 1489; x_wconf 62' lang='lat' dir='ltr'>Nolo</span> <span class='ocrx_word' id='word_1_486' title='bbox 2192 1467 2273 1488; x_wconf 72' lang='lat' dir='ltr'>etun</span> 
     </span>
    </p>
   </div>
   <div class='ocr_carea' id='block_1_19' title="bbox 1290 1504 2276 1603">
    <p class='ocr_par' dir='ltr' id='par_1_24' title="bbox 1290 1504 2276 1603">
     <span class='ocr_line' id='line_1_86' title="bbox 1290 1504 2275 1547; baseline -0.004 -5"><span class='ocrx_word' id='word_1_487' title='bbox 1290 1510 1477 1543; x_wconf 77' lang='lat' dir='ltr'>defendere</span> <span class='ocrx_word' id='word_1_488' title='bbox 1506 1522 1546 1542; x_wconf 72' lang='lat' dir='ltr'>ex</span> <span class='ocrx_word' id='word_1_489' title='bbox 1569 1510 1640 1542; x_wconf 85' lang='lat' dir='ltr'>suis</span> <span class='ocrx_word' id='word_1_490' title='bbox 1663 1509 1818 1547; x_wconf 68' lang='lat' dir='ltr'>meritis,</span> <span class='ocrx_word' id='word_1_491' title='bbox 1853 1510 1911 1542; x_wconf 78' lang='lat' dir='ltr'>sed</span> <span class='ocrx_word' id='word_1_492' title='bbox 1941 1520 1982 1540; x_wconf 76' lang='lat' dir='ltr'>ex</span> <span class='ocrx_word' id='word_1_493' title='bbox 2013 1519 2138 1540; x_wconf 83' lang='lat' dir='ltr'>causae</span> <span class='ocrx_word' id='word_1_494' title='bbox 2170 1504 2275 1539; x_wconf 87' lang='lat' dir='ltr'>buius</span> 
     </span>
     <span class='ocr_line' id='line_1_87' title="bbox 1290 1558 2276 1603; baseline -0.004 -9"><span class='ocrx_word' id='word_1_495' title='bbox 1290 1561 1500 1594; x_wconf 85' lang='lat' dir='ltr'>rationibus.</span> <span class='ocrx_word' id='word_1_496' title='bbox 1575 1561 1646 1594; x_wconf 83' lang='lat' dir='ltr'>Hoc</span> <span class='ocrx_word' id='word_1_497' title='bbox 1662 1561 1779 1594; x_wconf 71' lang='lat' dir='ltr'>saitem</span> <span class='ocrx_word' id='word_1_498' title='bbox 1797 1561 1903 1603; x_wconf 80' lang='lat' dir='ltr'>nobis]</span> <span class='ocrx_word' id='word_1_499' title='bbox 1932 1558 2126 1592; x_wconf 90' lang='lat' dir='ltr'>Transitio.</span> <span class='ocrx_word' id='word_1_500' title='bbox 2203 1560 2276 1591; x_wconf 81' lang='lat' dir='ltr'>De-</span> 
     </span>
    </p>
   </div>
   <div class='ocr_carea' id='block_1_20' title="bbox 1288 1610 2151 1656">
    <p class='ocr_par' dir='ltr' id='par_1_25' title="bbox 1288 1610 2151 1656">
     <span class='ocr_line' id='line_1_88' title="bbox 1288 1610 2151 1656; baseline -0.005 -11"><span class='ocrx_word' id='word_1_501' title='bbox 1288 1613 1440 1656; x_wconf 73' lang='lat' dir='ltr'>s&#39;emlere]</span> <span class='ocrx_word' id='word_1_502' title='bbox 1469 1610 1600 1644; x_wconf 85' lang='lat' dir='ltr'>scilicet</span> <span class='ocrx_word' id='word_1_503' title='bbox 1622 1618 1661 1644; x_wconf 91' lang='lat' dir='ltr'>ut</span> <span class='ocrx_word' id='word_1_504' title='bbox 1684 1612 1757 1644; x_wconf 64' lang='lat' dir='ltr'>vim</span> <span class='ocrx_word' id='word_1_505' title='bbox 1782 1613 1815 1643; x_wconf 68' lang='lat' dir='ltr'>vi</span> <span class='ocrx_word' id='word_1_506' title='bbox 1841 1612 1944 1644; x_wconf 86' lang='lat' dir='ltr'>liceat</span> <span class='ocrx_word' id='word_1_507' title='bbox 1969 1610 2151 1653; x_wconf 79' lang='lat' dir='ltr'>repellere.</span> 
     </span>
    </p>
   </div>
   <div class='ocr_carea' id='block_1_21' title="bbox 1293 1657 2285 2168">
    <p class='ocr_par' dir='ltr' id='par_1_26' title="bbox 1293 1657 2283 2116">
     <span class='ocr_line' id='line_1_89' title="bbox 1395 1657 2275 1707; baseline -0.008 -11"><span class='ocrx_word' id='word_1_508' title='bbox 1395 1664 1480 1706; x_wconf 89' lang='lat' dir='ltr'>Cap.</span> <span class='ocrx_word' id='word_1_509' title='bbox 1512 1660 1569 1695; x_wconf 89' lang='lat' dir='ltr'>lll.</span> <span class='ocrx_word' id='word_1_510' title='bbox 1607 1660 1636 1706; x_wconf 59' lang='grc' dir='ltr'><strong>ἓ.</strong></span> <span class='ocrx_word' id='word_1_511' title='bbox 1669 1662 1702 1695; x_wconf 87' lang='lat'>7.</span> <span class='ocrx_word' id='word_1_512' title='bbox 1736 1664 1805 1696; x_wconf 75' lang='lat' dir='ltr'>Sed</span> <span class='ocrx_word' id='word_1_513' title='bbox 1835 1661 2027 1707; x_wconf 73' lang='lat' dir='ltr'>antequam]</span> <span class='ocrx_word' id='word_1_514' title='bbox 2070 1657 2275 1693; x_wconf 83' lang='lat' dir='ltr'>Consutatio</span> 
     </span>
     <span class='ocr_line' id='line_1_90' title="bbox 1293 1708 2278 1759; baseline -0.006 -13"><span class='ocrx_word' id='word_1_515' title='bbox 1293 1713 1607 1758; x_wconf 87' lang='lat' dir='ltr'>praeiudiciorum.</span> <span class='ocrx_word' id='word_1_516' title='bbox 1671 1716 1820 1759; x_wconf 72' lang='lat' dir='ltr'>Neyaut]</span> <span class='ocrx_word' id='word_1_517' title='bbox 1837 1712 2040 1756; x_wconf 87' lang='lat' dir='ltr'>Propositio</span> <span class='ocrx_word' id='word_1_518' title='bbox 2058 1708 2278 1756; x_wconf 87' lang='lat' dir='ltr'>praeiudicii,</span> 
     </span>
     <span class='ocr_line' id='line_1_91' title="bbox 1296 1761 2279 1810; baseline -0.006 -12"><span class='ocrx_word' id='word_1_519' title='bbox 1296 1766 1392 1810; x_wconf 86' lang='lat' dir='ltr'>quod</span> <span class='ocrx_word' id='word_1_520' title='bbox 1417 1765 1453 1797; x_wconf 92' lang='lat' dir='ltr'>in</span> <span class='ocrx_word' id='word_1_521' title='bbox 1476 1764 1612 1797; x_wconf 82' lang='lat' dir='ltr'>casibus</span> <span class='ocrx_word' id='word_1_522' title='bbox 1635 1766 1737 1798; x_wconf 86' lang='lat' dir='ltr'>certis</span> <span class='ocrx_word' id='word_1_523' title='bbox 1762 1766 1867 1798; x_wconf 91' lang='lat' dir='ltr'>etiam</span> <span class='ocrx_word' id='word_1_524' title='bbox 1893 1764 1968 1796; x_wconf 88' lang='lat' dir='ltr'>inre</span> <span class='ocrx_word' id='word_1_525' title='bbox 1992 1761 2154 1795; x_wconf 81' lang='lat' dir='ltr'>homines</span> <span class='ocrx_word' id='word_1_526' title='bbox 2171 1761 2279 1793; x_wconf 85' lang='lat' dir='ltr'>inter·</span> 
     </span>
     <span class='ocr_line' id='line_1_92' title="bbox 1296 1812 2280 1860; baseline -0.005 -11"><span class='ocrx_word' id='word_1_527' title='bbox 1296 1816 1351 1849; x_wconf 81' lang='lat' dir='ltr'>tici</span> <span class='ocrx_word' id='word_1_528' title='bbox 1374 1816 1512 1860; x_wconf 81' lang='lat' dir='ltr'>possint</span> <span class='ocrx_word' id='word_1_529' title='bbox 1530 1816 1604 1849; x_wconf 84' lang='lat' dir='ltr'>sine</span> <span class='ocrx_word' id='word_1_530' title='bbox 1628 1816 1771 1849; x_wconf 83' lang='lat' dir='ltr'>iudicio.</span> <span class='ocrx_word' id='word_1_531' title='bbox 1874 1815 2023 1858; x_wconf 71' lang='lat' dir='ltr'>Neyani]</span> <span class='ocrx_word' id='word_1_532' title='bbox 2051 1812 2164 1854; x_wconf 73' lang='grc' dir='ltr'><strong><em>θέσις,</em></strong></span> <span class='ocrx_word' id='word_1_533' title='bbox 2191 1812 2280 1845; x_wconf 90' lang='lat' dir='ltr'>Pro-</span> 
     </span>
     <span class='ocr_line' id='line_1_93' title="bbox 1298 1864 2281 1912; baseline -0.004 -13"><span class='ocrx_word' id='word_1_534' title='bbox 1298 1868 1426 1912; x_wconf 87' lang='lat' dir='ltr'>positio</span> <span class='ocrx_word' id='word_1_535' title='bbox 1455 1866 1639 1909; x_wconf 67' lang='lat' dir='ltr'>generalis.</span> <span class='ocrx_word' id='word_1_536' title='bbox 1742 1869 1783 1900; x_wconf 78' lang='lat' dir='ltr'>In</span> <span class='ocrx_word' id='word_1_537' title='bbox 1813 1868 1891 1912; x_wconf 68' lang='lat' dir='ltr'>qam]</span> <span class='ocrx_word' id='word_1_538' title='bbox 1927 1868 2205 1907; x_wconf 68' lang='lat' dir='ltr'>Argumentatur</span> <span class='ocrx_word' id='word_1_539' title='bbox 2238 1864 2281 1895; x_wconf 93' lang='lat' dir='ltr'>ab</span> 
     </span>
     <span class='ocr_line' id='line_1_94' title="bbox 1299 1914 2283 1963; baseline -0.002 -12"><span class='ocrx_word' id='word_1_540' title='bbox 1299 1919 1477 1963; x_wconf 61' lang='lat' dir='ltr'>exemplis.</span> <span class='ocrx_word' id='word_1_541' title='bbox 1556 1919 1696 1962; x_wconf 59' lang='lat' dir='ltr'>Nempe]</span> <span class='ocrx_word' id='word_1_542' title='bbox 1722 1918 1776 1950; x_wconf 72' lang='lat' dir='ltr'>Ab</span> <span class='ocrx_word' id='word_1_543' title='bbox 1794 1918 1966 1961; x_wconf 75' lang='lat' dir='ltr'>exemplo,</span> <span class='ocrx_word' id='word_1_544' title='bbox 1985 1916 2104 1951; x_wconf 70' lang='lat' dir='ltr'>Livius</span> <span class='ocrx_word' id='word_1_545' title='bbox 2120 1915 2179 1948; x_wconf 90' lang='lat' dir='ltr'>lib.</span> <span class='ocrx_word' id='word_1_546' title='bbox 2199 1914 2283 1960; x_wconf 83' lang='lat' dir='ltr'>l.¹).</span> 
     </span>
     <span class='ocr_line' id='line_1_95' title="bbox 1299 1966 2282 2015; baseline -0.005 -10"><span class='ocrx_word' id='word_1_547' title='bbox 1299 1971 1439 2015; x_wconf 80' lang='lat' dir='ltr'>Le&#39;bera]</span> <span class='ocrx_word' id='word_1_548' title='bbox 1466 1969 1598 2004; x_wconf 85' lang='lat' dir='ltr'>scilicet</span> <span class='ocrx_word' id='word_1_549' title='bbox 1626 1969 1845 2014; x_wconf 86' lang='lat' dir='ltr'>temporibus</span> <span class='ocrx_word' id='word_1_550' title='bbox 1878 1981 1999 2011; x_wconf 67' lang='lat' dir='ltr'>regum</span> <span class='ocrx_word' id='word_1_551' title='bbox 2016 1968 2059 2014; x_wconf 68' lang='lat'>²).</span> <span class='ocrx_word' id='word_1_552' title='bbox 2112 1966 2282 2000; x_wconf 84' lang='lat' dir='ltr'>Horatius</span> 
     </span>
     <span class='ocr_line' id='line_1_96' title="bbox 1301 2018 2283 2064; baseline -0.005 -9"><span class='ocrx_word' id='word_1_553' title='bbox 1301 2022 1475 2056; x_wconf 77' lang='lat' dir='ltr'>interfecit</span> <span class='ocrx_word' id='word_1_554' title='bbox 1493 2032 1592 2055; x_wconf 86' lang='lat' dir='ltr'>suam</span> <span class='ocrx_word' id='word_1_555' title='bbox 1611 2033 1769 2054; x_wconf 88' lang='lat' dir='ltr'>sororem</span> <span class='ocrx_word' id='word_1_556' title='bbox 1782 2047 1790 2060; x_wconf 92' lang='lat'>‚</span> <span class='ocrx_word' id='word_1_557' title='bbox 1819 2021 1915 2064; x_wconf 88' lang='lat' dir='ltr'>quod</span> <span class='ocrx_word' id='word_1_558' title='bbox 1933 2020 2075 2063; x_wconf 78' lang='lat' dir='ltr'>lugebat</span> <span class='ocrx_word' id='word_1_559' title='bbox 2090 2019 2126 2051; x_wconf 92' lang='lat' dir='ltr'>in</span> <span class='ocrx_word' id='word_1_560' title='bbox 2143 2018 2283 2063; x_wconf 86' lang='lat' dir='ltr'>publica</span> 
     </span>
     <span class='ocr_line' id='line_1_97' title="bbox 1301 2068 2226 2116; baseline -0.004 -9"><span class='ocrx_word' id='word_1_561' title='bbox 1301 2073 1450 2107; x_wconf 76' lang='lat' dir='ltr'>victoria</span> <span class='ocrx_word' id='word_1_562' title='bbox 1467 2072 1510 2116; x_wconf 76' lang='grc'>3).</span> <span class='ocrx_word' id='word_1_563' title='bbox 1564 2072 1682 2116; x_wconf 86' lang='lat' dir='ltr'>Scipio</span> <span class='ocrx_word' id='word_1_564' title='bbox 1707 2072 1773 2105; x_wconf 82' lang='lat' dir='ltr'>fuit</span> <span class='ocrx_word' id='word_1_565' title='bbox 1798 2078 1966 2115; x_wconf 77' lang='lat' dir='ltr'>cognatus</span> <span class='ocrx_word' id='word_1_566' title='bbox 1990 2068 2142 2104; x_wconf 81' lang='lat' dir='ltr'>Gracchi</span> <span class='ocrx_word' id='word_1_567' title='bbox 2157 2069 2226 2114; x_wconf 71' lang='lat'>³⁸).</span> 
     </span>
    </p>

    <p class='ocr_par' dir='ltr' id='par_1_27' title="bbox 1404 2120 2285 2168">
     <span class='ocr_line' id='line_1_98' title="bbox 1404 2120 2285 2168; baseline -0.003 -11"><span class='ocrx_word' id='word_1_568' title='bbox 1404 2123 1434 2161; x_wconf 58' lang='grc' dir='ltr'><strong>ξ.</strong></span> <span class='ocrx_word' id='word_1_569' title='bbox 1461 2124 1494 2156; x_wconf 88' lang='grc'><strong>8.</strong></span> <span class='ocrx_word' id='word_1_570' title='bbox 1522 2125 1602 2156; x_wconf 66' lang='grc' dir='ltr'>Νἱεὶ</span> <span class='ocrx_word' id='word_1_571' title='bbox 1620 2124 1711 2168; x_wconf 79' lang='lat' dir='ltr'>vero]</span> <span class='ocrx_word' id='word_1_572' title='bbox 1740 2123 1772 2156; x_wconf 85' lang='lat' dir='ltr'><strong>A</strong></span> <span class='ocrx_word' id='word_1_573' title='bbox 1788 2122 2041 2156; x_wconf 83' lang='lat' dir='ltr'>consuetudine</span> <span class='ocrx_word' id='word_1_574' title='bbox 2061 2120 2285 2155; x_wconf 88' lang='lat' dir='ltr'>iudiciorum.</span> 
     </span>
    </p>
   </div>
   <div class='ocr_carea' id='block_1_22' title="bbox 1301 2162 2286 2220">
    <p class='ocr_par' dir='ltr' id='par_1_28' title="bbox 1301 2162 2286 2220">
     <span class='ocr_line' id='line_1_99' title="bbox 1301 2162 2286 2220; baseline -0.009 -8"><span class='ocrx_word' id='word_1_575' title='bbox 1301 2162 1483 2219; x_wconf 62' lang='lat' dir='ltr'>Sere-iiius]</span> <span class='ocrx_word' id='word_1_576' title='bbox 1498 2175 1628 2208; x_wconf 84' lang='lat' dir='ltr'>scilicet</span> <span class='ocrx_word' id='word_1_577' title='bbox 1639 2175 1701 2220; x_wconf 87' lang='lat' dir='ltr'>qni</span> <span class='ocrx_word' id='word_1_578' title='bbox 1711 2174 1877 2219; x_wconf 89' lang='lat' dir='ltr'>Spurium</span> <span class='ocrx_word' id='word_1_579' title='bbox 1888 2173 2091 2217; x_wconf 57' lang='lat' dir='ltr'>Maelinnfl)</span> <span class='ocrx_word' id='word_1_580' title='bbox 2102 2170 2286 2204; x_wconf 77' lang='lat' dir='ltr'>interfecit.</span> 
     </span>
    </p>
   </div>
   <div class='ocr_carea' id='block_1_23' title="bbox 1340 2272 2287 2350">
    <p class='ocr_par' dir='ltr' id='par_1_29' title="bbox 1340 2272 2287 2350">
     <span class='ocr_line' id='line_1_100' title="bbox 1340 2272 2287 2309; baseline -0.005 -7"><span class='ocrx_word' id='word_1_581' title='bbox 1340 2279 1403 2307; x_wconf 87' lang='lat'>100)</span> <span class='ocrx_word' id='word_1_582' title='bbox 1426 2278 1463 2303; x_wconf 82' lang='lat' dir='ltr'>Et</span> <span class='ocrx_word' id='word_1_583' title='bbox 1482 2277 1609 2309; x_wconf 75' lang='lat' dir='ltr'>quidem]</span> <span class='ocrx_word' id='word_1_584' title='bbox 1627 2275 1667 2299; x_wconf 83' lang='lat' dir='ltr'>sic</span> <span class='ocrx_word' id='word_1_585' title='bbox 1685 2275 1735 2301; x_wconf 83' lang='lat' dir='ltr'>Ed.</span> <span class='ocrx_word' id='word_1_586' title='bbox 1755 2275 1829 2299; x_wconf 78' lang='lat'>1566.</span> <span class='ocrx_word' id='word_1_587' title='bbox 1849 2276 1877 2299; x_wconf 84' lang='lat' dir='ltr'>et</span> <span class='ocrx_word' id='word_1_588' title='bbox 1894 2274 1945 2305; x_wconf 81' lang='lat' dir='ltr'>al.;</span> <span class='ocrx_word' id='word_1_589' title='bbox 1964 2273 2012 2298; x_wconf 85' lang='lat' dir='ltr'>Ed.</span> <span class='ocrx_word' id='word_1_590' title='bbox 2033 2272 2118 2298; x_wconf 81' lang='lat' dir='ltr'>oren.</span> <span class='ocrx_word' id='word_1_591' title='bbox 2137 2272 2287 2303; x_wconf 72' lang='lat' dir='ltr'>Equidem.</span> 
     </span>
     <span class='ocr_line' id='line_1_101' title="bbox 1340 2320 1551 2350; baseline -0.009 -5"><span class='ocrx_word' id='word_1_592' title='bbox 1340 2323 1368 2350; x_wconf 85' lang='grc' dir='ltr'>Ι)</span> <span class='ocrx_word' id='word_1_593' title='bbox 1386 2321 1446 2345; x_wconf 79' lang='lat' dir='ltr'>Liv.</span> <span class='ocrx_word' id='word_1_594' title='bbox 1466 2321 1492 2349; x_wconf 75' lang='lat'>1,</span> <span class='ocrx_word' id='word_1_595' title='bbox 1509 2320 1551 2344; x_wconf 78' lang='lat'>26.</span> 
     </span>
    </p>
   </div>
   <div class='ocr_carea' id='block_1_24' title="bbox 1339 2360 2054 2393">
    <p class='ocr_par' dir='ltr' id='par_1_30' title="bbox 1339 2360 2054 2393">
     <span class='ocr_line' id='line_1_102' title="bbox 1339 2360 2054 2393; baseline -0.008 -5"><span class='ocrx_word' id='word_1_596' title='bbox 1339 2365 1369 2393; x_wconf 85' lang='lat'>2)</span> <span class='ocrx_word' id='word_1_597' title='bbox 1390 2365 1466 2388; x_wconf 75' lang='lat' dir='ltr'>Tullo</span> <span class='ocrx_word' id='word_1_598' title='bbox 1487 2362 1607 2387; x_wconf 79' lang='lat' dir='ltr'>Hostilio</span> <span class='ocrx_word' id='word_1_599' title='bbox 1625 2368 1650 2386; x_wconf 79' lang='lat' dir='ltr'>a.</span> <span class='ocrx_word' id='word_1_600' title='bbox 1669 2369 1694 2387; x_wconf 90' lang='lat' dir='ltr'>u.</span> <span class='ocrx_word' id='word_1_601' title='bbox 1714 2369 1736 2386; x_wconf 92' lang='lat' dir='ltr'>c.</span> <span class='ocrx_word' id='word_1_602' title='bbox 1755 2361 1895 2386; x_wconf 72' lang='lat'>82—114.</span> <span class='ocrx_word' id='word_1_603' title='bbox 1914 2360 2054 2391; x_wconf 79' lang='lat' dir='ltr'>regnante.</span> 
     </span>
    </p>
   </div>
   <div class='ocr_carea' id='block_1_25' title="bbox 1340 2400 2291 2723">
    <p class='ocr_par' dir='ltr' id='par_1_31' title="bbox 1340 2400 2289 2504">
     <span class='ocr_line' id='line_1_103' title="bbox 1340 2400 2288 2435; baseline -0.008 -4"><span class='ocrx_word' id='word_1_604' title='bbox 1340 2408 1369 2435; x_wconf 86' lang='lat'>3)</span> <span class='ocrx_word' id='word_1_605' title='bbox 1389 2408 1428 2430; x_wconf 74' lang='lat' dir='ltr'>lie</span> <span class='ocrx_word' id='word_1_606' title='bbox 1447 2408 1495 2430; x_wconf 83' lang='lat' dir='ltr'>hac</span> <span class='ocrx_word' id='word_1_607' title='bbox 1515 2406 1621 2429; x_wconf 82' lang='lat' dir='ltr'>sororis</span> <span class='ocrx_word' id='word_1_608' title='bbox 1640 2411 1705 2428; x_wconf 82' lang='lat' dir='ltr'>nece</span> <span class='ocrx_word' id='word_1_609' title='bbox 1723 2408 1749 2428; x_wconf 86' lang='lat' dir='ltr'>et</span> <span class='ocrx_word' id='word_1_610' title='bbox 1768 2404 1875 2428; x_wconf 84' lang='lat' dir='ltr'>iudicio.</span> <span class='ocrx_word' id='word_1_611' title='bbox 1895 2410 1945 2432; x_wconf 80' lang='lat' dir='ltr'>qua</span> <span class='ocrx_word' id='word_1_612' title='bbox 1961 2402 2090 2425; x_wconf 79' lang='lat' dir='ltr'>Horatius</span> <span class='ocrx_word' id='word_1_613' title='bbox 2109 2400 2221 2425; x_wconf 83' lang='lat' dir='ltr'>crimine</span> <span class='ocrx_word' id='word_1_614' title='bbox 2239 2402 2288 2424; x_wconf 79' lang='lat' dir='ltr'>ab·</span> 
     </span>
     <span class='ocr_line' id='line_1_104' title="bbox 1375 2435 2289 2469; baseline -0.007 -5"><span class='ocrx_word' id='word_1_615' title='bbox 1375 2443 1481 2465; x_wconf 84' lang='lat' dir='ltr'>solutus</span> <span class='ocrx_word' id='word_1_616' title='bbox 1502 2444 1554 2467; x_wconf 82' lang='lat' dir='ltr'>est.</span> <span class='ocrx_word' id='word_1_617' title='bbox 1573 2440 1627 2464; x_wconf 83' lang='lat' dir='ltr'>vid.</span> <span class='ocrx_word' id='word_1_618' title='bbox 1647 2443 1757 2469; x_wconf 83' lang='lat' dir='ltr'>praeter</span> <span class='ocrx_word' id='word_1_619' title='bbox 1777 2440 1879 2462; x_wconf 75' lang='lat' dir='ltr'>Livium</span> <span class='ocrx_word' id='word_1_620' title='bbox 1900 2439 1917 2460; x_wconf 93' lang='grc' dir='ltr'>Ι.</span> <span class='ocrx_word' id='word_1_621' title='bbox 1939 2439 1964 2461; x_wconf 89' lang='grc' dir='ltr'><strong>Ι..</strong></span> <span class='ocrx_word' id='word_1_622' title='bbox 1986 2437 2099 2466; x_wconf 64' lang='lat' dir='ltr'>nionys.</span> <span class='ocrx_word' id='word_1_623' title='bbox 2121 2436 2163 2467; x_wconf 87' lang='lat' dir='ltr'>ili,</span> <span class='ocrx_word' id='word_1_624' title='bbox 2183 2435 2224 2459; x_wconf 78' lang='lat'>21.</span> <span class='ocrx_word' id='word_1_625' title='bbox 2246 2435 2289 2458; x_wconf 75' lang='lat'>2².</span> 
     </span>
     <span class='ocr_line' id='line_1_105' title="bbox 1376 2470 2289 2504; baseline -0.008 -5"><span class='ocrx_word' id='word_1_626' title='bbox 1376 2479 1402 2499; x_wconf 84' lang='lat' dir='ltr'>et</span> <span class='ocrx_word' id='word_1_627' title='bbox 1422 2476 1482 2499; x_wconf 79' lang='lat' dir='ltr'>iibri</span> <span class='ocrx_word' id='word_1_628' title='bbox 1501 2476 1527 2498; x_wconf 90' lang='lat' dir='ltr'>in</span> <span class='ocrx_word' id='word_1_629' title='bbox 1548 2475 1649 2504; x_wconf 64' lang='lat' dir='ltr'>Pauly:</span> <span class='ocrx_word' id='word_1_630' title='bbox 1669 2474 1869 2502; x_wconf 70' lang='lat' dir='ltr'>Reai-Eneyci.</span> <span class='ocrx_word' id='word_1_631' title='bbox 1889 2473 1916 2494; x_wconf 89' lang='lat' dir='ltr'>T.</span> <span class='ocrx_word' id='word_1_632' title='bbox 1931 2472 1975 2494; x_wconf 85' lang='lat' dir='ltr'>lii.</span> <span class='ocrx_word' id='word_1_633' title='bbox 1996 2478 2020 2500; x_wconf 76' lang='lat' dir='ltr'>p,</span> <span class='ocrx_word' id='word_1_634' title='bbox 2038 2471 2102 2494; x_wconf 71' lang='lat'>1460</span> <span class='ocrx_word' id='word_1_635' title='bbox 2117 2477 2158 2500; x_wconf 83' lang='lat' dir='ltr'>sq.</span> <span class='ocrx_word' id='word_1_636' title='bbox 2177 2470 2289 2494; x_wconf 75' lang='lat' dir='ltr'>laudati.</span> 
     </span>
    </p>

    <p class='ocr_par' dir='ltr' id='par_1_32' title="bbox 1342 2512 2289 2576">
     <span class='ocr_line' id='line_1_106' title="bbox 1342 2512 2289 2546; baseline -0.008 -4"><span class='ocrx_word' id='word_1_637' title='bbox 1342 2519 1358 2542; x_wconf 83' lang='lat'><strong>3</strong></span> <span class='ocrx_word' id='word_1_638' title='bbox 1372 2520 1397 2546; x_wconf 61' lang='grc'>«1)</span> <span class='ocrx_word' id='word_1_639' title='bbox 1418 2519 1456 2541; x_wconf 86' lang='lat' dir='ltr'>Ti.</span> <span class='ocrx_word' id='word_1_640' title='bbox 1484 2517 1638 2543; x_wconf 75' lang='lat' dir='ltr'>Gracchus,</span> <span class='ocrx_word' id='word_1_641' title='bbox 1665 2518 1758 2546; x_wconf 78' lang='lat' dir='ltr'>pater,</span> <span class='ocrx_word' id='word_1_642' title='bbox 1784 2513 1919 2543; x_wconf 79' lang='lat' dir='ltr'>Scipionis</span> <span class='ocrx_word' id='word_1_643' title='bbox 1938 2513 2060 2536; x_wconf 73' lang='lat' dir='ltr'>Ati-icant</span> <span class='ocrx_word' id='word_1_644' title='bbox 2079 2512 2193 2537; x_wconf 83' lang='lat' dir='ltr'>minoris</span> <span class='ocrx_word' id='word_1_645' title='bbox 2211 2517 2289 2536; x_wconf 80' lang='lat' dir='ltr'>socer</span> 
     </span>
     <span class='ocr_line' id='line_1_107' title="bbox 1377 2549 1840 2576; baseline -0.011 0"><span class='ocrx_word' id='word_1_646' title='bbox 1377 2554 1453 2576; x_wconf 84' lang='lat' dir='ltr'>erat.</span> <span class='ocrx_word' id='word_1_647' title='bbox 1472 2553 1525 2576; x_wconf 77' lang='lat' dir='ltr'>vid.</span> <span class='ocrx_word' id='word_1_648' title='bbox 1546 2551 1600 2575; x_wconf 80' lang='lat' dir='ltr'>Cic.</span> <span class='ocrx_word' id='word_1_649' title='bbox 1617 2550 1692 2574; x_wconf 69' lang='lat' dir='ltr'>Laet.</span> <span class='ocrx_word' id='word_1_650' title='bbox 1714 2549 1763 2574; x_wconf 82' lang='lat'>27.</span> <span class='ocrx_word' id='word_1_651' title='bbox 1785 2549 1840 2572; x_wconf 86' lang='grc'><strong>101.</strong></span> 
     </span>
    </p>

    <p class='ocr_par' dir='ltr' id='par_1_33' title="bbox 1343 2587 2291 2723">
     <span class='ocr_line' id='line_1_108' title="bbox 1343 2587 2288 2624; baseline -0.01 -5"><span class='ocrx_word' id='word_1_652' title='bbox 1343 2597 1374 2624; x_wconf 78' lang='grc'>4)</span> <span class='ocrx_word' id='word_1_653' title='bbox 1394 2595 1533 2622; x_wconf 77' lang='lat' dir='ltr'>Maelium]</span> <span class='ocrx_word' id='word_1_654' title='bbox 1554 2594 1602 2618; x_wconf 74' lang='lat' dir='ltr'>Ed.</span> <span class='ocrx_word' id='word_1_655' title='bbox 1625 2592 1697 2615; x_wconf 79' lang='lat'>1568.</span> <span class='ocrx_word' id='word_1_656' title='bbox 1717 2592 1803 2614; x_wconf 77' lang='lat' dir='ltr'>falso:</span> <span class='ocrx_word' id='word_1_657' title='bbox 1822 2590 1935 2614; x_wconf 81' lang='lat' dir='ltr'>Leiium.</span> <span class='ocrx_word' id='word_1_658' title='bbox 1956 2602 1988 2607; x_wconf 89' lang='lat'><em>-</em></span> <span class='ocrx_word' id='word_1_659' title='bbox 2007 2590 2035 2614; x_wconf 72' lang='grc' dir='ltr'>[ι.</span> <span class='ocrx_word' id='word_1_660' title='bbox 2057 2587 2160 2619; x_wconf 72' lang='lat' dir='ltr'>Quintit</span> <span class='ocrx_word' id='word_1_661' title='bbox 2178 2587 2288 2613; x_wconf 84' lang='lat' dir='ltr'>Cincin-</span> 
     </span>
     <span class='ocr_line' id='line_1_109' title="bbox 1378 2622 2290 2656; baseline -0.008 -4"><span class='ocrx_word' id='word_1_662' title='bbox 1378 2629 1435 2652; x_wconf 86' lang='lat' dir='ltr'>nati</span> <span class='ocrx_word' id='word_1_663' title='bbox 1455 2627 1597 2651; x_wconf 80' lang='lat' dir='ltr'>dictatoris</span> <span class='ocrx_word' id='word_1_664' title='bbox 1616 2627 1711 2649; x_wconf 83' lang='lat' dir='ltr'>iterum</span> <span class='ocrx_word' id='word_1_665' title='bbox 1732 2625 1768 2656; x_wconf 85' lang='lat' dir='ltr'>(a.</span> <span class='ocrx_word' id='word_1_666' title='bbox 1789 2632 1814 2647; x_wconf 88' lang='lat' dir='ltr'>u.</span> <span class='ocrx_word' id='word_1_667' title='bbox 1833 2632 1855 2647; x_wconf 87' lang='lat' dir='ltr'>c.</span> <span class='ocrx_word' id='word_1_668' title='bbox 1874 2624 1948 2655; x_wconf 77' lang='lat'>315.)</span> <span class='ocrx_word' id='word_1_669' title='bbox 1968 2626 2041 2647; x_wconf 83' lang='lat' dir='ltr'>iussu</span> <span class='ocrx_word' id='word_1_670' title='bbox 2062 2623 2193 2653; x_wconf 71' lang='lat' dir='ltr'>magister</span> <span class='ocrx_word' id='word_1_671' title='bbox 2214 2622 2290 2652; x_wconf 80' lang='lat' dir='ltr'>equi-</span> 
     </span>
     <span class='ocr_line' id='line_1_110' title="bbox 1378 2658 2289 2689; baseline -0.009 -2"><span class='ocrx_word' id='word_1_672' title='bbox 1378 2666 1435 2686; x_wconf 91' lang='lat' dir='ltr'>tum</span> <span class='ocrx_word' id='word_1_673' title='bbox 1455 2664 1484 2686; x_wconf 86' lang='lat' dir='ltr'>C.</span> <span class='ocrx_word' id='word_1_674' title='bbox 1504 2662 1638 2686; x_wconf 72' lang='lat' dir='ltr'>servilius</span> <span class='ocrx_word' id='word_1_675' title='bbox 1657 2660 1745 2683; x_wconf 73' lang='lat' dir='ltr'>Ahala</span> <span class='ocrx_word' id='word_1_676' title='bbox 1764 2661 1808 2688; x_wconf 74' lang='lat' dir='ltr'>Sp.</span> <span class='ocrx_word' id='word_1_677' title='bbox 1829 2659 1953 2682; x_wconf 76' lang='lat' dir='ltr'>Maelium</span> <span class='ocrx_word' id='word_1_678' title='bbox 1980 2665 2094 2689; x_wconf 72' lang='lat' dir='ltr'>regnum</span> <span class='ocrx_word' id='word_1_679' title='bbox 2117 2658 2289 2687; x_wconf 82' lang='lat' dir='ltr'>appetentem</span> 
     </span>
     <span class='ocr_line' id='line_1_111' title="bbox 1378 2690 2291 2723; baseline -0.009 -2"><span class='ocrx_word' id='word_1_680' title='bbox 1378 2703 1458 2721; x_wconf 83' lang='lat' dir='ltr'>mauu</span> <span class='ocrx_word' id='word_1_681' title='bbox 1474 2702 1523 2720; x_wconf 81' lang='lat' dir='ltr'>sua</span> <span class='ocrx_word' id='word_1_682' title='bbox 1537 2695 1642 2721; x_wconf 70' lang='lat' dir='ltr'>oceidit,</span> <span class='ocrx_word' id='word_1_683' title='bbox 1654 2694 1707 2718; x_wconf 78' lang='lat' dir='ltr'>vid.</span> <span class='ocrx_word' id='word_1_684' title='bbox 1718 2694 1771 2718; x_wconf 68' lang='lat' dir='ltr'>Cic,</span> <span class='ocrx_word' id='word_1_685' title='bbox 1782 2694 1849 2718; x_wconf 76' lang='lat' dir='ltr'>Cato</span> <span class='ocrx_word' id='word_1_686' title='bbox 1867 2694 1959 2723; x_wconf 76' lang='lat'>16.56‚</span> <span class='ocrx_word' id='word_1_687' title='bbox 1977 2696 2047 2718; x_wconf 78' lang='lat' dir='ltr'>orat.</span> <span class='ocrx_word' id='word_1_688' title='bbox 2061 2693 2087 2716; x_wconf 89' lang='lat' dir='ltr'>in</span> <span class='ocrx_word' id='word_1_689' title='bbox 2101 2692 2182 2716; x_wconf 79' lang='lat' dir='ltr'>Catii.</span> <span class='ocrx_word' id='word_1_690' title='bbox 2197 2691 2220 2720; x_wconf 86' lang='lat'>1,</span> <span class='ocrx_word' id='word_1_691' title='bbox 2231 2692 2255 2721; x_wconf 87' lang='lat'>1,</span> <span class='ocrx_word' id='word_1_692' title='bbox 2265 2690 2291 2714; x_wconf 75' lang='lat'>3.</span> 
     </span>
    </p>
   </div>
  </div>
 </body>
</html>
