2347 3000
241 91 334 126 1071

240 183 471 222 posteaquam
519 174 555 206 iu
604 173 682 205 foro
732 182 806 203 non
848 169 1053 211 agebantur
1089 181 1227 204 causae.

815 83 937 119 PHIL.
971 82 1084 119 MEL.
1125 82 1327 121 SCRJPTA
1359 89 1696 128 PHILOLOGICA.

2171 99 2269 136 1072

1382 178 1473 212 Nam
1502 181 1587 225 quod
1613 180 1730 224 leyem]
1766 179 1799 214 1.
1824 179 1887 214 Est
1920 187 2091 227 tanquam
2121 183 2266 219 dilutio:

241 231 331 262 Nam
355 226 452 272 quod]
482 223 637 268 Philipp.
657 218 911 255 Melanrlitlion
935 232 1040 264 supra
1068 222 1230 265 exposuit
1283 226 1339 259 Tu
1356 227 1492 269 obiicis,
1520 231 1615 275 quod
1642 231 1782 263 tulerim
1806 231 1917 275 legem
1937 234 1979 265 de
1998 233 2146 275 ambitu,
2173 247 2268 269 nunc

242 291 363 311 causas
385 283 566 320 susceptae
591 272 824 312 defensionis,
861 271 950 304 sicut
978 272 1016 304 fit
1039 271 1075 303 in
1102 273 1228 305 confir-

243 331 394 368 mando,
830 328 1037 365 argumenta
1070 322 1228 363 Catonis,

243 393 395 426 quorum
414 379 511 423 prius
530 375 594 409 1101·
611 375 692 408 fuit:
722 375 804 408 Non
822 373 960 406 xidetur
984 373 1049 407 sibi
1067 381 1227 408 constare

243 433 388 469 Cicero,
416 430 474 474 qui
502 439 621 461 severe
647 425 727 459 tulit
751 426 862 469 legem
890 426 932 456 de
957 425 1105 465 ambitu,
1134 438 1227 458 nunc

243 482 399 516 defendit
434 492 533 512 reum
568 478 732 510 ambitus.
810 476 933 508 Cicero
976 482 1068 508 recte
1107 477 1226 509 diluit:

242 535 334 575 Lege
359 533 427 564 lata
454 529 653 574 improbavi
677 527 870 566 ambitum,
905 539 969 559 1100
994 539 1087 560 1111110
1114 528 1227 571 probo

243 584 429 621 ambitum,
457 582 539 626 qnia
567 592 640 613 non
665 580 835 612 confiteor
860 578 1006 617 crimen,
1032 578 1138 622 igitur
1156 590 1229 611 non

242 646 361 681 pugno
386 646 524 666 1110011111
553 631 643 675 ipse;
679 637 762 663 tunc
784 642 981 674 pugnarem
1006 642 1166 669 mecum,
1201 629 1229 663 si

241 687 375 720 crimen
414 686 546 717 faterer
586 689 619 715 et
653 682 877 715 defenderem
917 678 1063 713 honeste
1098 681 1228 713 factum

242 750 326 772 esse.
380 736 449 769 Sed
469 733 563 768 1111110
598 734 716 766 10011111
749 732 941 775 gratiorem
976 732 1081 764 eflicit
1103 732 1228 765 allusio

243 791 287 822 ad
316 789 432 820 locum
458 797 696 819 communem.
749 783 910 828 Opponit
927 783 1019 815 enim
1040 783 1107 826 legi
1124 783 1229 815 aliam

243 841 376 884 legem,
403 837 585 876 videlieet,
612 833 845 869 humanitatis
871 846 943 867 esse
971 835 1158 867 defendere
1178 834 1230 867 in-

242 897 442 924 nocentem.
495 888 586 921 Huic
603 887 670 930 legi
691 886 736 919 ait
755 898 790 919 se
808 897 952 929 parere,
981 892 1015 918 et
1030 892 1136 929 negat
1151 898 1229 919 eam

248 954 406 987 pugnare
430 953 509 973 011111
535 940 610 982 lege
636 940 678 971 de
703 937 850 970 ambitu.
902 937 1021 969 Altera
1052 937 1230 969 cavillatio

245 993 391 1027 Catonis
415 998 482 1025 est:
518 990 641 1023 Cicero
670 995 772 1021 antea
799 999 918 1021 severe
944 988 1049 1030 gessit
1072 989 1231 1022 consula—

244 1051 341 1082 tum,
377 1054 471 1075 nunc
502 1047 649 1085 propter
678 1037 771 1072 lianc
802 1038 986 1071 lenitatem
1011 1039 1152 1071 videtur
1178 1039 1231 1072 sni

243 1094 443 1133 dissimilis,
472 1104 555 1135 ergo
580 1090 732 1134 turpiter
755 1089 838 1133 agit.
893 1089 1015 1122 Cicero
1040 1091 1232 1134 respondet

243 1145 430 1180 dissimiles
457 1156 528 1177 esse
555 1153 694 1181 causas,
734 1153 797 1173 cnr
819 1146 921 1172 antea
946 1140 1053 1174 suerit
1077 1153 1231 1180 severus,

244 1209 338 1230 nunc
354 1207 439 1228 vero
456 1195 557 1228 lenis.
620 1192 787 1237 Sequitur
804 1191 841 1223 in
858 1192 1003 1224 exordio
1022 1192 1122 1237 quasi
1138 1204 1231 1225 nova

244 1246 498 1281 controversia.
551 1244 634 1277 Dixi
665 1243 759 1276 enirn
787 1255 914 1287 supra,
949 1241 1016 1275 1100
1047 1243 1232 1276 exordium

243 1296 409 1332 nonnihil
434 1296 601 1330 dissimile
620 1295 772 1327 aliorum
791 1306 875 1328 esse.
927 1293 1080 1327 Excusat
1097 1295 1232 1334 Servio,

247 1350 344 1395 quod
371 1354 494 1382 contra
519 1347 655 1392 ipsum,
683 1358 762 1379 cum
791 1345 935 1390 quidem
962 1346 993 1378 ei
1019 1346 1063 1379 sit
1087 1345 1233 1385 1111110115,

247 1402 285 1434 111
310 1400 440 1433 111111οἰ0
464 1398 614 1431 venerit.
666 1397 937 1440 Propositio
965 1403 1031 1430 est:
1060 1396 1142 1430 Non
1168 1397 1234 1429 feci

245 1458 370 1486 contra
395 1450 571 1484 amicitiae
593 1449 684 1482 iura.
738 1447 886 1481 Prima
919 1448 1010 1481 ratio
1045 1448 1088 1481 ab
1117 1447 1232 1480 officio

245 1503 367 1536 amici:
406 1501 550 1534 Amicos
582 1500 750 1532 adiuvare
788 1499 955 1532 debemus
988 1499 1062 1532 sine
1094 1499 1233 1532 iniuriis

244 1555 415 1588 aliorum:
445 1565 528 1596 ergo
554 1558 586 1584 te
613 1550 734 1584 adiuvi
758 1550 950 1594 tantisper,
984 1551 1097 1583 (101100
1119 1549 1233 1583 hono-

244 1617 321 1638 rem
346 1604 506 1648 petebas;
548 1614 643 1635 nune
673 1614 751 1634 cum
776 1601 1002 1634 innocentem
1026 1602 1078 1634 vis
1114 1601 1234 1645 oppri-

246 1667 362 1695 mere,
395 1666 470 1687 non
495 1654 604 1686 debeo
632 1659 665 1685 te
692 1652 878 1685 adiuvare:
914 1652 1021 1695 igitur
1054 1650 1144 1685 1111111
1169 1651 1234 1684 feci

247 1713 371 1741 contra
415 1705 621 1738 amicitiam.
701 1703 823 1736 Cicero
861 1703 997 1735 maiore
1040 1702 1235 1747 syllogismi

248 1757 377 1792 omissa
401 1757 577 1789 minorem
604 1754 722 1798 ponit,
749 1755 809 1787 sed
832 1754 948 1787 1011115
967 1754 1150 1799 aliquanto
1169 1753 1235 1786 mi-

250 1808 413 1843 tioribus.
465 1807 668 1840 Secunda
700 1805 791 1837 ratio
815 1811 954 1848 sumpta
974 1811 1024 1838 est
1041 1818 1081 1838 ex
1099 1805 1234 1838 maiore

249 1873 269 1894 a
291 1858 473 1893 communi
495 1857 610 1890 officio
633 1856 864 1890 defensionis:
892 1855 992 1889 Licet
1007 1863 1129 1889 contra
1149 1856 1236 1888 ami-

249 1923 307 1945 005
337 1910 524 1943 defendere
556 1908 662 1941 etiam
702 1907 952 1940 alienissimos:
1000 1920 1083 1951 ergo
1122 1907 1234 1940 multo

247 1962 360 2006 magis
384 1961 527 1994 amicos.
580 1958 718 1991 Deinde
746 1959 844 1991 addit
868 1960 910 1991 de
936 1958 1110 1998 amicitia,
1147 1970 1235 2003 qnae

251 2014 283 2046 ei
316 2018 367 2045 est
397 2024 476 2044 cum
506 2009 670 2042 Murena.
725 2009 883 2042 Tertia
915 2010 1006 2042 ratio
1042 2010 1085 2042 ab
1121 2009 1236 2041 officio

250 2063 432 2097 causidici:
460 2061 513 2094 Ex
539 2060 654 2094 officio
682 2072 789 2104 cogor
811 2061 968 2104 recipere
987 2073 1146 2093 causam:
1175 2060 1238 2103 igi-

250 2122 308 2149 tur
339 2126 414 2147 non
447 2112 538 2145 facio
574 2110 736 2155 turpiter.
790 2112 854 2144 Sed
890 2110 956 2143 boc
989 2117 1236 2154 argumentum

251 2171 357 2210 auget
391 2163 665 2208 amplificatione
698 2163 946 2206 turpitudinis,
987 2164 1069 2194 dmn
1107 2162 1237 2205 colligit

250 2218 353 2262 plura
378 2215 483 2254 111111,
513 2226 665 2258 quorum
683 2214 823 2246 videtur
840 2214 1019 2247 subiturus
1043 2213 1238 2251 infamiam,

249 2269 277 2302 si
322 2267 450 2300 omisso
493 2265 608 2297 officio
652 2277 714 2298 suo
765 2266 850 2298 tales

253 2320 425 2364 Quarta
458 2316 550 2349 ratio
575 2323 715 2360 sumpta
743 2323 794 2349 est
817 2317 860 2348 ab
888 2316 1048 2360 exemplo
1079 2316 1240 2348 iurecon-

253 2372 448 2408 sultornm,
483 2367 544 2412 qui
569 2367 654 2399 olim
686 2367 828 2412 utrique
858 2367 951 2411 parti
977 2367 1241 2412 respondebant

253 2423 294 2454 de
332 2421 424 2454 iure:
468 2430 551 2461 ergo
589 2418 670 2451 lieet
712 2418 848 2451 oratori
884 2418 1016 2452 amicos
1053 2419 1239 2451 defendere

257 2479 379 2505 contra
417 2470 523 2508 alios,
565 2469 627 2513 qni
666 2469 770 2502 amici
811 2469 988 2502 videntur.
1068 2469 1240 2514 Quinta

255 2529 394 2566 sumpta
422 2528 472 2553 est
497 2519 603 2552 etiam
630 2521 673 2553 ab
693 2521 852 2565 exemplo
872 2521 1044 2560 aliorum,
1083 2520 1242 2565 quiade-

255 2580 337 2607 rant
370 2573 561 2610 Murenae,
611 2577 644 2603 et
680 2569 763 2604 111110
803 2572 907 2604 efficit
945 2572 1157 2604 absurdum:
1206 2570 1241 2604 Si

255 2624 321 2658 1105
345 2634 485 2669 quoqne
512 2627 571 2652 tua
600 2622 753 2655 amicitia
778 2623 984 2656 removisset
1002 2635 1019 2654 a
1039 2622 1241 2655 defensione

259 2677 449 2713 Murenae,
485 2672 634 2706 Murena
660 2673 840 2707 neminem
866 2672 1014 2707 baberet
1038 2681 1241 2718 patronum.

439 340 533 360 nunc
569 325 672 357 diluit
715 324 785 356 duo

899 2277 1019 2298 causas
1066 2265 1267 2308 1·epudiet.'

1283 278 1469 312 defendam
1502 281 1687 314 ambitum.
1762 282 1992 327 Respondeo:
2032 284 2166 318 Verum
2201 294 2265 327 est,

1283 330 1377 373 qnod
1405 331 1480 364 tuli.
1533 331 1601 365 Sed
1626 332 1693 364 alia
1719 332 1772 365 lex
1796 341 1864 374 est,
1904 347 1994 380 quae
2016 348 2072 368 me
2095 343 2199 370 vocat
2221 339 2268 372 ad

1283 381 1542 422 defensionem,
1571 383 1643 415 imo
1669 383 1819 417 facerem
1846 392 1968 418 contra
1993 386 2106 430 legem
2131 388 2174 420 de
2195 400 2270 422 am-

1281 431 1378 472 bitu,
1406 433 1432 466 si
1457 435 1643 467 confiterer
1666 434 1754 467 bene
1769 436 1899 469 factum
1919 448 2002 471 0550.
2057 438 2156 482 Nego
2173 439 2269 473 enim

1284 494 1363 515 eum
1380 496 1480 517 reum
1500 497 1572 518 esse
1589 485 1759 519 ambitus:
1790 486 1897 529 igitur
1912 500 1986 520 non
2000 489 2150 533 turpiter
2164 490 2270 525 facio.

1282 533 1405 567 Habeo
1428 536 1560 579 legem,
1588 536 1644 569 cui
1666 548 1795 580 pareo;
1823 536 1909 571 llaec
1933 551 2007 572 non
2030 547 2164 584 pugnat
2190 554 2270 575 cum

1282 585 1358 629 lege
1385 587 1427 619 de
1451 587 1606 627 ambitu,
1634 588 1717 632 quia
1742 588 1893 621 Murena
1919 602 1993 623 non
2020 597 2071 624 est
2093 599 2269 627 mercatus

1283 638 1451 682 suffragia
1474 638 1676 681 largitione.
1781 676 1784 680 Α

1386 688 1415 733 ᾗ.
1438 689 1472 723 6.
1500 692 1569 723 Pro
1599 691 1750 724 Murena
1766 689 1812 737 ³⁰)
1841 692 1967 736 dicere]
2000 694 2035 727 2.
2061 691 2269 728 Cavsslatio:

1284 738 1387 773 Tunc
1418 740 1470 773 fni
1499 753 1660 781 severus,
1695 754 1775 774 cnm
1805 748 1881 775 erat
1915 744 1983 776 alia
2017 756 2142 784 eausa,
2175 757 2272 778 nune

1284 803 1369 824 vero
1386 792 1474 825 lenis
1493 793 1571 826 sim.
1675 794 1769 827 Mihi
1791 795 1946 836 ‘Imposita
1955 794 2017 840 ⁴⁰)]
2044 795 2188 829 Tribuit
2203 795 2272 830 sihi

1285 842 1529 884 clementiam,
1574 848 1608 875 et
1647 843 1733 876 dicit
1772 856 1856 877 suae
1886 852 2036 878 naturae
2070 846 2271 890 proprium.

1284 895 1484 928 Prudenter
1509 895 1643 927 dictum
1669 901 1739 935 est,
1767 896 1863 940 quod
1886 896 1992 936 illud,
2021 898 2117 941 qnod
2142 904 2194 932 est
2218 898 2273 931 in-

1285 944 1477 979 humanius
1515 952 1550 979 et
1583 945 1759 989 asperius,
1803 948 1969 980 transfert
2005 948 2088 982 alio.
2189 951 2271 983 Non

1285 1010 1384 1043 (ptam
1408 998 1568 1041 volebam]
1597 995 1661 1028 Illa
1692 1008 1712 1029 a
1744 998 1912 1040 prudenti
1945 998 2075 1031 lectore
2107 999 2270 1044 intelligi,

1286 1061 1360 1081 non
1389 1047 1506 1082 verbis
1535 1047 1703 1092 explicari
1729 1053 1889 1091 possunt.
2003 1051 2122 1090 Nunc,
2153 1051 2270 1096 quum]

1284 1100 1316 1132 A
1333 1098 1445 1133 causis
1463 1105 1604 1143 sumpta
1618 1098 1763 1131 dilutio:
1792 1098 1892 1130 Aliae
1913 1110 2036 1133 causae
2056 1106 2141 1134 tunc
2157 1108 2271 1141 erant,

1286 1164 1380 1184 1111110
1404 1150 1472 1182 alia
1496 1162 1598 1183 cansa
1624 1156 1686 1183 est.

1390 1200 1419 1245 ἓ.
1436 1202 1469 1235 7.
1487 1201 1746 1245 Neyliyendum]
1760 1199 1980 1244 Propositio:
1998 1199 2154 1235 Accusor
2171 1202 2272 1238 falso.

1285 1252 1413 1286 Inserit
1435 1253 1553 1285 locum
1580 1263 1826 1291 communem,
1862 1253 1959 1296 quod
1985 1252 2100 1286 bonus
2125 1253 2180 1286 vir
2205 1253 2272 1287 irn-

1286 1304 1411 1349 primis
1436 1305 1599 1337 laborare
1624 1303 1768 1341 debeat,
1795 1308 1835 1335 ut
1854 1300 2002 1336 honeste
2028 1303 2192 1338 videatur
2215 1317 2273 1338 οο-

1286 1357 1358 1389 lere
1385 1356 1462 1389 iura
1486 1354 1674 1388 amicitiae.
1726 1353 1848 1386 Prima
1872 1354 1965 1387 ratio
1990 1361 2057 1387 est:
2086 1354 2168 1389 Non
2191 1367 2273 1400 pos—

1287 1420 1364 1441 sum
1383 1413 1415 1440 te
1431 1407 1501 1439 iam
1520 1405 1701 1439 adiuvare.
1753 1404 1845 1438 Bam
1863 1403 2050 1439 honesturn
2076 1413 2128 1440 est
2150 1407 2273 1441 amicis

1289 1458 1476 1503 opitulari,
1511 1457 1685 1501 tantisper
1716 1455 1829 1488 donec
1858 1469 1912 1490 res
1944 1464 2141 1502 quaerunt,
2184 1469 2273 1504 quas

1286 1515 1435 1555 possunt
1466 1509 1626 1542 obtinere
1657 1507 1732 1541 sine
1767 1514 1922 1540 extrema
1953 1508 2108 1552 pernicie
2135 1521 2196 1543 seu
2219 1509 2274 1542 in-

1287 1561 1387 1595 iuriis
1419 1561 1584 1593 aliorum.
1657 1559 1726 1592 Sed
1757 1557 1985 1592 inhonestum
2016 1566 2066 1593 est
2095 1560 2201 1593 etiam
2235 1561 2273 1594 in

1287 1613 1378 1646 iusta
1411 1624 1515 1645 causa
1547 1612 1667 1643 adesse
1702 1609 1816 1641 amico
1848 1622 1985 1642 morem
2017 1611 2153 1653 gerenti
2177 1612 2274 1652 odio,

1289 1670 1322 1696 et
1346 1662 1502 1706 cupienti
1530 1661 1631 1693 alteri
1655 1660 1790 1704 eripere
1815 1661 1936 1694 vitam.
1988 1660 2070 1694 Non
2089 1667 2161 1694 tam
2179 1663 2273 1696 clare

1288 1715 1347 1747 illa
1371 1713 1477 1752 dixit,
1506 1712 1586 1757 quia
1612 1711 1726 1756 parcit
1747 1711 1911 1755 dignitati
1935 1712 2068 1751 Serxii,
2097 1725 2175 1745 cum
2202 1725 2274 1759 quo

1288 1765 1354 1799 sibi
1369 1776 1497 1807 magna
1514 1763 1581 1796 suit
1598 1762 1830 1796 familiaritas.
1883 1762 1989 1795 Aliud
2007 1770 2274 1805 argumentum:

1290 1816 1439 1850 Crudele
1473 1821 1523 1848 est
1544 1814 1712 1847 adiuvare
1743 1813 1895 1853 amicos,
1931 1813 2069 1847 etiamsi
2107 1814 2144 1847 in
2178 1815 2275 1849 bona

1290 1879 1394 1900 causa
1428 1866 1539 1899 velint
1566 1865 1644 1898 aliis
1668 1865 1803 1908 eripere
1835 1864 1944 1897 vitam
1967 1877 2027 1898 seu
2053 1865 2275 1909 dignitatem,

1288 1919 1382 1953 Nam
1414 1917 1471 1949 ille
1504 1917 1759 1949 condemnatus
1789 1916 1941 1949 ambitus
1965 1916 2087 1950 fnisset
2112 1917 2276 1961 expulsus

1290 1970 1396 2008 urbe,
1425 1974 1458 2000 et
1485 1968 1572 2000 illud
1596 1967 1738 2000 exilium
1762 1973 1812 2000 est
1837 1967 1998 2011 capitale.
2104 1968 2276 2014 Gratioso]

1292 2019 1477 2054 Gratiosus
1490 2046 1498 2058 ,
1527 2019 1586 2064 qui
1609 2019 1660 2051 iux
1672 2025 1707 2050 at
1724 2019 1811 2051 alios
1827 2018 1863 2050 in
1879 2019 2108 2062 suffragando
2127 2026 2276 2064 propter

1291 2084 1391 2106 suam
1419 2071 1590 2114 gratiam,
1619 2069 1678 2114 qui
1705 2076 1753 2102 est
1778 2070 1814 2101 in
1831 2082 1957 2113 magna
1977 2070 2088 2113 gratia
2109 2071 2276 2111 aliorum,

1292 2124 1354 2155 der
1373 2122 1477 2154 einen
1493 2119 1636 2165 anhang
1652 2119 1723 2154 liat.
1778 2121 1920 2154 Passive
1945 2121 2128 2165 significat.
2233 2124 2277 2156 Et

1292 2175 1375 2207 illud
1386 2172 1444 2219 Π)]
1467 2172 1603 2205 Alludit
1621 2173 1662 2204 ad
1679 2172 1838 2216 superius
1857 2178 2117 2215 argumentum,
2144 2171 2173 2206 si
2189 2179 2278 2206 esset

1292 2237 1348 2258 res
1371 2236 1502 2268 parva,
1536 2236 1610 2256 non
1634 2224 1859 2256 defenderem
1883 2229 2004 2256 contra
2031 2229 2076 2256 te.
2178 2225 2279 2258 Nzlu'l

1292 2276 1423 2320 debere]
1451 2276 1651 2308 Secundum
1680 2281 1927 2318 argumentum
1956 2287 1997 2307 ex
2020 2273 2171 2308 maiore:
2207 2274 2278 2309 De-

1293 2326 1405 2360 fensio
1434 2326 1519 2359 iuris
1548 2332 1598 2359 est
1622 2326 1786 2359 omnibus
1812 2338 1988 2359 concessa.

1397 2376 1549 2421 Cap.IV.
1566 2375 1595 2421 ἓ
1611 2377 1644 2411 8.
1668 2379 1849 2422 obruetur]
1866 2375 1932 2409 hoc
1949 2382 2011 2416 est,
2024 2387 2101 2409 mea
2121 2376 2277 2411 amicitia

1295 2441 1367 2462 non
1394 2436 1582 2473 propterea
1610 2429 1780 2461 obruetur
1806 2440 1825 2461 a
1849 2427 1991 2466 Servio,
2019 2428 2115 2472 qnod
2134 2427 2277 2464 Servius

1295 2487 1481 2524 superatus
1507 2486 1558 2513 est
1582 2492 1600 2512 a
1624 2480 1775 2512 Murena
1807 2479 1843 2511 in
1870 2478 2041 2523 petitione
2063 2479 2277 2516 consulatus.

1329 2605 1378 2632 39)
1398 2604 1538 2633 Murena]
1557 2603 1598 2627 sic
1615 2603 1663 2627 Ed.
1685 2602 1776 2633 1568.;
1794 2602 1843 2627 Ed.
1864 2602 1949 2627 orell.
1968 2603 2002 2628 L.
2021 2602 2156 2630 Murena.

1332 2648 1381 2675 40)
1402 2648 1552 2679 imposita]
1573 2647 1612 2670 sic
1632 2645 1678 2670 Ed.
1700 2646 1789 2676 1568.;
1809 2646 1858 2669 Ed.
1879 2646 1966 2670 oren.
1985 2646 2156 2677 impositam.

1332 2691 1380 2717 41)
1400 2691 1439 2715 Et
1458 2690 1548 2719 iLlud]
1568 2690 1608 2713 sic
1626 2688 1675 2712 Ed.
1696 2688 1788 2719 1568.;
1806 2688 1856 2714 Ed.
1877 2688 1962 2713 Orell.
1980 2689 2060 2715 Abiit
2078 2690 2160 2715 illud.
