2347 3000
70 120 145 157 949
364 119 423 155 lx.
482 117 767 155 ENARRATIO
810 116 1072 153 ORATIONIS

67 207 139 241 mei
166 207 299 240 laboris
313 233 321 246 ,
349 207 415 240 suit
440 203 528 239 mihi
544 206 711 238 acerbum
730 217 848 239 carere
865 203 931 238 1105
950 204 1058 239 50510.

69 258 331 293 Conclusio:
360 257 457 301 Ergo
479 263 514 290 et
538 254 626 289 mihi
653 269 753 290 meae
779 257 949 302 pristinae
967 256 1060 289 vitae

69 310 360 344 consuetudinem
374 308 548 342 C.Caesar
564 308 747 352 aperuisti,
764 307 831 342 1105
848 307 1059 349 551,1“5(1(1110

70 362 242 395 Marcello
254 362 360 395 redeo
375 361 419 393 ad
431 366 585 393 veterem
601 360 740 393 dicendi
755 360 1060 395 consuetudinem.

71 413 117 447 Et
141 413 283 446 additur
312 411 583 451 translatio,
619 413 714 458 quod
741 413 875 446 fructus
900 409 1059 445 beneficii

72 464 250 510 pertineat
274 465 318 496 ad
349 463 626 508 rempublicam,
663 464 743 509 quia
780 464 943 498 restituto
966 462 1061 495 Mar-

73 516 160 549 cello
193 527 315 549 omnes
348 516 434 548 boni
464 515 531 547 viri
568 515 735 548 videbant
767 516 953 549 Caesarem
986 515 1061 547 sore

72 567 279 600 clementem
292 594 301 607 ,
329 573 363 600 et
385 567 575 612 sperabant
596 567 853 611 rempublicam
871 568 946 599 sore
966 572 1063 598 tran-

72 618 232 664 quillam.
286 618 441 652 Ratio:
471 618 537 652 Hic
562 619 721 652 videmus
746 625 777 651 tc
803 624 964 651 senatum
986 616 1063 661 plu-

71 670 154 702 rimi
181 671 314 710 sacere,
351 683 430 703 cum
464 671 550 704 tales
577 670 668 703 cives
691 669 859 703 restituis.
918 667 1063 701 Accedit

73 719 371 766 epiphonema
406 722 557 755 relatum
592 723 634 754 ad
668 733 857 766 personam
885 719 1061 753 Mart-elli:

71 771 134 805 Ille
164 774 317 807 fructum
350 773 545 806 maximum
586 773 677 816 cepit
694 772 758 818 46),
797 770 862 805 1105
887 778 957 811 est⁷
995 769 1062 803 hoc

73 825 227 858 maxime
245 825 439 869 gloriosum
465 831 515 857 est
531 823 721 862 Marcello,
750 825 844 868 qnod
870 837 887 855 a
915 829 947 855 te
974 821 1063 855 tanti

73 876 122 909 fit.
202 876 309 908 Ratio
346 888 387 908 ex
411 875 582 919 dignitate
616 874 798 913 Marcelli,
843 874 923 920 quia
952 873 1063 907 virtus

73 928 147 960 eius
179 933 334 960 meretur
366 925 458 960 hunc
490 925 687 965 honorem,
728 927 821 971 quod
855 925 999 971 quidem
1032 925 1063 957 ei

73 978 203 1011 :merito
236 984 342 1023 atque
373 978 510 1022 optimo
546 978 620 1011 iure
655 977 823 1021 contigit,
861 984 924 1010 etc.
989 976 1063 1008 Hae

72 1035 155 1063 sunt
177 1029 313 1062 exordii
346 1036 479 1073 partes,
514 1041 623 1074 usque
656 1029 699 1061 ad
733 1027 824 1061 banc
856 1029 1062 1073 periodum:

73 1079 214 1115 Nullius
242 1087 291 1114 est
317 1087 454 1113 tantum
486 1080 619 1114 flumen
647 1080 799 1123 ingenii,
835 1087 897 1114 515.
952 1079 1063 1123 Saepe

75 1139 126 1166 est
151 1133 359 1176 relegendus
384 1132 527 1171 Cicero,
565 1139 597 1165 et
621 1138 738 1176 partes
770 1144 892 1165 omnes
916 1130 982 1164 hoc
1008 1143 1064 1162 or-

75 1184 159 1217 dine
200 1184 404 1229 propositae
434 1184 723 1217 considet-andro.
788 1182 835 1216 lta
871 1195 923 1215 res
960 1183 1064 1226 plane

73 1236 304 1280 intelligetur,
329 1242 361 1269 et
379 1235 531 1280 perspici
548 1235 731 1269 consilium
752 1234 905 1268 oratoris
923 1234 1064 1279 poterit.

73 1287 213 1322 Deinde
231 1294 279 1321 est
300 1288 573 1325 observandum,
603 1287 730 1333 quibus
750 1286 970 1319 ornamentis
989 1297 1065 1317 ver-

74 1341 202 1373 borum
238 1339 273 1371 in
306 1340 452 1383 singulis
482 1339 640 1383 partibus
665 1351 746 1372 usus
770 1339 824 1371 sit.
878 1338 918 1371 Et
950 1337 1064 1381 imago

74 1389 182 1425 huius
214 1392 388 1425 orationis
425 1390 651 1424 inanimum
685 1390 894 1423 1115111(Ι511(111
925 1395 992 1428 551,
1029 1395 1066 1421 ut

76 1456 156 1476 cnm
183 1450 216 1476 51
238 1456 301 1477 nos
319 1444 529 1501 5511115111115,
558 1456 575 1475 1
580 1455 633 1475 11111
663 1442 758 1475 111111(
764 1442 791 1474 11
811 1448 916 1486 atque
934 1441 952 1472 1
975 1440 1020 1472 111
1025 1440 1064 1472 ui

72 1495 261 1540 possimus.

179 1547 314 1581 Nulla
307 1560 341 1580 111
368 1545 434 1580 11115
457 1547 619 1580 oratione
646 1545 805 1579 narratio
832 1551 893 1581 551,
921 1544 979 1577 sed
1001 1555 1065 1587 pro

76 1599 284 1632 narratione
316 1612 337 1643 p
349 1611 366 1631 r
377 1612 397 1631 0
406 1612 427 1642 p
438 1612 458 1631 0
470 1598 577 1631 sitio
604 1604 655 1631 est
665 1625 672 1635 ,

77 1651 271 1684 rationem:
310 1650 460 1693 Magnas
483 1662 537 1683 res
562 1649 654 1682 bello
683 1648 836 1692 gessisti,
873 1649 929 1681 sed
959 1647 1065 1679 xincit

76 1702 154 1736 illas
178 1703 312 1741 laudes,
338 1699 426 1734 haec
450 1702 527 1735 laus
552 1698 716 1734 hodierni
744 1700 917 1734 beneficii.
973 1698 1067 1732 Haec

77 1761 129 1788 est.
153 1753 360 1799 principalis
384 1765 485 1786 causa
500 1780 507 1793 ,
537 1759 571 1786 et
587 1752 786 1797 propositio
806 1750 911 1785 linitis
929 1763 1067 1787 causae,

77 1807 123 1839 ad
139 1818 246 1851 quam
264 1804 382 1838 omnia
401 1811 608 1848 argumenta
627 1805 811 1837 referenda
830 1810 922 1837 sunt.
975 1803 1066 1836 lNam

78 1858 116 1890 in
144 1857 309 1890 omnibus
341 1856 454 1889 causis
485 1862 578 1888 certa
617 1855 733 1900 aliqua
761 1854 958 1899 propositio
986 1866 1068 1886 con-

79 1909 175 1944 stitui
202 1909 308 1945 solet,
338 1908 373 1940 in
400 1920 468 1953 qua
496 1907 546 1939 rei
573 1919 710 1940 summa
738 1907 839 1940 inest.
894 1904 1068 1938 Rlietores

79 1974 154 1994 1011
159 1967 209 1993 1111
226 1966 355 1993 statum
374 1972 401 1991 51
405 1971 510 1992 1115115.
549 1958 669 2003 Quam
688 1955 796 1991 (11111
788 1957 851 2002 ipsi
871 1957 1069 1992 scribimus

80 2019 162 2046 ante
187 2011 307 2045 omnia
334 2010 564 2055 principalem
591 2010 699 2043 totius
716 2009 765 2042 rei
786 2008 1067 2053 propositionem

80 2065 118 2097 in
144 2064 264 2096 animo
289 2062 503 2096 constituere
527 2062 706 2095 debemus.
759 2060 902 2106 Alioqui
931 2072 1070 2104 semper

80 2128 137 2150 err
141 2115 215 2149 ’11111
239 2114 379 2148 animus
401 2114 567 2153 incertus,
595 2125 658 2145 nec
685 2125 756 2158 quo
781 2125 815 2146 se
842 2114 942 2145 1·5“·1151
939 2118 983 2150 ’,11
1008 2109 1070 2143 1111-

79 2167 186 2202 bebit.
248 2166 388 2200 Eruditi
422 2163 584 2198 homines
614 2177 717 2209 saepe
750 2170 879 2197 vocant
912 2175 1071 2207 scopum,

83 2219 167 2266 quia
200 2217 397 2263 propositio
430 2217 569 2260 signum
602 2223 671 2255 est,
720 2217 761 2249 ad
797 2216 893 2261 quod
924 2215 1071 2259 perinde

81 2270 246 2314 dirigitur
270 2269 386 2303 omnis
414 2268 525 2301 animi
547 2267 736 2312 cogitatio,
764 2274 803 2300 ut
826 2268 869 2300 ad
887 2267 1069 2311 scopulum

81 2322 207 2356 iacula.
261 2322 440 2355 Hactenus
465 2326 603 2353 tantum
636 2321 678 2352 de
708 2319 833 2352 ordine
866 2331 985 2352 rerum
1012 2319 1072 2351 ad-

81 2373 224 2413 monui,
247 2374 320 2407 vsed
344 2373 451 2405 verba
476 2372 583 2405 etiam
601 2371 820 2405 observanda
846 2377 938 2404 sunt.
990 2369 1073 2403 Elo-

85 2424 237 2458 cutionis
262 2430 470 2458 ornamenta
498 2423 634 2467 egregia
662 2421 718 2455 hic
743 2429 835 2456 sunt.
889 2422 971 2457 Non
988 2421 1073 2454 dicit

85 2476 305 2520 simpliciter:
333 2476 484 2519 Magnas
507 2487 561 2509 res
586 2474 718 2519 gessisti
745 2474 893 2513 Caesar,
921 2474 979 2507 sed
999 2486 1072 2506 am-

84 2528 232 2573 plificat:
264 2527 402 2561 Nullius
433 2533 483 2560 est
511 2533 648 2560 tantum.
682 2526 813 2559 flumen
850 2525 981 2569 ingenii
1009 2531 1071 2558 etc.

86 2592 149 2624 per
168 2576 371 2614 ἀδύνατον.
423 2579 590 2624 Sequitur
615 2578 805 2611 confirm
821 2577 924 2610 atio.
978 2576 1073 2609 Haec

86 2631 174 2664 solet
205 2642 276 2664 esse
309 2629 410 2663 tertia
440 2642 522 2674 pars
554 2634 588 2664 iu
622 2630 776 2675 qualibet
812 2628 995 2665 oratione,
1039 2628 1072 2660 in

707 1597 892 1630 continens
924 1608 1066 1639 compa-

123 2749 168 2781 46)
188 2750 273 2779 cepit]
294 2749 341 2774 Ed.
365 2749 437 2775 ¹568.
459 2750 554 2779 coepit.

1114 116 1365 153 CICERONIS
1406 116 1504 151 PRO
1540 116 1818 152 MARCELLO.
2036 118 2112 154 950

1115 217 1183 249 qua
1225 203 1423 248 propositio
1465 205 1697 236 confirmatur
1743 204 1970 245 argumentis.
2050 205 2107 239 Sic

1115 255 1209 288 enini
1243 255 1585 299 arguinentabimur.
1640 254 1709 287 Res
1744 254 1889 287 bellicae
1919 267 1990 287 non
2024 264 2105 290 sunt

1114 306 1282 351 propriae
1300 308 1447 343 ducum;
1478 306 1589 340 virtus
1609 311 1660 338 est
1676 306 1836 350 propria,
1865 306 2005 339 virtutis
2024 314 2104 341 tuae

1115 365 1167 392 est
1184 359 1411 397 benefacere,
1439 364 1473 390 et
1493 358 1673 401 ignoscere
1691 357 1775 390 civi:
1805 369 1889 400 ergo
1913 357 2026 391 maius
2043 366 2104 397 est,

1116 422 1222 455 quam
1241 409 1382 442 vincere
1399 408 1433 441 in
1449 409 1534 442 11515.
1563 409 1657 442 Haec
1674 415 1725 443 est
1738 408 1938 453 argumenti
1954 421 2105 445 summa,

1116 473 1223 505 qnam
1248 458 1316 493 1105
1338 462 1445 493 1110(10
1473 461 1659 505 complecti
1687 466 1841 504 oportet.
1902 460 2028 493 Postea
2055 461 2106 492 vi-

1116 513 1273 545 dendum
1300 518 1369 551 est,
1409 513 1591 556 quomodo
1619 512 1742 545 Cicero
1769 512 1970 557 eloquatur.
2024 511 2106 545 Elo-

1116 563 1210 596 cutio
1234 562 1328 595 enim
1352 563 1455 595 debet
1477 576 1549 596 esse
1575 563 1728 607 amplior
1752 570 1783 595 et
1807 563 1964 596 uberior.
2029 563 2107 596 Pri-

1116 627 1213 648 mum
1246 614 1291 648 sit
1320 614 1570 658 occupatio.
1631 614 1842 647 Laudantur
1865 628 1920 648 res
1946 614 2106 648 Caesaris

1115 666 1208 699 bello
1246 672 1382 709 gestae,
1428 672 1460 698 et
1502 665 1763 709 :amplificantur
1796 664 1852 698 llic
1891 665 2106 710 diligentius,

1117 718 1197 763 quia
1226 723 1345 762 postea
1371 723 1473 749 erunt
1493 716 1527 748 in
1546 717 1813 760 comparatione
1833 719 2106 762 comparandae.

1118 769 1211 802 Haec
1248 775 1299 802 est
1334 768 1538 812 occupatio:
1595 768 1698 801 Soleo
1733 780 1837 812 saepe
1876 775 1956 802 ante
1986 769 2107 802 oculos

1117 832 1261 865 ponere.
1316 820 1484 864 Sequitur
1508 820 1711 853 extenuatio
1736 831 1854 852 rerum
1878 820 1970 853 bello
1996 827 2108 864 gesta-

1117 884 1216 911 rum,
1253 871 1336 916 quia
1368 877 1449 904 sunt
1483 883 1689 904 communes
1720 871 1887 911 ducibus,
1925 871 2107 909 militibus,

1116 925 1301 962 fortunae,
1339 923 1397 955 sed
1431 929 1549 955 tamen
1582 929 1664 956 sunt
1696 923 1763 954 alia
1795 922 1943 956 maiora.
2014 922 2104 956 'Nam

1116 975 1259 1007 bellicas
1293 975 1413 1007 laudes
1442 975 1556 1007 solent
1591 974 1736 1019 quidam
1762 980 1951 1007 extenuare
1981 974 2108 1008 verbis.

1117 1027 1277 1060 Aiterum
1296 1026 1497 1059 membrum
1518 1025 1812 1070 comparationis:
1835 1025 1882 1058 At
1900 1037 1984 1058 vero
2004 1023 2108 1059 huius

1118 1077 1251 1121 gloriae
1278 1077 1316 1110 C.
1343 1077 1492 1113 Caesar,
1528 1089 1635 1122 quam
1670 1090 1704 1110 55
1734 1078 1899 1121 adeptus,
1928 1083 1990 1110 etc.
2046 1076 2109 1109 Hit-

1118 1131 1254 1173 profert
1277 1129 1409 1162 sactum
1439 1140 1502 1172 per
1528 1127 1715 1165 xirtutem,
1745 1128 1826 1173 quia
1853 1129 1897 1161 511
1921 1128 2108 1172 proprium

1119 1180 1293 1219 Caesaris,
1322 1179 1432 1213 xirtus
1455 1179 1549 1212 enim
1578 1179 1722 1223 proprie
1748 1186 1869 1213 nostra
1888 1186 1949 1213 est.
2001 1180 2108 1211 Aliud

1120 1237 1368 1276 argumentum
1403 1244 1420 1263 a
1450 1231 1672 1264 difficultate:
1718 1230 1905 1264 Difficilius
1936 1237 1987 1264 est
2019 1231 2107 1263 iram

1121 1285 1280 1319 vincere,
1324 1289 1358 1315 51
1389 1282 1575 1315 victoriam
1610 1283 1809 1323 moderari,

1119 1335 1255 1380 proelio
1281 1346 1460 1379 superare.

1854 1294 1959 1328 quam
1993 1279 2110 1315 hostes

1514 1333 1625 1378 Igitur
1641 1335 1719 1379 plus
1739 1334 1852 1367 laudis
1872 1340 2029 1366 meretur
2047 1331 2111 1365 ho-

1119 1387 1242 1419 dierna
1269 1386 1438 1425 victoria,
1475 1398 1553 1419 cum
1583 1386 1750 1419 iniuriam
1780 1385 1991 1418 condonasti
2015 1385 2112 1417 Mar-

1122 1439 1225 1472 cello:
1270 1437 1448 1470 Dmnuisti
1483 1444 1622 1480 gomez,
1658 1444 1721 1470 etc.
1801 1437 1989 1481 Elegantes
2029 1443 2106 1469 sur!

1120 1489 1419 1529 coacervatitmes,
1447 1488 1508 1521 ubi
1532 1489 1663 1521 multae
1681 1501 1736 1522 res
1753 1494 1915 1531 agnatae,
1941 1493 1979 1520 ut
1996 1489 2110 1520 oratio

1119 1544 1180 1575 fiat
1198 1541 1356 1579 uberior,
1381 1541 1418 1573 in
1436 1552 1546 1573 unum
1564 1540 1679 1573 locum
1699 1547 1951 1584 congeruntur.
2005 1539 2112 1572 Vides

1121 1601 1238 1627 autem
1257 1605 1298 1626 ex
1317 1592 1403 1626 locis
1420 1592 1668 1625 communibus
1685 1593 1788 1624 ducta
1811 1604 1882 1626 esse
1902 1597 2111 1634 argumenta

1120 1647 1162 1679 de
1189 1644 1361 1689 dignitate
1386 1643 1546 1682 virtutis,
1583 1656 1673 1689 qnae
1708 1650 1860 1687 praestet
1890 1644 2055 1675 fortunae
2080 1648 2110 1673 et

1122 1697 1199 1731 aliis
1225 1697 1391 1729 omnibus
1415 1696 1531 1728 rebus.

1225 1746 1472 1781 Conclusio
1492 1752 1654 1790 repetens
1672 1745 1993 1790 comparationem2
2017 1744 2112 1787 Ergo

1122 1800 1284 1846 quamvis
1325 1799 1414 1831 aliae
1456 1805 1535 1831 tuae
1575 1810 1629 1831 res
1670 1804 1786 1842 gestae
1816 1796 2114 1833 *celebrabuntun

1122 1859 1241 1884 tamen
1269 1849 1354 1883 baec
1381 1857 1438 1883 tua
1469 1850 1579 1882 111-1115
1607 1850 1782 1882 declarata
1809 1846 1983 1881 hodierno
2008 1848 2114 1880 bene-

1124 1903 1201 1936 ficio
1234 1903 1345 1946 magis
1379 1901 1582 1934 laudabitur
1647 1897 1784 1939 Πάθος
1819 1907 1888 1934 5511
1927 1899 2115 1932 Delectant

1123 1955 1301 1999 sapienter
1333 1960 1363 1986 et
1396 1954 1580 1986 moderate
1617 1954 1704 1984 sacta
1737 1952 1773 1984 in
1808 1952 1953 1989 fabulis3
2001 1951 2114 1984 multo

1126 2007 1236 2050 magis
1259 2007 1295 2038 in
1321 2005 1583 2049 praesentibus,
1621 2016 1709 2049 quos
1736 2003 1935 2041 intuemur,
1971 2002 2061 2036 sicut
2083 2008 2116 2034 te

1124 2059 1316 2091 intuemur.
1371 2056 1479 2089 Aliud
1503 2052 1643 2094 πάθοςε
1672 2055 1830 2088 Parietes
1858 2055 2023 2098 gestiunt,
2052 2059 2116 2087 etc.

1125 2109 1293 2143 Continet.
1317 2115 1432 2141 autem
1464 2107 1757 2147 translationem,
1785 2108 1880 2152 quod
1906 2105 2114 2139 beneficium

1126 2160 1192 2194 boc
1218 2160 1357 2206 publice
1381 2160 1504 2204 prosit.
1559 2159 1650 2203 Quia
1676 2158 1735 2190 alii
1762 2158 1853 2192 cives
1870 2156 1937 2191 l'ioc
1953 2157 2115 2200 exemplo

1125 2213 1402 2252 confirmentur,
1441 2218 1481 2244 ut
1511 2217 1654 2256 sperent
1687 2211 1866 2249 futurum,
1916 2216 1955 2242 ut
1986 2208 2117 2241 Caesar

1126 2265 1256 2298 oblitus
1281 2263 1495 2297 iniuriarum
1519 2263 1677 2306 ignoscat
1701 2261 1879 2301 omnibus,
1902 2267 1936 2293 et
1954 2260 2117 2294 restituat

1126 2316 1355 2350 autoritatem
1391 2314 1548 2354 senatui,
1593 2326 1637 2347 ne
1678 2320 1823 2358 occupet
1857 2311 2116 2357 tyrrannidem,

1126 2381 1189 2402 1155
1213 2367 1346 2402 saeviat
1371 2367 1408 2399 in
1431 2372 1606 2400 senatum.
1660 2364 1764 2397 Aliud
1784 2361 1909 2403 πάθος
1930 2376 1947 2395 11
1967 2363 2118 2396 Marcel-

1126 2421 1242 2453 lorum
1258 2418 1406 2458 familia,
1435 2424 1469 2450 et
1491 2423 1542 2450 est
1565 2416 1763 2449 translatio.
1819 2415 2003 2448 Transfert
2021 2415 2114 2448 enim

1125 2471 1335 2505 beneficium
1361 2470 1404 2502 ab
1428 2481 1500 2502 uno
1526 2468 1696 2501 Marcello
1723 2469 1765 2500 ad
1793 2473 1903 2500 totam
1932 2466 2117 2500 Marcello-

1126 2537 1204 2557 rum
1221 2522 1409 2555 samiliam.
1462 2519 1629 2565 Sequitur
1644 2519 1759 2552 brevis
1784 2518 2010 2562 repetitio
2036 2530 2118 2550 con-

1127 2575 1310 2608 clusionis:
1348 2573 1449 2606 111105
1474 2572 1566 2604 (115111
1595 2578 1790 2615 antepones
1824 2570 1892 2603 tuis
1911 2569 2118 2613 gratulatio-

1127 2628 1250 2664 nibus,
1289 2632 1318 2657 51
1353 2630 1542 2669 praeparat
1568 2623 1662 2655 viam
1690 2623 1732 2655 ad
1760 2621 1903 2655 tertium
1932 2633 2117 2665 argumen-

1127 2686 1221 2711 tum:
1251 2675 1441 2720 'l'ropliaea
1471 2681 1503 2706 51
1529 2674 1657 2708 similia
1685 2679 1917 2707 monumenta
1942 2686 2013 2705 11011
2038 2679 2116 2705 sunt

1129 2729 1327 2765 durabilia,
1364 2726 1548 2760 clementia
1585 2726 1656 2770 ipsa
1692 2725 1841 2759 subinde
1874 2725 1984 2768 magis
2014 2724 2120 2756 incla-

1413 2776 1500 2812 60*
