2347 3000
202 121 272 157 371

317 203 513 253 Dfffffl‘unt
544 212 675 246 aulem
702 212 886 245 iniustum
913 203 1005 253 eta]
1022 205 1080 252 ¹⁴).

305 286 522 336 prinsquam
545 286 689 321 inchoat
713 283 982 329 explicationem
1006 282 1195 327 particula-

206 344 255 377 ris
279 343 449 381 institiae,
493 340 589 374 addit
616 338 793 382 epilogum
818 334 994 379 superiori
1023 334 1121 374 loco,
1163 339 1196 365 ct

208 395 337 438 repetit
354 392 596 427 definitionem
617 388 767 422 iustitiae
784 385 1011 426 universalis,
1041 391 1074 417 et
1093 397 1196 416 voea-

208 447 375 479 bulornm
403 444 625 480 collationes,
664 437 780 483 inquit
803 435 954 479 ἄδικον,
995 450 1030 471 se
1053 434 1196 475 habere,

210 504 250 531 nt
266 495 488 530 communius
505 493 547 525 ad
559 491 602 536 ¹⁵)
627 488 690 523 has
713 490 800 522 duas
823 488 954 533 specics
977 485 1197 533 παράνομον

211 546 273 583 καὶ
290 547 432 582 ἄνισον.
485 543 580 576 Haec
599 542 660 574 etsi
685 540 802 573 tenuia
827 546 861 573 et
885 539 985 572 exilia
1010 545 1109 578 sunt,
1146 544 1196 570 ta-

213 611 294 632 nien
311 599 353 630 ab
372 595 514 628 attentis
530 592 630 626 facile
649 591 795 635 intelligi
818 597 985 636 possunt,
1020 597 1051 622 et
1076 591 1198 622 admo-

213 655 298 681 nent
321 647 496 680 studiosos
521 646 562 678 de
589 643 791 677 discrimine
814 642 967 675 institiae
990 640 1198 674 universalis

214 707 245 732 et
265 697 506 743 particularis,
535 696 628 741 qnod
651 695 838 727 observare
854 705 992 726 necesse
1009 699 1071 725 est.
1114 692 1197 724 Bre-

213 751 269 782 via
297 749 387 782 dicta
412 754 512 787 sunt,
556 746 671 779 omnis
703 745 935 789 inaequalitas
971 750 1022 776 est
1050 743 1198 775 violatio

213 802 343 843 legum,
370 801 431 832 sed
450 810 523 831 nou
540 797 655 829 omnis
670 796 814 829 violatio
834 796 947 836 legum
966 801 1015 827 est
1033 794 1201 839 inaequa—

213 852 305 891 litas,
334 857 384 890 ut,
412 862 520 893 vagae
538 848 699 881 libidines
716 853 797 879 sunt
813 846 957 878 violatio
975 846 1104 888 legum,
1128 856 1200 877 non

216 909 297 936 sunt.
322 901 572 946 inaequalitas,
599 912 659 931 sen
683 897 925 936 defi-nudatio,
955 897 1068 941 qualis
1093 902 1143 929 est
1166 895 1202 926 in

217 953 456 986 contractibus
489 951 643 989 iniustis,
678 956 739 982 aut
774 948 929 987 iniuriis,

217 1016 316 1038 inore
334 1003 526 1048 loquimur.

218 1056 368 1093 sideros,
410 1065 548 1098 semper
581 1052 742 1096 polluens
768 1050 911 1083 alterins
939 1050 1204 1087 conscientiam,

218 1119 279 1140 seu
303 1105 471 1144 volentis,
506 1116 567 1137 seu
592 1102 764 1139 nolentis,
804 1100 967 1134 horribili
990 1100 1203 1133 contumelia

219 1158 318 1191 illum
337 1156 461 1195 afficit,
490 1161 523 1188 et
540 1167 558 1187 a
578 1154 653 1186 Deo
672 1153 803 1186 avellit.

320 1208 387 1240 Sed
405 1208 510 1239 redeo
530 1206 572 1238 ad
590 1204 835 1241 Aristotelem,
871 1202 898 1235 is
924 1214 1002 1234 cum
1029 1199 1096 1232 ait:
1123 1198 1206 1232 lN'on

221 1258 336 1291 omnis
361 1257 508 1290 violatio
534 1256 649 1299 legum
681 1261 731 1287 est
757 1252 996 1291 defraudatio,
1030 1248 1097 1283 hoc
1120 1250 1207 1288 vult,

221 1308 430 1342 iniustitiam
476 1306 710 1340 universalem
754 1305 897 1337 differre
931 1315 949 1335 a
988 1300 1206 1346 particulari.

220 1359 438 1392 Universalis
454 1364 505 1391 cst
528 1355 770 1395 contumacia,
804 1368 864 1388 sen
888 1352 1127 1386 inobedientia
1151 1364 1208 1384 cn-

221 1411 415 1455 iuscnnque
434 1409 581 1453 generis.
635 1407 680 1440 At
703 1406 926 1450 particularis
951 1410 1000 1438 est
1023 1404 1209 1436 defranda-

220 1462 283 1495 tio.
337 1461 443 1505 Quod
461 1472 546 1493 vero
563 1459 689 1491 deinde
707 1457 772 1490 ait:
808 1457 923 1489 Omne
941 1456 1035 1500 quod
1053 1455 1130 1499 plns
1148 1460 1209 1493 est,

223 1512 410 1557 inaequale
437 1517 506 1551 est,
548 1517 583 1542 at
607 1521 679 1541 non
706 1520 810 1540 omne
837 1507 1023 1552 inaequale
1046 1506 1124 1550 plus
1149 1512 1209 1538 est.

222 1563 306 1596 Ideo
335 1563 482 1602 dicitur,
522 1568 562 1594 ut
591 1560 826 1603 significetur,
868 1558 956 1591 sicut
982 1569 1089 1601 supra
1111 1556 1210 1595 dixit,

223 1615 330 1648 istum
355 1614 520 1647 scelerate
544 1613 679 1651 facere,
714 1610 775 1655 qni
799 1610 877 1653 plns
896 1609 1028 1647 aufert,
1056 1606 1124 1640 boc
1149 1613 1210 1645 est,

225 1666 287 1711 qui
303 1676 382 1698 snas
400 1664 569 1698 utilitates
586 1675 664 1695 cum
690 1661 834 1693 alterins
858 1659 1071 1692 detrimento
1097 1664 1211 1702 auget,

226 1728 299 1749 non
317 1728 417 1755 enm,
446 1715 506 1761 qui
524 1715 654 1747 damno
675 1712 836 1745 afficitur.

328 1766 367 1799 ln
383 1765 504 1811 finem)
524 1765 622 1798 addit
636 1762 846 1797 sententiam
866 1773 939 1794 non
954 1761 1213 1805 negligendam,

226 1819 318 1861 leges
335 1818 376 1850 de
395 1817 578 1861 disciplina
589 1814 634 1861 17)
653 1813 839 1858 complecti
855 1813 982 1845 debere
1002 1811 1120 1844 omnia
1141 1812 1214 1843 osti-

227 1870 278 1902 cia
303 1868 498 1902 necessaria
520 1868 565 1900 ad
589 1877 815 1899 communem
837 1864 998 1897 salutem.
1048 1863 1122 1896 Nos
1139 1861 1216 1907 qui-

227 1922 308 1954 dem
326 1920 523 1963 exemplum
543 1917 716 1962 optimum
733 1914 905 1948 habemus
922 1914 1129 1957 decalogum
1141 1939 1149 1953 ‚
1183 1918 1216 1944 et

228 1971 434 2004 Aristoteles
456 1976 577 2015 postea
606 1967 740 2013 inquit:
781 1966 967 2010 Optimum
991 1971 1121 1997 statum
1145 1976 1216 1996 esse

231 2022 400 2062 civitatis,
434 2021 495 2067 qui
520 2020 729 2053 constitutus
751 2024 801 2051 est
826 2017 1017 2050 secundum
1039 2022 1217 2053 naturam,

230 2075 267 2107 id
283 2079 351 2113 est,
378 2073 570 2106 secundnm
588 2069 750 2104 naturale
769 2074 801 2101 et
820 2074 954 2100 rectum
970 2066 1139 2099 iudicium
1162 2077 1217 2097 ra-

232 2125 338 2158 tionis
362 2122 560 2162 humanae,
603 2122 699 2166 qnod
723 2119 865 2165 quidem
891 2124 941 2152 est
963 2117 1120 2160 decalogi
1141 2129 1217 2149 sen-

232 2176 355 2210 tentia.

334 2225 443 2258 Addit
459 2230 577 2258 autem
593 2221 836 2268 quaestionem
853 2219 1058 2253 Aristoteles
1073 2217 1117 2265 ¹⁸)
1128 2244 1137 2257 ‚
1173 2230 1218 2250 an

235 2278 357 2311 eadem
374 2276 418 2310 sit
436 2275 597 2309 doctrina
613 2273 682 2306 viri
697 2272 795 2311 boni,
821 2277 855 2304 et
871 2271 955 2304 civis
973 2269 1084 2302 boni?
1119 2268 1218 2301 Hanc

236 2327 480 2373 quaestionem
505 2326 554 2359 ait
576 2324 661 2358 alibi
681 2323 932 2368 disputandam
957 2333 1047 2361 esse,
1074 2318 1142 2353 hoc
1159 2332 1219 2352 au-

971 954 1010 980 nt
1045 946 1201 980 hnmano

580 1002 785 1039 Caeterum,
813 999 839 1032 si
861 998 1027 1031 iudicium
1039 998 1103 1031 Dei
1122 1010 1203 1030 con-

272 2420 317 2450 14)
337 2419 451 2442 Aristot.
479 2418 496 2442 I.
511 2417 529 2442 1.
552 2417 572 2440 l.
586 2416 610 2440 5.
635 2415 695 2442 c.2.
721 2414 802 2444 §.8st
831 2410 980 2445 Διώριστιιι
1004 2410 1036 2442 δὴ
1060 2409 1090 2435 *td
1116 2408 1220 2440 ἄδικον,

305 2452 335 2477 τό
356 2460 381 2476 τε
400 2449 567 2483 παράνομον
585 2449 631 2474 καὶ
650 2448 678 2473 τό
700 2447 812 2472 ἄνισον
840 2450 890 2472 etc.

276 2498 322 2523 15)
343 2494 387 2526 aa]
411 2495 450 2517 sic
469 2495 552 2517 Editt.
579 2494 667 2525 15⁴5„
696 2493 789 2523 1546.,
818 2491 892 2515 1550.
917 2491 944 2515 et
969 2489 1059 2520 1554.;
1092 2488 1119 2512 in
1137 2488 1220 2512 Edat.

308 2530 383 2553 1557.
403 2531 429 2551 et
448 2529 521 2551 1560.
541 2528 625 2551 deest.

275 2574 320 2600 16]
340 2571 453 2595 Aristot.
475 2571 492 2593 1.
510 2571 526 2594 I.
547 2571 563 2593 1.
577 2570 601 2593 5.
622 2576 643 2593 c.
657 2570 681 2593 2.
701 2569 727 2597 S.
744 2570 783 2593 11.

278 2615 323 2645 ss)
344 2614 499 2642 diseiplina]
525 2613 563 2635 sic
582 2614 656 2635 reete
675 2611 862 2637 Editt.1545.,
891 2609 980 2639 1546.ς
1007 2608 1080 2631 1550.
1100 2609 1127 2631 et
1146 2608 1219 2630 1551.

309 2654 355 2678 (Ξ
374 2646 436 2677 :ri—02
458 2645 584 2669 παιδείαν
602 2648 693 2669 textus
714 2652 755 2677 gr.
776 2647 792 2669 I.
808 2646 824 2670 I.
844 2645 956 2674 §.¹ll.);
993 2643 1075 2667 Editt.
1101 2642 1174 2666 1557.
1195 2644 1219 2664 ct

310 2684 383 2707 1560.
402 2681 563 2704 discrimine.

276 2726 322 2758 18)
342 2725 456 2749 Aristot.
476 2724 494 2748 l.
509 2724 529 2747 I.
547 2729 570 2747 c.
583 2722 608 2747 2.
629 2722 654 2752 g.
671 2722 709 2747 11.

471 115 672 153 SCRIPTA
698 114 772 154 PH.
797 113 910 153 MEL.
938 117 1002 154 AD
1030 108 1238 154 ETHiCEN
1266 117 1329 153 ET
1356 113 1611 153 POLITICEN
1640 115 1950 152 SPECTANTIA.

2149 118 2224 155 372

1248 211 1318 237 tem
1345 205 1466 238 sentit:
1513 204 1626 249 Supra
1661 204 1753 249 leges
1786 210 1935 237 naturae
1967 202 2004 236 in
2032 202 2103 235 vita
2128 201 2235 243 civili,

1249 268 1337 300 opus
1355 268 1426 289 csse
1444 256 1596 300 positivo
1618 255 1712 296 iure,
1740 267 1779 288 ac
1800 254 1835 288 in
1855 254 2011 300 imperiis
2035 259 2127 287 recte
2152 265 2235 287 con-

1248 306 1396 346 stitutis,
1425 313 1542 339 tamen
1567 307 1643 339 iura
1667 307 1816 351 positiva
1841 307 2031 345 differunt,
2059 311 2097 338 ut
2116 316 2238 348 respu-

1247 357 1337 390 blica
1363 356 1502 390 Iudaica
1528 358 1646 390 differt
1670 370 1689 390 a
1707 358 1892 398 Romana,
1921 355 2158 398 etverissime
2185 354 2237 388 ‹li-

1250 415 1342 441 ctum
1363 415 1412 441 est
1430 409 1473 441 ab
1490 407 1682 453 Aeschylo,
1710 410 1806 454 quod
1822 409 1905 442 citat
1922 409 2042 442 Plato:
2077 406 2176 439 Alius
2193 406 2238 439 ad

1250 460 1355 492 aliam
1381 460 1560 492 cixitateru
1585 459 1696 503 magis
1718 460 1867 493 idonens
1891 460 2006 505 est¹⁹).
2059 457 2239 490 Disserunt

1252 511 1357 555 igitur
1378 511 1453 544 iura
1472 510 1640 555 positiva,
1668 510 1704 542 in
1722 511 1848 556 quibus
1870 517 1988 543 tamen
2013 507 2080 542 hoc
2105 507 2241 543 servari

1253 574 1390 595 necesse
1410 569 1479 601 est,
1505 574 1549 595 ne
1569 567 1727 606 pugnent
1742 574 1821 594 cum
1838 562 1987 595 ratione.
2034 560 2116 593 Ideo
2136 558 2238 593 certis

1251 614 1386 657 legibus
1403 620 1436 646 et
1456 613 1617 645 doctrina
1643 613 1796 658 quadam
1823 612 1978 652 erudita,
2014 624 2104 656 quae
2125 612 2240 644 sontes

1253 663 1484 697 honestorum
1517 664 1714 697 officiorum
1745 669 1939 703 monstrat,
1976 674 2064 707 opus
2094 668 2163 701 cst,
2194 672 2241 693 ne

1253 716 1430 761 quaelibet
1449 716 1586 749 somnia
1605 714 1803 759 potentium
1822 727 1887 759 pro
1905 714 2038 758 legibus
2055 713 2243 748 ducantur.

1328 807 1506 841 Divisio
1543 807 1754 841 institiae
1790 805 2160 852 particulam-ism).

1355 884 1517 917 Tandem
1540 882 1596 916 hic
1614 883 1659 929 ⁴²¹)
1685 882 1829 916 inchoat
1852 883 2062 917 divisionem
2090 880 2243 915 iustitiae

1256 935 1498 979 particularis,
1528 935 1584 967 nbi
1612 935 1766 978 primum
1793 935 1969 967 studiosus
1993 935 2104 966 lector
2126 931 2241 965 consi-

1256 987 1372 1026 deret,
1401 1000 1487 1031 quas
1511 984 1639 1018 habeat
1654 986 1859 1019 Aristoteles
1884 985 2098 1018 necessarias
2123 994 2244 1016 causas

1257 1035 1383 1070 harum
1403 1037 1646 1081 partitionum.
1699 1037 1819 1069 Fuisse
1846 1043 1963 1069 autem
1988 1042 2090 1068 antea
2114 1034 2243 1067 discer-

1260 1089 1412 1120 nendam
1448 1087 1683 1120 universalem
1715 1087 1952 1119 obedientiam
1986 1099 2006 1118 a
2038 1083 2245 1129 particulari

1259 1139 1401 1177 xirtute,
1427 1138 1526 1171 facile
1546 1137 1690 1180 intelligi
1710 1144 1835 1181 potest,
1865 1144 1897 1170 et
1911 1136 2109 1169 communis
2128 1146 2244 1169 sermo

1261 1189 1419 1221 omnium
1438 1189 1595 1232 gentium
1622 1188 1713 1231 cogit
1737 1201 1813 1221 eam
1840 1188 2104 1222 distinctionem
2128 1187 2246 1219 obser-

1261 1252 1364 1279 vare,
1392 1247 1429 1272 nt
1450 1240 1650 1273 testimonia
1672 1252 1852 1272 sacrorum
1879 1240 2051 1272 librorum
2077 1237 2246 1270 indicant.

1265 1291 1396 1323 Deinde
1414 1289 1518 1324 huius
1535 1292 1707 1324 secundae
1725 1290 1909 1324 dix-isionis
1924 1289 2119 1323 necessaria
2142 1299 2245 1321 causa

1261 1349 1322 1376 est.
1375 1342 1467 1386 Quia
1490 1342 1622 1375 institia
1647 1341 1869 1386 particularis
1893 1341 2036 1386 proprie
2055 1347 2105 1373 est
2123 1339 2248 1378 virtus,

1262 1405 1385 1437 regens
1403 1393 1761 1426 communicationem
1779 1405 1858 1425 cum
1875 1392 1964 1432 aliis,
1982 1398 2015 1425 et
2039 1389 2247 1435 efficiensffl)

1263 1444 1511 1490 aequalitatem
1531 1444 1721 1490 rernmw).
1774 1443 1900 1477 Omnis
1915 1450 2032 1476 antem
2052 1441 2249 1475 communi-

1263 1496 1354 1528 catio
1380 1508 1458 1528 cum
1483 1495 1578 1535 aliis,
1621 1502 1682 1528 aut
1706 1507 1875 1539 personas
1906 1495 2064 1534 ordinat,
2109 1499 2170 1526 aut
2193 1503 2248 1525 res

1264 1553 1480 1591 compensat.
1533 1546 1645 1579 Aliter
1662 1553 1779 1579 autem
1805 1545 2030 1579 constituitur
2054 1543 2249 1590 aequalitas

1264 1598 1300 1630 iu
1323 1597 1483 1642 personis
1508 1597 1735 1637 ordinandis,
1770 1597 1871 1629 aliter
1897 1597 1933 1628 in
1956 1597 2060 1630 rebus
2084 1606 2250 1640 compen-

1302 1724 1347 1751 19)
1368 1724 1436 1747 Plat.
1457 1722 1490 1746 de
1508 1722 1611 1752 republ.
1626 1722 1729 1746 LVIII.
1756 1724 1812 1751 (op.
1833 1722 1872 1745 ed.
1893 1722 1924 1746 Η.
1946 1722 2037 1751 steph.
2056 1723 2084 1746 T.
2100 1721 2131 1746 11.
2151 1728 2175 1753 p.
2189 1722 2249 1746 550.

1334 1766 1355 1782 c,
1371 1771 1403 1775 --
1424 1758 1464 1780 etl.
1485 1758 1588 1786 IJipout.
1610 1757 1672 1780 YoI.
1688 1757 1744 1780 vu.
1771 1763 1796 1785 p.
1814 1757 1902 1781 1973:
1928 1754 2035 1779 Οὐκοῦν
2062 1754 2132 1788 μετά
2158 1755 2250 1789 τοῦτο,

1334 1790 1363 1815 τὸ
1384 1792 1430 1815 τοῦ
1448 1789 1594 1821 Αἰσχύλου
1613 1789 1751 1822 λέγωμεν,
1770 1802 1804 1807 -·
1827 1788 1912 1812 ἄλλον
1935 1788 2002 1823 ἄλλῃ
2029 1789 2096 1821 πρὸς
2114 1788 2191 1814 πόλει
2209 1797 2251 1815 τε-

1334 1826 1488 1858 ταγμιὲιόιη
1514 1826 1587 1849 naec
1600 1825 1737 1848 sententia
1749 1825 1885 1854 reperitur
1898 1825 1925 1847 in
1939 1825 2068 1854 Aeschyli
2080 1825 2177 1855 fragm.
2190 1826 2249 1849 ³³8.

1301 1878 1396 1904 20)1n
1422 1877 1504 1900 Editt.
1523 1875 1616 1903 ¹532,
1645 1875 1718 1899 1535.
1744 1876 1771 1898 et
1796 1876 1869 1899 1539.
1895 1875 2040 1905 explicatio
2063 1876 2139 1899 liuius
2162 1876 2250 1906 partis

1337 1912 1398 1935 Iibri
1418 1912 1452 1935 Y.
1481 1911 1565 1934 Arist.
1590 1916 1607 1932 a
1631 1916 1679 1932 sex
1705 1910 1787 1933 Editt.
1809 1910 1921 1933 1545—
1936 1911 2010 1933 1560.
2035 1911 2115 1940 longe
2140 1911 2251 1934 diversa

1337 1947 1360 1970 Ii.
1380 1947 1396 1969 I.
1422 1946 1500 1968 babet
1525 1944 1744 1973 inscriptionem:
1777 1944 1908 1971 „Divisio
1932 1945 2052 1968 iustitiae
2075 1945 2250 1974 particularis

1338 1981 1363 2003 in
1385 1979 1585 2002 distributivam
1610 1980 1635 2001 ct
1661 1977 1916 2009 counnutativam'’,
1947 1984 2024 2008 quam
2050 1979 2176 2009 deinceps
2201 1980 2251 2003 hae

1339 2016 1503 2044 sequuntur:
1530 2014 1568 2035 lte
1587 2013 1700 2035 obiectis
1718 2013 1845 2036 iustitiae.
1862 2025 1896 2029 —
1920 2014 1959 2036 De
1977 2013 2151 2037 distributiva
2170 2014 2252 2037 iusti-

1339 2050 1385 2072 tia.
1407 2060 1436 2064 -
1489 2047 1638 2076 Descriptio
1662 2047 1781 2070 iustitiae
1805 2047 2006 2070 distributivae.
2028 2059 2059 2064 -
2108 2047 2252 2078 Propertio

1340 2084 1458 2106 discreta
1482 2085 1509 2105 ct
1533 2082 1667 2104 contiuua,
1693 2092 1728 2097 -—·
1773 2082 1813 2105 De
1838 2084 1991 2111 permutata
2015 2083 2198 2111 proportione.
2216 2094 2252 2099 —

1340 2119 1378 2141 be
1398 2117 1499 2139 iustitia
1518 2116 1718 2139 roiuiuinativa.
1738 2129 1770 2132 —
1817 2116 2004 2145 Reprehensio
2024 2116 2188 2139 definitionis
2206 2116 2250 2139 iu-

1341 2152 1433 2175 stitiae
1452 2156 1520 2180 quae
1540 2153 1582 2172 est
1601 2156 1616 2172 a
1635 2150 1794 2180 Pythagora
1811 2150 1922 2173 tradita.
1940 2162 1975 2166 —
2010 2151 2099 2173 Causa
2117 2150 2187 2173 numi
2207 2150 2251 2173 in-

1339 2186 1424 2210 venti.
1447 2198 1472 2201 ——
1502 2185 1529 2207 Iu
1544 2184 1626 2207 Editt.
1645 2186 1734 2213 hun,
1756 2184 1829 2208 1542.
1849 2187 1875 2207 et
1896 2185 1985 2215 154⁴„
2005 2189 2072 2214 quae
2090 2189 2143 2207 non
2162 2184 2251 2208 squm

1339 2227 1355 2243 a
1374 2226 1424 2243 sex
1443 2219 1618 2248 sequentibus
1632 2218 1719 2243 -Editt.
1743 2219 1948 2249 1545—1560.‚
1977 2218 2024 2241 sed
2044 2218 2124 2241 ctiam
2141 2219 2175 2241 ab
2194 2218 2251 2242 illis

1339 2255 1427 2278 tribus
1439 2254 1574 2283 prioribus
1589 2253 1731 2283 differunt,
1753 2253 1825 2275 inter
1839 2253 2040 2282 inscriptionem
2058 2252 2188 2279 ..Divisio
2207 2252 2252 2275 iu-

1340 2290 1432 2312 stitiae
1451 2288 1624 2317 particularis
1642 2287 1669 2310 in
1691 2287 1892 2310 distributivam
1911 2289 1937 2309 et
1955 2284 2199 2310 commntanvam”
2224 2287 2253 2310 et

1340 2324 1405 2354 „De
1429 2322 1540 2345 obiectis
1559 2320 1711 2349 iiistitiae'',
1736 2322 1855 2345 insertae
1880 2323 1943 2344 sunt
1966 2321 2031 2344 liae:
2063 2322 2120 2349 Quo
2139 2320 2254 2345 consitio

1341 2357 1505 2380 Aristoteles
1524 2356 1637 2385 prinnini
1655 2356 1771 2385 partitus
1795 2357 1837 2378 est
1861 2355 1989 2378 iustitiam
2014 2355 2040 2377 in
2066 2356 2253 2379 universaIem

1342 2394 1368 2415 ct
1388 2387 1601 2420 particulari-iu?
1622 2402 1656 2406 —
1698 2391 1821 2413 flabetne
1843 2390 1910 2412 haec
1933 2389 2100 2412 consuetudo
2125 2389 2252 2419 quuendi

1340 2426 1422 2448 ctiaiu
1442 2425 1574 2448 rationem
1593 2422 1732 2454 aliquam?
1750 2436 1782 2441 ·-—
1815 2424 1888 2452 Quae
1907 2427 1948 2446 est
1968 2424 2037 2446 ratio
2056 2424 2191 2448 secundae
2209 2424 2251 2447 di·-

1341 2456 1479 2482 visionis?
1494 2458 1633 2516 bffetcrac
1651 2459 1843 2488 inscriptiones
1868 2458 1976 2481 eaedem
2000 2460 2065 2482 suut
2090 2464 2123 2482 ac
2145 2459 2172 2482 in
2196 2458 2253 2482 itti·

1341 2494 1477 2523 prioribus
1509 2494 1516 2515 2
1538 2493 1576 2516 itt.

1306 2544 1352 2577 21)
1373 2546 1485 2568 Aristot.
1505 2544 1522 2569 I.
1538 2545 1556 2568 l.
1574 2550 1597 2567 c.
1612 2544 1636 2568 2.
1657 2544 1681 2573 5.
1698 2543 1736 2567 12.

1305 2597 1352 2625 22)
1372 2596 1508 2635 ertit-iens]
1528 2596 1566 2618 sic
1584 2595 1667 2633 Editt.
1690 2594 1778 2625 1545„
1798 2594 1889 2625 1546„
1910 2595 2000 2625 1550.‚
2022 2596 2095 2620 1554.
2114 2598 2141 2621 et
2161 2597 2256 2628 155⁷.;

1341 2632 1411 2656 Edit.
1428 2631 1499 2654 1560.
1518 2631 1648 2652 afficiens,

1306 2682 1354 2709 23)
1375 2682 1479 2709 reruni]
1504 2681 1542 2703 sie
1560 2680 1644 2702 l-Iditt.
1666 2680 1754 2711 1550.,
1780 2681 1871 2711 1554„
1899 2681 1973 2704 1557.
1993 2683 2019 2704 et
2042 2681 2133 2713 1500.;

1342 2717 1416 2740 1545.
1437 2718 1464 2738 et
1483 2715 1555 2738 1546.
1576 2715 1716 2744 quandam.

2168 2682 2253 2707 Editt.
