2347 3000
256 131 327 168 451

259 218 467 263 sanguinem
498 217 672 261 hominis,
713 221 880 254 fundetur
901 218 1043 262 sanguis
1075 218 1149 252 eius
1179 230 1244 263 per

259 267 462 310 hominem,
502 272 557 304 vel
581 283 659 305 cum
682 270 780 304 Adae
807 269 1033 304 commissum
1057 275 1109 304 est
1132 269 1244 314 impe-

259 320 353 354 rium
372 321 408 354 in
424 322 610 356 familiam.

362 388 527 433 Denique
544 389 598 421 lex
613 387 728 432 coepit
744 399 815 421 esse
830 388 1039 430 necessaria,
1057 394 1137 433 post
1146 387 1242 422 Adae

258 445 463 483 peccatum,
499 440 542 471 ad
570 437 807 472 cohercendos
830 439 978 484 impios,
1022 453 1105 484 crgo
1129 440 1245 485 coepit

261 489 368 523 etiam
386 489 599 522 neccssaritis
619 501 689 522 esse
706 490 931 531 magistratus
951 491 1011 536 qui
1033 492 1143 535 legem
1168 504 1244 524 exe-

262 538 497 584 queretur⁸⁸).
564 539 686 573 Potest
717 540 824 583 igitur
852 542 1051 575 dominium
1081 543 1242 575 naturale

258 587 327 623 hoc
344 602 484 634 quoque
503 591 610 622 modo
627 591 787 632 definiri,
816 594 912 638 quod
928 593 973 627 sit
988 594 1043 626 lex
1059 593 1243 633 naturalis,

259 652 349 685 quae
368 640 509 673 ordinet
530 647 663 681 certos,
690 643 750 688 qui
777 643 953 687 praesint,
986 645 1029 677 ad
1056 642 1244 677 cohercen-

257 691 322 723 dos
345 691 486 735 impios.
538 692 686 726 Constat
711 693 803 726 enim
819 694 934 727 Adam
959 701 1038 740 post
1060 701 1243 739 peccatum

256 741 442 776 retinuisse
458 742 622 776 notitiam
638 745 836 777 naturalem
853 745 936 789 legis
948 772 958 785 ,
992 746 1081 780 sicut
1098 746 1244 780 retinuit

256 792 446 827 rationem.
511 793 626 827 Porro
660 794 760 827 civile
789 796 988 829 dominium
1011 803 1062 830 est
1084 797 1242 831 executio

256 843 408 876 dominii
425 845 609 878 naturalis.
670 845 762 879 Nam
786 853 826 879 ut
847 847 972 880 ordine
995 848 1243 882 administren-

256 899 315 926 tur
330 895 564 939 respublicae,
591 908 730 930 necesse
759 903 810 930 est
835 898 937 931 certis
960 899 1120 942 personis
1142 911 1243 931 manu

256 945 341 977 dare
358 947 603 989 magistratus,
631 953 665 979 et
688 947 833 993 reliquis
857 948 1067 982 interdicere
1092 950 1243 983 admini-

255 996 439 1037 stratione.
491 995 529 1029 Id
546 997 674 1030 ‹lleitur
691 998 791 1031 civile
808 999 1028 1041 dominium,
1053 1007 1172 1046 estque
1196 1002 1243 1034 ef-

254 1046 364 1080 sectus
388 1047 531 1092 quidam
549 1048 698 1081 dominii
711 1050 894 1084 naturalis.
939 1051 1039 1096 Quae
1058 1064 1143 1085 vero
1161 1064 1243 1084 con-

254 1096 346 1130 fusio
364 1098 482 1131 sutura
498 1105 587 1132 esset
606 1111 725 1133 rerum
743 1101 979 1144 publicarum,
1005 1102 1078 1135 imo
1094 1109 1128 1135 et
1142 1103 1244 1135 sami-

254 1146 458 1195 nannum),
484 1150 513 1183 si
528 1150 772 1193 magistratus,
798 1152 826 1185 si
850 1159 1015 1195 parentes
1040 1153 1243 1185 amitterent

254 1198 475 1240 dominium,
518 1201 656 1246 quoties
686 1201 801 1234 Deum
835 1202 1080 1235 offenderent?
1140 1203 1240 1237 Nun-

254 1261 364 1294 quam
381 1258 473 1283 certa
489 1264 558 1295 pax
576 1258 665 1285 esset
683 1252 789 1285 ullius
811 1253 964 1286 familiae
993 1260 1054 1286 aut
1078 1254 1240 1288 civitatis.

253 1299 424 1344 Quotidie
441 1302 535 1335 enim
551 1300 725 1336 haberent
741 1303 898 1338 seditiosi
917 1302 1080 1339 homines
1098 1317 1239 1339 causan]

286 1435 335 1464 88)
355 1437 551 1466 exequeretur]
576 1436 615 1460 sic
632 1435 715 1461 Editt.
732 1436 806 1461 1530.
827 1438 854 1461 et
871 1436 973 1468 Basil.;
1002 1436 1074 1464 Edit.
1091 1437 1166 1464 1535.
1184 1439 1240 1469 [ty-

322 1476 401 1500 pogr.
420 1477 530 1494 errore:
554 1473 727 1501 quueretur.

288 1518 338 1578 89¹)
354 1520 532 1559 familiarum]
552 1520 592 1545 sic
609 1521 693 1546 Editt.
712 1520 785 1547 1530.
809 1522 837 1546 et
849 1520 951 1553 Basil.;
977 1521 1048 1548 Edit.
1065 1522 1139 1548 1535.
1157 1522 1239 1548 fami-

333 1559 435 1580 uarium.

521 133 721 168 SCRIPTA
747 134 822 170 PH.
848 133 960 169 MEL.
986 133 1052 166 AD
1078 131 1288 168 ETHICEN
1313 131 1378 167 ET
1405 132 1660 170 POLITICEN
1690 132 2002 170 SPECTANTIA.

2206 136 2281 173 452

1296 217 1469 263 eripiendi
1491 219 1639 264 imperia
1666 222 1840 263 dominis,
1882 231 1958 255 non
1983 219 2145 253 solvendi
2169 220 2280 253 credi-

1296 274 1389 309 tum,
1416 281 1495 303 cum
1511 272 1733 316 disputarent
1748 274 1912 307 dominos
1931 282 2002 305 esse
2018 282 2091 304 non
2108 281 2226 315 posse,
2251 271 2282 305 si

1297 320 1357 365 qui
1373 329 1598 364 reposcerent
1616 325 1800 360 creditum.
1850 323 1968 358 Facile
1989 321 2084 355 enim
2110 327 2161 355 est
2184 321 2281 354 inve·-

1296 371 1373 404 nire
1401 371 1439 404 in
1470 372 1581 407 altero
1610 382 1811 418 peccatum,
1849 376 1945 421 quod
1979 372 2123 417 allegari
2152 377 2281 416 possen

1296 422 1575 465 Argumentatur
1593 431 1626 457 et
1641 423 1708 458 hoc
1725 428 1832 459 modo
1850 426 2041 461 wiclefus:

1346 472 1450 517 Impii
1467 474 1639 520 quidquid
1656 484 1782 520 agunt,
1811 478 1937 511 iniuste
1955 481 2074 520 agunt.

1345 523 1440 567 Ergo
1459 525 1564 558 ctiam
1583 526 1708 560 iniuste
1724 528 1905 572 possident
1920 540 1975 562 res
1992 534 2026 560 et
2042 524 2204 570 imperia.

1345 574 1427 610 Non
1445 583 1527 609 sunt
1542 577 1649 619 igitur
1667 591 1748 611 vere
1767 579 1915 613 domini.

1400 626 1700 671 Respondendum
1731 637 1800 670 est,
1846 642 1920 663 non
1949 627 2047 673 sequi
2080 627 2175 671 quod
2206 636 2280 657 non

1296 675 1366 710 sint
1380 689 1462 710 vere
1478 679 1628 720 domini,
1649 686 1786 713 tantum
1806 678 1871 713 lioc
1889 679 1987 725 sequi
2006 679 2101 724 quod
2119 675 2278 709 dominio

1296 727 1508 769 abutantur,
1547 731 1630 775 quia
1658 743 1732 764 non
1757 733 1893 765 addunt
1917 731 2022 764 fidem
2047 739 2129 772 erga
2152 726 2279 760 Deum·

1295 778 1418 824 Neque
1435 792 1519 813 vero
1534 778 1591 814 hic
1607 782 1734 816 abusus
1755 789 1890 827 pugnat
1913 795 1991 816 cum
2015 785 2142 813 natura
2166 776 2281 811 domi-

1296 830 1358 863 nii.
1411 830 1460 863 Ut.
1475 831 1503 864 si
1521 832 1598 876 quis
1618 840 1901 875 argumentetur:

1346 879 1449 925 Impii
1465 883 1637 927 quidquid
1655 891 1784 927 agunt,
1812 885 1938 918 iniuste
1956 889 2077 927 agunta

1345 930 1439 975 Ergo
1461 933 1565 966 etiam
1585 934 1712 967 iniuste
1729 937 1931 975 comedunt,

1343 980 1453 1025 Igitur
1472 996 1544 1016 non
1562 997 1642 1017 vere
1659 987 1861 1020 comedunt.

1396 1033 1461 1065 Hic
1484 1035 1668 1069 manifeste
1691 1043 1839 1079 apparet
1863 1035 2038 1080 posterius
2059 1041 2278 1075 consequens

1295 1079 1558 1119 ἇνακολούθου
1582 1098 1667 1119 esse.
1727 1085 1859 1119 Iniuste
1881 1086 2080 1130 possidere,
2115 1082 2204 1115 sicut
2225 1081 2278 1113 in-

1294 1132 1382 1165 iuste
1413 1135 1617 1176 comedere,
1653 1136 1827 1180 significat
1854 1137 1928 1171 sine
1959 1136 2025 1169 fide
2055 1144 2175 1167 coram
2200 1131 2278 1164 Deo

1292 1183 1492 1226 possidere,
1524 1192 1585 1220 aut
1609 1189 1805 1222 comedere.
1863 1188 1946 1223 Non
1969 1185 2142 1230 significat
2165 1182 2278 1227 ipsam

1292 1235 1551 1277 possessionem
1567 1238 1699 1271 malam
1717 1251 1801 1279 esse,
1829 1245 1890 1272 aut
1906 1239 2023 1271 cibum
2041 1236 2176 1270 malum
2192 1244 2278 1267 esse.

1293 1284 1360 1317 Sed
1374 1288 1483 1330 pudet
1499 1288 1649 1323 recitare
1665 1296 1737 1323 tam
1753 1291 1878 1334 procul
1901 1288 2085 1323 accersitas
2107 1293 2142 1320 et
2166 1284 2278 1318 mole-

1293 1342 1363 1370 stas
1383 1338 1636 1375 cavillationes.
1687 1341 1904 1387 Quanquam
1927 1341 2073 1386 prodest
2096 1337 2275 1371 interdum

1292 1386 1329 1419 in
1346 1389 1474 1424 talibus
1493 1390 1789 1435 disputationibus
1806 1391 1892 1426 haec
1910 1391 2068 1437 exempla
2091 1389 2276 1443 ostendere

1291 1437 1496 1481 iuvenibus,
1524 1443 1569 1474 ad
1584 1444 1740 1477 acuenda
1759 1444 1908 1486 iudicia,
1935 1451 1975 1478 ut
1998 1444 2141 1476 videant
2164 1437 2276 1486 quah-

1290 1489 1356 1524 bus
1371 1492 1518 1527 somniis
1536 1493 1709 1528 fanaticae
1726 1502 1860 1529 mentes
1879 1508 1988 1541 quum
2010 1508 2030 1529 a
2054 1492 2202 1527 vel'ilsste
2223 1500 2275 1524 Se·

1291 1542 1362 1574 mel
1378 1543 1651 1587 deerraverunt,
1677 1546 1912 1592 decipiantur.

380 1788 481 1822 Nota.
524 1790 688 1821 Editionem
710 1792 777 1820 anni
802 1787 914 1828 1531„
937 1799 1022 1830 quam
1041 1792 1069 1820 in
1084 1792 1304 1831 Prolegomenis
1323 1795 1563 1833 commemoravi,
1585 1805 1650 1824 cum
1670 1797 1789 1835 reliquis
1811 1795 1947 1827 conferre
1971 1797 2041 1827 mihi
2063 1809 2120 1827 non
2141 1799 2268 1838 contigit.
