2347 3000
254 106 346 140 1011

254 190 459 224 detrimenti
483 196 634 234 caperet.
696 190 771 222 Hoc
798 188 1102 222 senatusconsulto
1130 188 1238 220 daba-

252 249 311 276 tur
334 254 470 275 summa
493 248 646 285 potestas
673 240 873 273 consulibus
896 238 1049 272 habendi
1072 239 1238 278 delectus,

254 293 362 326 amnis
388 292 611 337 opprimendi
639 292 743 323 etiam
766 291 840 325 sine
864 291 994 323 indicio
1017 303 1088 329 eos,
1114 291 1239 323 adver-

253 357 312 378 sus
355 356 443 388 qnos
482 345 611 375 sactum
654 348 729 374 erat
765 342 1120 375 senatusconsultum.
1199 339 1239 372 In

254 407 405 433 summa,
433 394 544 427 simile
571 392 741 438 quiddam
764 399 839 425 erat
862 392 1125 437 proscriptioni,
1154 403 1240 437 qua-

255 446 298 479 lis
325 457 417 478 nunc
441 451 510 482 est,
540 456 617 476 cnm
643 444 838 488 imperator
863 444 1060 488 principem
1084 443 1239 488 aliquem

256 496 454 542 proscribit.
508 495 609 527 Talia
636 501 737 527 erant
767 508 870 539 saepe
895 496 983 528 facta
1013 501 1240 528 senatuscon-

256 548 345 582 sulta
372 552 493 579 contra
521 546 726 586 seditiosos,
762 553 800 579 ut
832 553 954 578 contra
983 546 1172 578 Catilinam
1208 551 1241 577 et

255 598 397 632 similes.
451 596 533 629 ldeo
565 610 644 629 cum
667 598 834 630 adversus
851 597 1022 629 Milonem
1048 597 1116 629 tale
1141 608 1241 629 sena-

255 648 513 682 tusconsultum
529 648 709 681 videretur
724 650 853 681 sactum
871 661 955 687 esse,
976 647 1119 680 Milonis
1137 658 1241 680 causa

255 700 358 732 valde
386 701 709 743 praegravabatur,
739 698 935 732 babebatur
954 711 1019 742 pro
1037 697 1153 743 reo‘·'⁰)
1172 698 1242 730 lae—

256 763 314 785 sae
347 750 559 789 maiestatis,
596 757 629 783 et
660 763 726 794 pro
762 750 971 794 proscripto.
1022 749 1067 782 Et
1098 749 1240 794 quidem

255 801 448 845 Pompeius
475 801 664 834 autoritate
697 799 800 835 liuius
833 800 1128 835 senatusconsulti
1160 812 1242 831 con-

256 853 395 897 scrIpsit
428 853 619 885 exercitum
654 859 776 886 contra
814 853 1007 891 Milonem,
1048 853 1106 885 sed
1140 849 1242 883 liuius

257 904 553 938 senatusconsulti
583 904 811 937 acerbitatem
844 916 939 936 novo
972 910 1046 935 tum
1081 902 1242 945 exemplo

258 955 359 988 leniit
375 955 578 999 Pompeius.
632 955 780 988 Addidit
797 955 904 994 enim,
932 960 1041 987 utres
1058 965 1244 997 cognosce.-

257 1013 374 1046 retur,
403 1018 442 1038 ac
468 1006 696 1039 iudicaretur.
748 1006 881 1039 Verum
905 1005 940 1037 in
965 1003 1032 1037 lioc
1049 1003 1244 1037 extraordi-

258 1058 361 1090 nario
387 1056 517 1089 iudicio
543 1057 619 1100 plus
650 1057 797 1100 periculi
830 1055 1015 1088 habiturus
1045 1061 1120 1087 erat
1144 1054 1245 1092 Milo,

259 1122 367 1154 quam
402 1107 430 1140 si
461 1119 516 1140 res
550 1107 690 1150 cognita
726 1113 813 1140 esset
849 1106 1030 1139 ordinaria
1062 1105 1141 1144 xia,
1185 1104 1246 1137 ubi

258 1160 379 1192 valent
401 1158 533 1191 multae
554 1158 786 1202 exceptiones,
814 1158 947 1202 negotii
963 1156 1246 1201 prorogationes,

258 1211 374 1244 studia
392 1209 607 1249 amicorum,
636 1209 720 1241 novi
739 1209 974 1253 magistratus.
1028 1208 1247 1250 Praegrava-

258 1263 364 1294 batur
387 1261 493 1304 igitur
512 1260 597 1293 Milo
625 1261 780 1304 primum
806 1259 1101 1294 senatusconsulti
1118 1256 1247 1290 atrocis

260 1313 392 1356 specie,
428 1324 506 1344 eum
540 1310 730 1344 baberetur
758 1324 823 1356 pro
847 1311 1059 1355 proscripto.
1112 1308 1247 1341 Adver-

261 1363 345 1397 sarii
369 1363 462 1396 enim
486 1362 714 1407 disputabant
738 1375 816 1396 eum
842 1363 913 1395 iam
940 1363 1147 1395 damnatum
1175 1371 1246 1392 esse

261 1415 452 1447 autoritate
476 1414 771 1447 senatusconsulti
798 1414 901 1447 illius.
963 1412 1099 1445 Deinde
1126 1412 1249 1443 oberat

262 1466 293 1499 ei
326 1465 608 1498 extrzmrdinaria
642 1465 808 1507 cognitio.
872 1465 1059 1497 Postremo
1096 1463 1249 1494 deterre—

262 1518 393 1549 bantur
416 1516 531 1549 studia
557 1516 754 1549 amicorum
781 1522 927 1560 propter
952 1513 1167 1559 praesidium
1189 1513 1249 1544 ad-

263 1581 384 1601 versus
401 1580 479 1600 enm
498 1567 749 1611 conscriptum.
786 1568 860 1599 Hae
878 1573 959 1599 sunt
976 1577 1112 1604 causae,
1140 1575 1249 1608 quare

264 1619 387 1652 Cicero
406 1625 439 1650 et
455 1619 799 1651 senatusconsultum
821 1618 905 1650 illud
921 1617 1024 1649 diluit
1045 1629 1083 1648 ae
1100 1615 1250 1656 mitigat,

266 1677 300 1703 et
324 1670 439 1714 ipsum
464 1669 787 1702 extraordinarimn
812 1668 982 1701 iudicium
1010 1664 1250 1711 reprehendit,

265 1723 308 1754 de
333 1733 402 1766 qno
427 1721 537 1752 multa
569 1721 727 1764 exempla
760 1719 910 1763 colligit,
945 1719 1071 1763 quibus
1099 1715 1251 1749 ostendit

264 1771 353 1805 nibil
380 1772 492 1804 simile
514 1771 693 1803 decretum
717 1771 822 1804 fuisse
843 1770 1033 1802 intersectis
1050 1766 1252 1800 clarissimis

266 1823 351 1857 viris
382 1822 563 1866 Scipione,
598 1821 715 1855 Druso
733 1821 779 1867 ⁸²¹)
810 1827 843 1853 et
870 1821 965 1860 aliis,
1001 1820 1060 1853 sed
1089 1825 1250 1852 senatum

267 1874 427 1907 reiecisse
461 1886 500 1906 ea
529 1873 670 1916 negotia
704 1873 748 1905 ad
774 1872 955 1905 ordinaria
981 1870 1122 1904 iudicia.
1175 1868 1253 1901 Pri-

268 1939 366 1959 nium
385 1925 490 1968 igitur
507 1925 695 1968 respondet
714 1924 944 1962 infitiatione,
972 1928 1078 1965 negat
1097 1926 1253 1953 senatus-

270 1977 470 2009 consultum
497 1988 568 2008 esse
594 1976 723 2008 factum
750 1975 990 2008 consentiente
1012 1978 1155 2008 senatu,
1194 1971 1251 2003 sed

272 2029 373 2060 docet
401 2033 561 2059 senatum
586 2025 763 2070 principio
789 2027 1013 2058 adversatum
1047 2035 1118 2056 esse
1152 2019 1255 2053 webe—

271 2085 410 2111 menter
426 2078 474 2109 illi
491 2077 806 2110 senatusconsulto.
844 2077 982 2109 Deinde
1000 2087 1083 2107 vero
1104 2085 1256 2105 comme-

273 2136 391 2163 morat
414 2142 485 2162 esse
508 2129 687 2173 quoddam
719 2127 1061 2161 senatusconsultum
1094 2124 1256 2168 generale

273 2182 423 2221 sactum,
457 2180 553 2225 quod
586 2179 726 2223 mitigat
756 2179 941 2223 tripliciter
955 2177 1035 2223 ²¹²²).
1095 2175 1256 2209 Primum

276 2233 359 2278 quia
383 2231 489 2265 suerit
512 2231 674 2274 generale
704 2231 940 2274 complectens
965 2235 1153 2273 utramque
1180 2238 1259 2270 par-

277 2291 359 2318 tem.
426 2283 546 2328 Quare
574 2294 647 2314 non
679 2287 819 2326 poterat
852 2281 964 2313 videri
995 2279 1083 2312 Milo
1115 2277 1258 2322 proprie

278 2338 477 2368 damnatus.
529 2333 713 2372 Secundo,
746 2334 843 2378 quod
866 2333 994 2365 diserte
1019 2329 1195 2363 addiderit
1218 2329 1259 2361 de

279 2385 469 2419 ordinariis
491 2384 640 2418 iudiciis.
692 2384 838 2424 Tertio,
866 2384 960 2429 quod
981 2394 1053 2415 non
1071 2381 1115 2414 sit
1130 2381 1259 2413 sactum

281 2437 461 2470 communi
476 2448 649 2469 consensu
663 2442 823 2475 senatus,
851 2436 909 2468 sed
930 2440 1104 2467 extortum
1123 2444 1185 2476 per
1202 2431 1262 2462 tri—

280 2490 414 2522 bunum
428 2488 638 2533 quibusdam
650 2487 871 2521 senatoribus
884 2486 1076 2519 Clodianae
1090 2482 1262 2517 factionis.

318 2623 366 2649 20)
386 2621 448 2648 reo]
470 2619 515 2642 Ed.
538 2619 611 2642 1563.
632 2620 742 2648 typogr.
764 2623 872 2641 cri-ore:
892 2622 932 2641 eo.

318 2666 366 2693 21)
385 2663 462 2687 (tons.
484 2668 565 2690 supra
584 2669 608 2691 p.
628 2662 686 2684 fleo.

317 2706 383 2738 21⁸)
405 2705 483 2731 cons.
503 2710 586 2734 supra
604 2712 627 2734 p.
646 2704 705 2727 9³1.
722 2703 780 2726 997.

820 102 943 138 PlllL.
979 101 1092 137 MEL.
1125 99 1327 136 SCRIPTA
1360 100 1697 137 PHILOLOGICA.

2179 101 2277 136 1012

1391 190 1568 234 Sequitur]
1601 188 1801 222 Secundum
1827 188 2084 233 praeiudicium
2110 188 2152 221 de.
2176 200 2276 222 sena-

1291 240 1531 279 tusconsulto,
1574 252 1645 284 quo
1677 240 1863 273 videbatur
1902 242 2089 272 damnatus
2128 246 2161 272 et
2194 251 2275 282 pro-

1291 290 1440 334 scriptus
1465 290 1564 324 Milo.
1618 291 1787 335 Quaestio
1814 304 1886 323 non
1908 291 2026 324 statim
2049 292 2275 328 condemnat,

1292 342 1351 375 sed
1386 342 1530 385 praebet
1561 348 1771 385 potestatem
1800 342 2016 387 inquirendi.
2123 340 2275 384 Caedem]

1292 392 1421 426 scilicet
1438 391 1554 424 Clodii
1570 393 1766 436 propositio
1783 390 1886 427 liuius
1905 391 2123 437 praeiudicii.
2192 393 2277 425 Con-

1292 449 1346 477 {ra
1373 444 1622 487 rempublicam]
1659 443 1692 475 id
1728 450 1798 483 est,
1833 456 1904 477 esse
1933 443 2166 482 seditionem,
2205 453 2276 475 esse

1293 495 1364 526 vim
1390 495 1556 527 iniustam
1587 501 1620 526 et
1645 494 1849 538 capitalem,
1885 495 2053 528 Milonem
2078 506 2149 527 esse
2177 505 2279 525 reum

1293 546 1407 578 laesae
1430 545 1644 585 maiestatis,
1683 546 1737 578 vel
1762 545 1933 579 Milouem
1960 547 2004 579 ob
2033 558 2108 578 eam
2135 555 2277 577 causam

1294 596 1579 642 exl›annitum‘·'‘·')
1598 602 1631 629 et
1647 598 1883 641 proscriptum
1902 609 1986 630 esse.
2075 597 2174 629 Illam
2189 595 2278 638 vero]

1294 648 1424 681 scilicet
1443 648 1597 680 caedem.
1640 647 1820 681 infitiatio.
1861 648 1974 691 Negat
1993 647 2084 679 enim
2106 647 2277 678 Milonem

1295 711 1313 730 a
1331 705 1454 732 senatu
1472 699 1747 732 coinlemnatum
1764 699 1880 733 fuisse.
1985 698 2134 742 Studiis]
2151 697 2282 730 scilicet

1295 750 1487 783 favoribus.
1538 749 1569 781 A
1595 750 1776 783 voluntate
1807 756 1968 789 senatus,
2005 761 2110 794 qnam
2141 749 2281 780 decreto

1297 801 1457 845 opponit.
1559 803 1762 846 Dec-larunt]
1782 801 1994 834 Ambustum
2015 806 2116 832 vocat
2135 804 2282 843 propter

1296 853 1474 885 incensam
1515 852 1661 885 curiam.
1773 851 2033 896 lntermm-tnae]
2075 850 2206 884 scilicet
2242 854 2281 881 ut

1296 910 1437 936 senatus
1461 904 1714 935 condemnaret
1732 903 1916 937 Milonem.
2019 899 2280 942 Inter-mortuae]

1298 955 1329 986 id
1364 961 1435 995 est,
1864 954 1937 992 vel,
1977 951 2066 985 nibil
2101 950 2281 985 habebant

1617 1008 1707 1045 Quae
1732 1006 1879 1050 quidem]
1909 1003 2097 1037 Concessio
2124 1004 2281 1046 interpo-

1298 1057 1362 1089 sita
1390 1056 1604 1087 minuendae
1631 1055 1786 1087 inxidiae
1811 1067 1926 1088 causa.

1400 1104 1429 1149 ξ.
1450 1106 1506 1138 13.
1535 1108 1633 1140 Hanc
1655 1117 1730 1139 cero
1757 1107 1996 1151 quaestionem]
2023 1106 2154 1139 scilicet
2174 1115 2281 1148 quam

1299 1157 1480 1189 constituit
1498 1157 1709 1200 Pompeius,
1737 1163 1775 1189 ut
1793 1168 1887 1189 novo
1905 1157 2064 1200 exemplo
2081 1155 2283 1193 baberetur,

1300 1208 1490 1246 iudicium,
1525 1208 1598 1247 vel,
1635 1214 1673 1241 ut
1696 1207 1914 1240 iudicaretur
1938 1209 1993 1240 vel
2019 1209 2285 1251 dignosceretur

1300 1271 1402 1292 causa
1429 1259 1584 1292 Milonis.
1686 1261 1867 1303 Nunquam
1892 1260 2018 1303 tamen]
2046 1259 2081 1291 id
2107 1264 2169 1298 est,
2196 1253 2286 1288 nihil

1300 1309 1413 1342 voluit
1447 1310 1533 1341 novi
1562 1309 1766 1353 praecipere
1798 1310 1833 1341 in
1867 1310 2094 1355 inquirendo.
2200 1309 2286 1342 Con-

1298 1361 1517 1404 sumendam]
1545 1360 1675 1393 scilicet
1690 1361 2032 1394 senatusconsultum
2049 1360 2141 1401 serit,
2169 1370 2284 1403 neque

1301 1412 1413 1444 voluit
1463 1411 1786 1444 extraordinarium
1832 1412 2002 1445 iudicium

1302 1464 1428 1507 Eiwm]
1464 1462 1570 1495 Redit
1599 1463 1643 1495 ad
1671 1463 1894 1498 sententiam.
1998 1466 2093 1497 Nova
2121 1461 2286 1509 quaestio]

1303 1515 1338 1546 id
1364 1520 1432 1552 est,
1461 1526 1552 1546 nova
1578 1514 1693 1546 forma
1719 1514 1852 1548 iudicii.
1954 1517 2008 1548 De
2032 1517 2126 1548 cuius
2151 1514 2207 1547 illo
2229 1514 2285 1545 in-

1302 1571 1388 1598 cesto
1411 1571 1525 1608 stupro
1540 1565 1610 1611 ¹23)]
1648 1565 1746 1610 quasi
1773 1565 1883 1598 dicat:
1924 1565 2006 1599 lN'on
2028 1565 2126 1598 licuit
2147 1562 2285 1597 senatui

1304 1618 1512 1656 decernere,
1546 1623 1585 1649 ut
1607 1617 1664 1648 ille
1692 1623 1879 1648 vocaretur
1903 1616 1940 1649 in
1967 1617 2019 1650 ius
2046 1622 2192 1661 propter
2214 1620 2286 1647 stu—

1480 955 1800 986 contemnebantur
1810 981 1818 993 ‚

1299 1005 1510 1037 autoritatis.

2061 1411 2286 1445 constituere.

1304 1679 1419 1710 prum.
1473 1667 1648 1699 Acerbum
1675 1665 1741 1699 boc
1766 1673 1827 1700 est.
1881 1667 2148 1699 Commemorat
2177 1663 2287 1698 bisto-

1304 1718 1393 1750 riam
1430 1716 1641 1751 Plutarchus
1680 1718 1716 1750 iu
1765 1718 1834 1749 vita
1878 1718 2036 1751 Caesaris
2054 1718 2113 1763 Ἧι).
2219 1718 2287 1750 Cen·

1305 1771 1410 1812 Iyz'lur
1440 1771 1646 1813 incendium]
1681 1769 1841 1801 Secunda
1857 1769 1927 1813 24ιᾶ)
1958 1769 2146 1811 mitigatio.
2197 1767 2287 1800 Cum

1306 1819 1439 1851 inimici
1465 1819 1610 1853 Milonis
1643 1820 1835 1852 obiicerent
1866 1820 2011 1853 Milonis
2041 1831 2183 1852 causam
2218 1819 2289 1850 iam

1306 1872 1510 1902 damnatam
1535 1883 1607 1903 esse
1631 1871 1954 1911 senatusconsulto,
1995 1883 2065 1916 qno
2088 1871 2185 1903 velut
2208 1881 2292 1913 pro-

1306 1921 1454 1965 scriptus
1481 1921 1666 1954 videbatur
1687 1922 1787 1961 Milo,
1816 1922 1938 1955 Cicero
1964 1922 2121 1966 primum
2147 1932 2293 1965 respon-

1307 1973 1359 2005 dit
1393 1985 1454 2016 per
1487 1972 1754 2012 infitiationem,
1797 1974 1893 2018 quod
1933 1980 2074 2007 senatus
2105 1983 2290 2017 nunquam

1308 2023 1504 2056 decrexerit
1550 2024 1731 2056 communi
1767 2037 1959 2064 consensu,
2000 2025 2141 2057 caedem
2174 2022 2291 2056 Clodii

1310 2075 1421 2106 videri
1445 2080 1566 2106 contra
1590 2075 1845 2119 rempublicam
1862 2077 1989 2108 factam
2015 2088 2099 2115 esse,
2123 2081 2291 2109 ettamen

1311 2126 1391 2171 quia
1425 2127 1604 2170 quoddam
1639 2127 1800 2169 generale
1832 2128 2011 2160 decretum
2042 2133 2118 2161 erat
2147 2127 2292 2165 factum,

1312 2189 1399 2221 opus
1424 2177 1489 2209 fuit
1506 2178 1690 2209 commoda
1714 2178 2016 2222 interpretatione.
2067 2177 2150 2211 Ideo
2167 2176 2291 2209 Cicero

1312 2228 1410 2260 addit.
1440 2228 1711 2271 mitigationem.
1776 2229 1979 2273 Tripliciter
2006 2236 2122 2262 autem
2153 2228 2295 2272 mitigat

1312 2280 1654 2313 senatusconsultum
1669 2280 1697 2299 ²⁷
1710 2280 1752 2326 ¹').
1831 2281 2012 2320 Primum,
2058 2281 2155 2325 quod
2188 2280 2294 2314 suerit

1313 2331 1474 2375 generale
1494 2331 1728 2374 complectens
1746 2338 1932 2378 utramque
1945 2338 2099 2377 partem:
2123 2333 2201 2365 ideo
2220 2345 2294 2367 non

1349 2458 1397 2485 22)
1417 2457 1605 2486 cxbannitum]
1625 2458 1673 2483 Ed.
1696 2458 1768 2482 1568.
1790 2459 1874 2482 male:
1893 2459 2075 2488 expannitum.

1349 2501 1398 2527 23)
1420 2502 1459 2525 De
1478 2501 1562 2524 cuins
1581 2502 1631 2524 illo
1651 2502 1759 2526 incesto
1777 2503 1892 2532 stupro]
1911 2502 1951 2525 sic
1969 2503 2016 2527 Ed.
2034 2503 2123 2534 1568.;
2141 2505 2190 2531 Ed.
2207 2505 2292 2531 Orell.

1386 2536 1477 2560 Cuius
1495 2536 1572 2559 enim
1591 2536 1624 2559 de
1642 2537 1693 2559 illo
1712 2537 1820 2560 incesto
1838 2537 1947 2567 stupro.

1350 2579 1398 2605 2⁴)
1419 2578 1488 2601 Ptnt.
1507 2577 1586 2601 Caes.
1605 2584 1628 2602 c.
1647 2578 1671 2601 9.
1694 2579 1732 2602 10.

1352 2621 1467 2649 24113111
1493 2621 1542 2645 Ed.
1570 2621 1642 2644 1568.
1669 2621 1727 2643 huic
1750 2620 1811 2644 voci
1836 2627 1932 2644 nomen
1957 2624 2077 2648 auctoris
2102 2625 2191 2655 „Finit
2215 2626 2299 2651 ΜΕΝ)

1387 2655 1533 2686 praefixum
1553 2658 1604 2678 est.

1353 2697 1426 2727 24b)
1446 2698 1524 2723 conf.
1543 2703 1627 2728 supra
1645 2704 1669 2728 p.
1689 2699 1748 2723 981.
1767 2699 1827 2725 997.
1847 2699 1923 2724 1011.
