2347 3000
234 127 305 163 531
804 123 926 159 PHlL.
959 121 1071 157 MEL.
1107 119 1308 155 SCRIPTA
1342 121 1678 157 PHILOLOGICA.
2174 123 2248 159 532

237 216 266 244 in
290 215 421 243 omnibus
445 213 576 251 gentibus
600 211 727 251 quotidie
751 210 975 247 conspiciuntur.
1019 208 1139 236 Certum
1162 211 1191 235 et
1213 206 1266 235 hoc
1289 212 1333 236 est
1356 208 1421 236 ideo
1444 209 1566 246 homini,
1596 219 1661 237 cum
1685 210 1719 238 sit
1742 209 1778 238 ad
1801 210 1966 237 societatem
1991 207 2138 243 conditus,
2172 208 2246 235 indi-

239 264 300 286 tum
322 266 387 285 esse
410 257 592 285 intellectum
614 255 719 282 ordinis
743 258 772 280 et
793 252 906 279 notitias
930 251 1128 278 discernentes
1151 250 1227 277 inter
1250 250 1370 278 honesta
1393 256 1422 279 et
1446 252 1556 287 turpia,
1581 258 1610 279 ut
1634 252 1695 279 Deo
1718 253 1831 280 obediat
1856 253 1882 278 in
1909 251 2035 277 honestis
2060 250 2196 277 faciendis
2218 256 2247 278 et

238 300 421 337 turpitudine
444 299 573 327 vitanda.
617 298 678 324 Nee
702 296 794 322 minor
817 300 860 321 est
884 293 1026 321 certitudo
1050 292 1150 319 harum
1174 293 1339 320 notitiarum
1364 302 1449 329 quam
1473 294 1672 330 physicarum,
1707 297 1760 323 etsi
1789 296 1817 322 in
1850 294 1900 321 hac
1931 293 2053 329 caligine
2085 298 2114 319 et
2148 292 2174 318 iu
2207 291 2248 319 his

239 342 380 369 incendiis
403 342 559 369 errantium
583 339 770 375 cupiditatum
794 337 887 363 minus
912 336 1038 363 divinam
1060 335 1139 361 illam
1164 335 1258 362 lucem
1281 335 1453 370 aspicimus,
1489 341 1518 363 et
1539 336 1694 364 :nivernum
1718 337 1844 365 effrenes
1868 338 1993 372 impetus
2016 335 2105 371 magis
2128 333 2250 369 langue-

240 384 347 411 faciunt
371 393 516 411 assensum
541 383 567 408 iu
592 382 634 407 his
658 388 742 416 quam
766 378 894 415 reliquis.
937 378 982 405 Ex
1006 377 1048 404 his
1073 377 1178 403 notitiis
1200 376 1263 404 Deo
1285 377 1428 413 ducente,
1457 377 1747 406 demonstrationibus
1771 385 1904 406 extructa
1928 384 1970 405 est
1994 377 2123 404 doctriua
2146 375 2250 410 ethica,

241 434 316 463 quae
340 427 413 461 regit
438 434 529 452 mores
553 422 710 450 hominum.
753 421 798 448 Ex
822 420 875 448 hac
893 419 1010 447 deducti
1041 424 1107 446 sunt
1137 418 1233 446 sontes
1262 419 1358 455 legum
1390 419 1581 456 politicarum.
1631 420 1700 447 Ideo
1731 430 1834 454 magna
1863 430 1979 458 semper
2006 419 2060 446 fuit
2092 419 2119 445 in
2149 417 2251 444 scholis

242 468 365 505 dignitas
389 467 534 494 doctrinae
558 465 686 500 ethicae,
715 473 800 500 quam
824 463 873 500 qui
897 472 953 490 non
978 462 1157 496 didicerunt,
1186 469 1269 488 veros
1293 461 1390 497 logum
1413 461 1509 488 sontes
1532 462 1580 488 vix
1603 462 1669 489 satis
1690 456 1867 499 intelligunt.

369 508 524 536 illustravit
548 507 621 534 hanc
643 512 739 534 autem
764 511 794 533 ut
822 505 927 532 multas
948 504 1018 532 alias
1041 503 1153 531 sobriae
1176 508 1205 530 et
1229 511 1315 530 verae
1339 503 1538 540 philosophiae
1561 510 1675 540 partes,
1704 514 1786 532 socer
1808 514 1886 532 meus
1910 504 2058 541 Philippus
2082 500 2252 530 Melanthon

242 557 399 580 monstrato
422 560 473 578 usu
497 555 527 577 et
549 549 671 576 ostensis
690 548 826 575 fontibus.
871 547 908 574 Et
930 552 960 574 ut
984 551 1128 583 perpetuo
1151 550 1228 572 esset
1250 545 1279 572 in
1303 546 1430 573 inanibus
1453 545 1688 578 adolescentum,
1711 547 1781 574 alias
1803 547 1866 573 aliis
1889 547 2081 573 occasionibus
2104 546 2130 572 in
2155 543 2252 571 schola

243 605 307 624 eam
330 599 467 630 repetere
489 592 611 619 solebat.
662 590 723 618 Etsi
747 590 823 617 euim
846 599 909 617 cuin
932 588 1098 616 Ethicorum
1122 587 1285 614 Aristotelis
1309 589 1510 623 enarratione,
1548 598 1632 625 quatu
1657 589 1777 616 retineri
1800 589 1828 615 in
1851 588 1959 615 scholis
1982 588 2096 615 volebat
2118 586 2254 621 gravissi-

244 638 297 665 mis
318 637 354 663 de
377 636 486 670 causi5‚
515 642 631 670 semper
656 632 850 668 coniungebat
875 631 1077 668 repetitionem
1102 630 1314 657 elementorum
1339 629 1523 664 mineorum,
1560 636 1654 657 tamen
1679 631 1816 658 miscebat
1839 630 1984 657 interdum
2009 630 2054 656 vel
2078 630 2255 666 interpreta-

242 680 334 708 tiones
364 684 527 715 poematum
552 677 749 710 Graecorum,
784 683 859 711 quae
888 678 1046 711 praecepta
1076 672 1113 699 de
1140 672 1266 699 moribus
1296 672 1463 707 continent,
1497 677 1528 698 ut
1551 672 1717 707 Phocylidis
1746 678 1796 700 aut
1818 671 1998 707 Theognidis
2028 671 2171 707 carmina,
2208 671 2250 696 iel

243 721 457 750 enarrationem
481 719 545 746 libri
566 717 713 746 Ciceronis
737 717 773 744 de
796 717 906 745 officiis,
964 715 1047 742 Hunc
1079 724 1143 741 cum
1174 719 1319 751 postremo
1350 715 1560 751 percurrisset,
1593 715 1699 742 adiecit
1727 715 1867 753 quaedam
1892 713 2094 741 declarationis
2117 712 2255 740 uberioris

243 773 346 799 causa,
369 771 444 800 quae
466 771 530 789 cuin
554 761 642 797 plena
666 760 721 787 sint
745 759 930 793 eruditionis,
953 764 982 786 et
1007 757 1162 784 multarum
1185 757 1447 785 controversiarum
1470 757 1565 784 fontes
1589 758 1756 794 explicent,
1780 758 1870 785 multa
1888 756 2256 793 accuratiusjtdistinguanss

244 816 330 844 quam
353 806 436 840 alibi,
465 802 700 831 comuninicanda
723 811 786 829 cum
810 801 940 838 pluribus
963 800 1135 827 censuimus.

372 847 414 875 Ad
436 853 466 875 te
489 856 556 874 vcro
580 845 734 872 clarissime
756 844 792 872 D.
816 844 939 877 Doctor,
969 847 1117 878 compater
1140 846 1168 869 et
1192 846 1314 877 patrone
1338 841 1460 868 colende
1486 841 1558 868 haec
1578 846 1713 869 annotata
1736 843 1835 878 mitto,
1870 851 1932 869 cum
1957 846 1987 868 ut
2010 840 2047 868 de
2070 839 2164 868 studio
2186 846 2256 875 erga

244 898 273 919 te
297 900 360 918 meo
383 895 412 917 et
435 888 615 916 observantia
639 887 792 921 testificer,
827 892 886 913 tum
911 886 977 922 quia
1000 894 1038 912 ex
1061 883 1276 911 necessitudine
1300 884 1408 910 veteris
1438 884 1646 911 coniunctionis
1677 894 1741 912 cuin
1769 894 1869 912 socero
1901 894 1964 911 meo
1993 883 2094 910 deberi
2124 881 2173 909 tibi
2202 880 2255 907 boc

244 943 347 962 munus
371 932 513 959 existimo.
573 930 698 957 Puerum
730 929 781 955 ille
810 934 838 956 te
868 929 943 955 iutra
972 926 1144 954 domesticos
1174 925 1303 962 parietes
1332 931 1360 952 et
1384 932 1505 962 paterno
1529 935 1627 953 amore
1650 927 1820 963 complexus
1844 932 1887 954 est
1911 926 2033 959 eximie,
2066 930 2096 952 et
2118 922 2256 960 singulari

245 985 313 1004 cura
335 974 451 1002 erudiit.
486 973 575 1000 Huius
598 980 686 1008 opera
710 971 858 1007 ductuque
881 971 908 997 in
933 970 1105 1007 optimarum
1128 969 1248 1004 artium,
1277 973 1306 995 et
1332 968 1487 1004 praecipue
1510 968 1659 996 doctrinae
1682 969 1796 996 ethicae
1820 969 1974 997 elementis
1998 967 2160 1001 institutus,
2192 973 2256 992 cum

244 1019 281 1047 ad
305 1019 402 1054 legum
424 1015 551 1043 studium
574 1014 719 1041 attulisses
741 1013 932 1048 cognitionem
957 1012 1079 1039 fontium
1102 1017 1130 1039 et
1154 1011 1259 1038 artium
1284 1009 1545 1046 philosophicarum
1569 1011 1760 1047 adminicula,
1796 1011 1824 1038 id
1851 1015 2044 1047 consequutus
2067 1018 2115 1042 es,
2150 1014 2179 1035 ut
2200 1015 2256 1034 non

244 1061 335 1089 solum
359 1059 508 1086 doctrinae
532 1057 633 1093 laude,
656 1056 707 1084 sed
732 1061 760 1082 et
784 1055 926 1092 sapientia
949 1055 976 1081 in
1002 1054 1200 1081 moderatione
1223 1062 1398 1080 summorum
1423 1053 1605 1079 consiliorum
1632 1058 1662 1080 et
1685 1054 1866 1090 negotiorum
1890 1052 2021 1090 publicae
2044 1049 2258 1089 gubernationis

243 1102 383 1132 excellas.

372 1142 472 1172 Adieci
493 1146 591 1169 autem
614 1140 656 1168 his
677 1139 909 1167 annotationibus
932 1138 1023 1166 soceri
1046 1136 1283 1165 commentarium
1307 1136 1335 1163 in
1359 1136 1483 1172 primum
1508 1136 1610 1164 librum
1634 1135 1794 1164 officiorum
1819 1137 1869 1164 viri
1891 1136 2000 1164 clariss.
2022 1135 2056 1164 D.
2079 1136 2116 1163 D.
2139 1133 2259 1170 Georgii

245 1187 392 1222 Cracouii,
415 1185 564 1223 praecipui
588 1183 671 1210 amici
692 1182 799 1217 nostri,
822 1190 907 1218 quem
931 1181 1106 1208 auditoribus
1130 1180 1157 1206 in
1182 1179 1236 1206 hac.
1259 1178 1358 1205 schola
1380 1179 1436 1206 suis
1460 1179 1608 1216 proposuit
1631 1184 1699 1207 ante
1721 1179 1828 1207 multos
1851 1188 1959 1215 annos,
1987 1183 2054 1206 tunc
2077 1187 2142 1205 eum
2163 1175 2259 1203 adhuc

243 1232 320 1258 iuter
343 1228 523 1257 Professores
547 1225 747 1262 philosophiae
771 1224 885 1261 publico
910 1223 970 1250 loco
994 1222 1154 1250 doctrinam
1178 1221 1292 1248 ethicen
1317 1229 1353 1248 ex
1384 1222 1496 1257 graecis
1527 1223 1637 1258 pariter
1665 1227 1695 1249 et
1725 1222 1822 1249 latinis
1850 1222 1976 1249 fontibus
2005 1220 2126 1249 tradidit
2155 1225 2260 1255 magn·

245 1283 308 1300 cum
333 1272 456 1299 utilitate
479 1269 608 1306 publica,
632 1276 701 1304 quos
725 1267 774 1293 ille
800 1267 913 1293 labores
937 1275 1001 1292 cum
1022 1274 1079 1292 non
1103 1268 1253 1291 recusaret
1277 1272 1442 1300 quanquam
1465 1264 1642 1300 gravioribus
1664 1270 1836 1301 occupatus⁷
1858 1265 1995 1292 eximium
2019 1263 2106 1291 decus
2128 1260 2259 1288 adiunxit

244 1321 273 1342 et
296 1314 376 1341 auxit
400 1313 568 1348 dignitatem
593 1316 679 1346 atque
702 1309 919 1336 admirationem
944 1309 1051 1335 artibus
1075 1306 1178 1334 nostris
1201 1306 1333 1333 acumine
1357 1311 1386 1332 et
1410 1306 1587 1342 praestantia
1610 1307 1735 1344 ingenii,
1757 1307 1905 1334 doetrinae
1929 1306 2093 1343 multiplicis
2117 1305 2260 1338 ubertate,

244 1357 350 1385 latinae
372 1353 527 1382 facundiae
549 1352 707 1387 suavitate,
742 1352 836 1388 gravis
859 1350 953 1378 iudicii
976 1349 1158 1384 maturitate,
1196 1348 1324 1384 denique
1347 1356 1381 1375 ea
1404 1348 1467 1385 ipsa
1489 1348 1642 1385 opinione,
1679 1349 1755 1385 quod
1777 1355 1807 1376 et
1830 1348 2025 1385 magnifacere
2049 1344 2260 1385 philosophiam

244 1399 436 1432 iudicaretur,
460 1401 489 1424 et
512 1395 585 1422 hanc
608 1403 672 1422 cum
695 1394 792 1430 legum
815 1393 935 1420 scientia
957 1393 996 1420 ita
1020 1391 1224 1427 coniungeret,
1248 1395 1278 1417 ut
1302 1391 1329 1417 in
1354 1395 1478 1427 utraque
1501 1400 1564 1418 eum
1579 1391 1676 1419 multis
1692 1391 1754 1419 aliis
1770 1391 1947 1428 singularum
1964 1389 2177 1427 professoribus
2193 1396 2258 1414 cer-

243 1448 307 1470 tare
330 1444 436 1478 posset.
493 1438 555 1464 Etsi
582 1442 678 1464 autem
701 1436 759 1462 scio
783 1441 913 1462 autorem
936 1435 1087 1462 consilium
1110 1442 1206 1460 meum
1230 1432 1267 1460 de
1291 1432 1418 1460 editione
1442 1443 1496 1461 non
1522 1434 1708 1470 probaturum
1732 1442 1812 1468 esse,
1850 1440 1946 1461 tamen
1969 1433 2101 1469 publicae
2125 1429 2259 1459 utilitatis

244 1485 387 1513 rationem
408 1479 631 1509 anteferendam
654 1487 719 1506 esse
744 1478 843 1505 censui
866 1478 899 1504 iis
921 1478 1029 1513 causis,
1069 1481 1190 1513 propter
1213 1484 1284 1513 quas
1304 1475 1427 1503 fortasse
1450 1484 1606 1513 suppressa
1629 1485 1681 1503 sua
1698 1484 1764 1503 esse
1786 1476 1897 1504 mallet.
1960 1476 2005 1503 Te
2028 1485 2096 1503 vero
2119 1483 2172 1511 pro
2195 1471 2260 1500 exi-

244 1527 302 1555 mia
325 1530 372 1554 tua
395 1532 467 1561 erga
489 1531 534 1550 me
558 1521 763 1549 benevolentia
785 1525 814 1547 et
837 1520 1016 1547 humanitate
1038 1524 1184 1556 perpetua
1206 1527 1255 1546 oro
1280 1523 1368 1555 atque
1389 1518 1533 1554 obtestor,
1557 1523 1588 1546 ut
1611 1518 1689 1555 quod
1711 1519 1819 1556 optimo
1842 1527 1858 1545 a
1882 1527 1928 1546 me
1952 1518 2069 1546 consilio
2084 1517 2191 1545 factum
2205 1519 2261 1548 est,

243 1574 357 1605 gratum
381 1567 428 1594 tibi
453 1574 517 1593 esse
544 1569 756 1601 acceptumque
778 1563 912 1599 patiaris,
948 1568 977 1589 et
1001 1570 1048 1588 me
1071 1561 1230 1598 patrocinio
1259 1565 1324 1595 tuo,
1360 1566 1391 1589 ut
1423 1560 1517 1589 fecisti
1545 1560 1703 1597 hactenus,
1737 1570 1824 1599 porro
1853 1561 2054 1598 complectaris
2082 1569 2116 1588 ac
2144 1559 2259 1587 tuearis,

245 1611 338 1639 Datae
361 1609 548 1645 Witebergae
571 1607 673 1634 Caleu.
697 1606 798 1634 octob.
821 1606 904 1633 Anno
927 1614 944 1633 a
968 1610 1035 1632 nato
1057 1602 1172 1631 Christo
1196 1601 1288 1632 1562.

1770 1645 1828 1672 Tui
1850 1643 2072 1672 studiosissimus

1735 1684 1865 1726 Caspai·
1887 1686 2054 1716 Pcucerus
2077 1687 2111 1714 D.

372 1778 512 1807 Similiter
534 1782 622 1813 atque
645 1774 848 1812 Philosophiae
871 1773 986 1801 moralis
1017 1773 1160 1810 epitomes
1190 1770 1306 1798 editioni
1337 1780 1363 1797 a.
1389 1769 1479 1799 1542.
1509 1771 1724 1798 commentatio:
1760 1768 1814 1798 De
1843 1772 2024 1799 autoritate
2052 1769 2259 1810 Pre‘ucz'pum,

247 1831 321 1861 quae
345 1822 424 1859 prius
451 1821 492 1847 bis
521 1819 637 1846 seorsim
668 1818 833 1854 prodierat,
864 1826 881 1844 a
903 1816 1094 1843 Melanthone
1124 1813 1257 1840 adiuncta
1289 1819 1330 1840 est
1363 1813 1436 1851 (rid.
1466 1814 1600 1849 Prolegfg.
1633 1823 1660 1849 p.
1684 1812 1831 1842 19—20.
1861 1821 1891 1842 et
1919 1814 2027 1842 Philos.
2058 1816 2159 1843 moral.
2189 1816 2261 1852 epit.

246 1877 276 1903 p.
292 1862 492 1897 35—105.)‚
529 1862 615 1889 etiam
639 1861 682 1888 his
705 1859 923 1896 Prolegomenis
945 1858 1054 1885 inserta
1077 1862 1137 1884 est:
1177 1853 1314 1883 Collatia
1337 1855 1506 1883 actionum
1527 1855 1725 1883 Atticm-um
1747 1860 1779 1883 et
1800 1853 2031 1885 Romanarum
2055 1856 2100 1884 ad
2119 1855 2261 1886 Deculo-

246 1917 344 1946 gum,
374 1914 448 1944 quae
470 1910 556 1932 antea
579 1903 735 1940 separatim
755 1911 773 1929 a
794 1900 986 1930 Melanthone
1004 1905 1049 1928 ter
1071 1898 1150 1927 edita
1173 1903 1231 1926 est:

375 1956 406 1986 1.
437 1953 574 1984 collatio
598 1954 764 1981 actionum
781 1951 977 1991 forensium
998 1949 1193 1978 Atticarum
1217 1952 1246 1975 el
1269 1946 1499 1976 Romanarum
1527 1949 1801 1987 praecipuarum.
1857 1947 1989 1978 Amore
2010 1948 2168 1988 Philipp«,
2190 1948 2260 1979 ,Ue-

419 1995 586 2026 lanthone.
647 1992 856 2031 Vicchergae.
890 1992 1004 2023 Anno.
1025 1991 1072 2022 M.
1089 1990 1134 2020 1).
1150 1989 1286 2021 XLVI.
1314 2007 1354 2011 —
1401 1992 1448 2029 (ln
1469 1990 1559 2030 smez)
1582 1990 1785 2031 Impressum
1813 1989 2012 2031 Vitebcrgae
2033 1993 2126 2032 apud
2150 1992 2259 2022 Vicum

422 2038 590 2069 creutzer.
624 2038 680 2068 ἵΠ.
690 2039 732 2069 3D.
744 2035 880 2066 XLVI.
923 2036 954 2066 8.
999 2035 1020 2064 4
1043 2036 1141 2073 plagg.

247 2085 377 2123 Epistola
400 2081 609 2119 nuncupatoria
631 2081 667 2108 ad
690 2080 785 2108 Ioach.
807 2080 963 2107 Mollerum
986 2078 1108 2106 calend.
1131 2077 1282 2113 Septemb.
1307 2074 1399 2105 1546.
1422 2077 1544 2114 scripta,
1580 2086 1665 2114 quain
1687 2077 1858 2106 Melanthon
1886 2077 1953 2106 huic
1981 2079 2080 2107 libello
2103 2079 2258 2116 praemisit,

249 2137 351 2156 recusa
373 2132 416 2154 est
438 2126 467 2153 in
491 2124 556 2152 Vol.
572 2123 622 2150 Vi.
645 2133 675 2160 p.
689 2121 882 2151 225—229.
905 2121 990 2149 huius
1012 2120 1099 2157 Corp.
1123 2119 1255 2146 Reform.

376 2168 407 2198 2.
432 2166 568 2196 Collatia
592 2181 632 2185 -
652 2181 694 2185 —-—
716 2181 760 2186 -—
786 2162 919 2193 Amore
947 2160 1072 2201 Philip.
1100 2158 1261 2191 ,Melantln
1325 2157 1547 2199 H'c'tlebergae
1576 2158 1799 2191 Evcmlebant
1828 2159 2004 2191 Haeredes
2033 2161 2130 2192 Petri
2157 2161 2260 2193 Seitz.

419 2208 516 2239 Auno
538 2206 586 2237 M.
600 2205 644 2236 D.
659 2205 721 2236 LI.
762 2207 792 2237 8.
836 2205 857 2235 3
880 2207 978 2244 plage.
2047 2200 2051 2204 ”

377 2251 408 2283 3.
433 2251 571 2281 Collatia
596 2265 636 2271 —-
660 2266 700 2270 —
724 2265 764 2271 ——
786 2247 918 2278 Autore
932 2246 1057 2285 Philip.
1071 2243 1233 2275 Melanth.
1256 2244 1323 2284 (sub
1345 2256 1401 2284 quo
1424 2247 1542 2274 nomine
1565 2246 1726 2282 symbolum
1743 2248 1876 2275 Cratonis
1897 2253 1959 2284 est,
1981 2247 2055 2285 quod
2079 2257 2166 2284 supra
2190 2250 2259 2278 Pro-

422 2296 498 2332 legg.
522 2304 550 2332 p.
570 2290 718 2322 53—14.
741 2292 961 2329 descripsimus,
984 2291 1085 2318 iisdem
1109 2290 1204 2317 verbis
1226 2288 1498 2327 circumscriptum.)
1546 2285 1755 2327 ”Weber-gae
1769 2289 1870 2318 Anno
1885 2288 1932 2318 JI.
1946 2288 1990 2318 D.
2005 2287 2130 2318 Lllll.
2146 2307 2188 2312 —
2212 2292 2258 2331 (ln

420 2335 510 2375 tinet)
553 2331 770 2372 ''Wtebergaa
813 2330 1012 2363 lfa-cudebat
1035 2329 1200 2360 Iohannes
1225 2329 1332 2360 Crato.
1371 2331 1403 2361 8.
1445 2330 1467 2361 3
1488 2332 1587 2370 plagg.
1613 2330 1680 2371 (ult.
1703 2332 1754 2360 fol.
1778 2332 1866 2371 vac.).

253 2390 379 2419 Editioni
402 2387 525 2426 principi
549 2387 660 2414 adiecta
683 2391 743 2413 est:
772 2385 883 2413 Solonis
907 2385 1019 2421 elegia,
1041 2383 1124 2411 citata
1139 2381 1367 2410 aDemostheue
1390 2382 1428 2410 de
1451 2383 1559 2419 causis,
1583 2391 1657 2420 quae
1680 2382 1817 2411 adserunt
1839 2382 1958 2411 exitium
1980 2383 2078 2420 regnis
2100 2390 2128 2412 et
2152 2387 2260 2415 maenis

255 2433 429 2468 civitatibus,
459 2437 598 2457 conversa
620 2438 636 2456 a
659 2428 733 2456 Phil.
756 2428 827 2456 Mel.
872 2428 903 2455 In
928 2427 1055 2455 editione
1078 2425 1169 2453 altera
1192 2430 1222 2452 et
1244 2425 1329 2452 tertia
1351 2424 1423 2452 haec.
1445 2425 1559 2453 Solonis
1582 2425 1677 2462 elegia
1700 2431 1743 2453 est
1766 2426 1877 2452 omissa.
2198 2409 2215 2424 δ

380 2473 487 2499 Harum
511 2471 596 2499 trium
619 2470 777 2498 editionum
800 2470 893 2498 altera
918 2466 954 2498 G.
980 2466 1041 2498 Th.
1063 2464 1244 2501 Strobelio,
1283 2468 1342 2494 viro
1371 2467 1409 2494 de
1432 2466 1630 2495 Melanthonis
1653 2468 1765 2505 scriptis
1790 2467 1898 2505 optime
1922 2467 2041 2501 merito,
2079 2468 2176 2506 ignota
2198 2469 2259 2508 suit,

255 2520 431 2554 quapropter
459 2514 487 2540 in
515 2513 605 2540 libro:
648 2513 734 2540 Neue
761 2513 910 2549 Beytriige
939 2521 991 2539 zur
1018 2511 1180 2539 Litteratur
1208 2509 1368 2537 besonders
1398 2509 1449 2537 des
1482 2509 1694 2538 sechszehnten
1721 2509 1821 2537 Jahrb.
1849 2509 1914 2537 Vol.
1937 2509 1989 2537 IV.
2018 2510 2099 2538 Fasc.
2123 2512 2179 2548 11.‚
2213 2513 2258 2541 ubi

254 2569 285 2596 p.
300 2554 491 2586 104—106.
511 2555 549 2582 de
571 2554 624 2582 tiae
645 2556 887 2583 commentatione
909 2554 997 2591 dicit,
1019 2563 1048 2591 p.
1064 2551 1134 2582 106.
1159 2552 1274 2580 tertiam
1297 2552 1454 2580 editionem
1476 2561 1502 2579 a.
1520 2550 1611 2580 1554.
1635 2550 1811 2580 secundam
1826 2552 1964 2580 nominat.
2007 2552 2115 2581 Ibidem
2130 2555 2257 2592 equiuto

255 2598 450 2629 Melanthonis
471 2597 658 2633 epistolarum
680 2597 752 2625 libro
776 2607 804 2635 p.
819 2595 894 2627 299.
915 2595 988 2624 haec
1009 2595 1132 2624 auctoris
1154 2594 1192 2622 de
1214 2594 1268 2622 hoc
1290 2594 1388 2622 libello
1411 2594 1499 2622 verba
1521 2593 1622 2622 affert:
1654 2593 1763 2629 „Mitto
1786 2594 1835 2621 tibi
1859 2594 1990 2622 libellum
2013 2600 2132 2623 tenuem
2154 2597 2191 2624 de
2212 2597 2258 2625 fo-

254 2642 385 2670 rensibus
408 2639 575 2668 actionibus.
617 2638 704 2667 Dices
727 2649 774 2668 me
793 2640 923 2676 ineptum
946 2647 1025 2674 esse,
1048 2638 1096 2675 qui
1118 2637 1191 2665 tales
1213 2637 1348 2664 materias
1371 2636 1467 2667 edam.
1511 2636 1577 2663 Non
1596 2635 1707 2670 refut03
1738 2635 1789 2663 sed
1803 2636 1897 2670 edidi,
1920 2637 1987 2674 quia
2008 2637 2113 2665 alicubi
2134 2639 2257 2667 illustrat

255 2686 433 2713 Graecorum
455 2686 599 2708 oratorum
621 2680 791 2719 lectionem,
825 2687 856 2710 et
885 2685 1059 2708 vetustatem
1077 2679 1246 2716 disciplinae
1269 2678 1453 2707 considerare
1475 2678 1548 2706 utile
1570 2683 1624 2706 est.
1668 2677 1776 2706 Vident
1799 2679 1877 2706 enim
1899 2678 2116 2716 adolescentes,
2154 2689 2190 2708 ex
2211 2681 2257 2709 di-

252 2728 321 2756 vina
341 2726 409 2764 lege
433 2730 509 2752 ortas
532 2731 595 2752 esse
616 2723 757 2761 actiones,
783 2730 812 2753 et
834 2723 916 2762 quasi
936 2722 1081 2762 praesidia
1102 2721 1270 2761 disciplinae
1293 2719 1394 2750 esse.''
1418 2735 1457 2743 —
1506 2717 1555 2750 H.
1576 2716 1667 2750 Guil.
1688 2717 1898 2750 Rotermund
1919 2721 1948 2749 in
1971 2721 2059 2750 libro:
2096 2722 2255 2751 Verzeich-
