2347 3000
72 147 95 181 5
668 144 733 178 ΕΤ
760 143 1165 180 DISSERTATIONES
1193 144 1248 180 IIS
1273 145 1511 182 ANNEXAE.
2079 158 2101 190 6

74 231 135 263 cile
159 230 219 269 sit,
242 234 309 260 tam
332 227 471 259 exilibus
495 236 534 258 ac
555 227 690 259 minutis
714 230 888 260 sententiis
911 229 1030 259 addere
1054 230 1160 260 lumen
1184 235 1218 261 et
1240 231 1508 270 perspicuitatem
1532 232 1562 262 in
1587 232 1697 273 lingua
1721 235 1836 275 latina,
1866 237 1949 276 quod
1973 238 2100 278 quidem

73 284 124 305 me
155 274 272 312 ubique
303 276 516 301 consecutum
546 281 623 301 esse
656 282 718 301 non
749 273 854 302 ausim
885 272 1084 312 praedicare.
1136 274 1289 303 Nonnulli
1319 275 1533 305 invertendo
1563 276 1594 304 in
1625 277 1703 306 locis
1726 287 1838 316 parum
1862 281 2036 311 intellectis
2061 283 2099 313 de

73 326 132 347 suo
156 316 319 355 affingunt
341 315 529 345 auctoribus
553 324 657 344 novas
681 317 875 345 sententias.
919 316 983 345 Alii
1009 325 1071 344 non
1096 316 1261 346 intellecta
1284 317 1423 347 reddunt
1447 319 1616 358 ambigue,
1640 329 1681 348 110
1706 320 1901 359 deprehendi
1927 330 2025 362 queat
2046 326 2099 354 iu-

73 360 168 390 scitia
197 367 323 394 eorum,
353 367 487 396 quorum
519 357 657 387 alterum
687 359 883 397 impudentis
913 363 963 387 est
989 359 1127 397 ingenii,
1158 359 1311 393 alterum,
1344 361 1427 399 quod
1459 371 1528 390 meo
1553 361 1670 391 iudicio
1695 364 1791 393 etiam
1816 366 2012 400 flagitiosius
2037 374 2098 401 051,

72 402 221 442 perversi
245 405 342 439 atque
366 401 476 430 astuti.
520 400 591 439 Ego
615 411 694 430 vero
718 403 779 430 etsi
806 412 867 430 nou
892 401 1120 439 superstitiose
1145 404 1354 432 annumeravi
1381 404 1483 433 verba
1505 405 1632 443 verbis,
1657 410 1764 435 tamen
1790 398 1991 443 cans‘thtom,
2015 420 2098 449 quae

73 447 104 474 in
128 444 305 482 interprete
328 444 500 482 praecipue
524 445 714 482 requiritur,
745 453 868 473 summo
894 444 1001 473 studio
1025 444 1189 481 praestiti,
1220 449 1255 472 111
1280 455 1468 483 germanam
1492 449 1634 476 auctoris
1658 451 1854 479 sententiam
1879 451 2014 482 reddere
2039 463 2098 482 co-

71 496 183 524 narer,
219 486 314 525 idque
345 495 441 525 quam
470 488 610 516 maxime
639 487 733 525 plane
765 496 803 516 ac
833 486 971 516 dilucide
1001 495 1142 524 possem.
1201 486 1283 524 Quid
1314 494 1423 518 autem
1453 495 1626 519 assecutus
1657 492 1733 530 sim,
1764 492 1918 523 iudiciuin
1949 497 2009 524 erit
2038 496 2098 525 do-

72 529 230 559 ctorum.”

155 580 247 609 Haec
277 579 376 609 editio
405 589 478 609 cum
507 580 708 619 politicorum
740 579 891 608 librorum
915 579 1105 609 Aristotelis
1127 580 1397 619 interpretatione
1423 583 1472 619 (v.
1498 583 1599 623 insi-a)
1623 585 1798 616 coniuncta
1823 586 1914 616 1535.
1938 588 2098 628 Argenti-

73 632 134 653 nae
159 632 275 652 recusa
299 628 347 652 cst
374 623 420 651 sic
444 624 616 660 inscripta:

201 664 438 696 Commentarie'
468 664 502 694 in
534 664 705 700 Primum,
737 662 944 700 Secundam,
978 663 1144 703 Tertium,
1176 666 1206 693 et
1232 663 1386 702 Quintum
1417 664 1608 695 Ethicormn
1640 667 1788 708 Philippi
1818 668 2097 702 Illelunchthom's.

243 701 396 738 liiusilem
428 709 459 736 in
484 705 674 737 Aristotelis
703 705 827 748 aliquot
851 705 952 736 libros
975 706 1128 737 Ponticos
1154 706 1409 737 Fwnmcntart'a.
1453 707 1663 748 Arycntimw
1686 712 1773 750 apud
1795 712 1888 744 Imm.
1912 713 2096 745 Albertmn.

243 767 285 772 —
315 752 372 788 (ln
396 749 493 789 finez)
517 748 726 790 Arycntimlc
740 750 829 789 apud
841 749 933 779 lomi.
951 749 1137 789 Albcrtum,
1161 747 1281 779 Mense
1296 749 1439 787 Mai-llo,
1461 751 1560 780 Anno
1577 749 1857 785 MJAAA‘A'V.
1880 757 1909 786 S.
1935 758 2097 797 17111a0⁴g

241 791 280 830 (3
302 793 358 821 ult.
382 802 479 832 pagg.
504 794 613 831 vam),
638 802 772 832 quorum
797 792 887 832 13·β,,Δ
911 793 1019 833 plagg.
1044 795 1287 823 commentariis
1311 795 1507 827 ethicorum,
1531 794 1623 833 9²71ss
1645 796 1848 833 politicorum
1872 784 2083 838 complentur

73 835 304 865 Commentarii
327 835 505 864 ethicorum
528 836 730 874 praefatione
753 841 886 874 carent,
911 836 1111 874 politicorum
1137 840 1244 865 autem
1269 846 1287 866 a
1311 836 1514 867 dedicatione
1537 837 1577 866 ad
1604 838 1667 867 Ur.
1693 839 1865 879 Silliugum
1890 842 2057 881 incipiunt.

155 878 251 906 Auno
278 876 371 908 1545.
396 878 571 907 editionem
595 879 690 917 plane
714 888 833 908 novam
856 880 983 908 curavit
1007 879 1214 917 inscriptam:

197 918 381 949 Eum-ratio
403 919 524 963 aliquot
548 919 708 951 librorum
723 919 912 951 [Amicorum
930 919 1121 951 Aristotelis
1140 919 1263 960 primi,
1285 920 1439 959 secundi,
1463 920 1556 951 tertii
1580 923 1610 951 et
1633 921 1757 963 quinti,
1781 923 1826 954 ad
1847 924 2096 967 itetelle'yetedmn

239 961 451 993 Aristotelem
476 962 586 1003 utili-9,
609 966 723 993 autore
746 962 897 1003 Philippo
920 962 1146 994 stlelmzslzone.
1197 961 1389 1003 l'ireberyue
1416 965 1506 993 1545.
1539 965 1569 994 S.
1617 965 1657 995 19
1680 966 1789 1005 plagg.

71 1005 123 1034 cui
146 1005 230 1035 hanc
252 1006 424 1044 epistolam
448 1008 714 1045 nuncupatoriam
739 1009 921 1045 praemisit,
951 1017 1045 1046 quam
1075 1007 1136 1037 hoc
1166 1007 1236 1036 loco
1266 1011 1368 1036 totam
1399 1007 1531 1046 damus,
1561 1016 1634 1037 cum
1665 1010 1695 1037 in
1720 1004 1791 1039 Vol.
1816 1009 1856 1040 V.
1880 1010 1975 1041 huius
2001 1011 2096 1051 Corp.

73 1047 148 1078 Res.
172 1050 255 1078 inter
279 1049 436 1087 epistolas
460 1051 535 1079 anni
562 1050 652 1079 1545.
676 1051 796 1080 omissa
818 1051 870 1079 sit.

201 1106 393 1138 Clarissimo
417 1108 485 1139 νίνο
509 1108 692 1139 eruditione
722 1112 752 1139 ct
781 1109 902 1140 virtute
928 1108 1118 1149 praestanti
1144 1108 1288 1140 Domino
1311 1108 1499 1140 Arnoldo
1530 1107 1591 1140 Bu
1602 1109 1717 1140 renio
1733 1111 1783 1150 ¹),
1813 1110 1867 1142 Ph
1879 1111 1968 1152 ilip.
2000 1112 2097 1144 Me-

242 1149 373 1181 lunth.
397 1151 434 1182 S.
459 1151 503 1181 Ι).

157 1193 253 1223 Multi
282 1194 399 1223 samam
429 1194 551 1235 ingenii
575 1199 607 1223 et
631 1195 811 1234 sapientiae
834 1195 982 1224 omnibus
1006 1195 1171 1224 aetatibus
1194 1195 1435 1234 vituperatione
1459 1196 1577 1224 artium
1601 1197 1754 1233 aucupati
1777 1201 1870 1231 511111,
1904 1203 1937 1227 ut
1963 1198 2097 1228 Aristo-

72 1237 198 1276 phanes
226 1238 374 1276 exagitat
404 1248 467 1266 11011
491 1238 661 1267 Socratem
691 1242 816 1267 tantum
846 1238 1119 1276 contemplantem
1142 1239 1262 1275 nubes,
1292 1237 1351 1266 sed
1375 1239 1473 1267 etiam
1496 1239 1663 1268 Metonem
1680 1239 1729 1277 Ἃ),
1761 1240 1814 1277 (1111
1838 1241 1913 1269 anni
1938 1242 2096 1271 rationem

72 1279 334 1310 Atheniensibus
357 1280 560 1319 emendavit,
591 1290 628 1309 ac
652 1285 761 1309 aetate
793 1281 1025 1318 aliquantulum
1051 1281 1231 1309 antecessit
1255 1281 1434 1310 Socratem.
1489 1281 1612 1310 Postea
1636 1290 1714 1309 vero
1739 1282 1907 1312 Arcesilas
1923 1283 1956 1319 3)
1987 1289 2020 1313 ct
2044 1285 2096 1314 alii

73 1323 180 1362 multi,
203 1323 407 1361 impudenter
431 1324 529 1352 etiam
550 1323 787 1351 Ἰ1110111011111111111
810 1324 920 1355 initia.
951 1332 1033 1360 quae
1055 1328 1215 1352 vocantur
1239 1323 1345 1351 κοιναὶ
1372 1320 1514 1360 ἔννοιαι,
1543 1323 1742 1353 labefactare
1766 1326 1873 1354 conati
1897 1320 1984 1355 511111.
2029 1327 2097 1357 Sed

75 1365 177 1395 multo
208 1365 407 1403 plausibilior
437 1366 496 1394 suit
526 1375 654 1403 semper
685 1366 885 1403 vituperatio
914 1365 1008 1393 huius
1037 1366 1139 1403 partis
1164 1366 1402 1403 philosophiae,
1433 1374 1528 1404 quam
1552 1371 1673 1395 vocant
1696 1366 1846 1396 Ethicen.
1896 1368 1990 1398 Hanc
2013 1370 2097 1398 enim

75 1407 166 1438 multi
188 1409 444 1437 commenticiam
469 1417 543 1437 csse
567 1407 738 1443 dixerunt,
762 1412 795 1436 et
818 1417 961 1436 errorum
984 1408 1128 1445 plenam,
1159 1408 1234 1446 quia
1257 1407 1364 1435 nullae
1388 1408 1455 1436 sintv
1479 1407 1518 1436 de.
1542 1409 1684 1437 moribus
1708 1409 1820 1438 firmae
1844 1410 2097 1442 demonstratio-

75 1459 144 1479 nes.
199 1450 284 1479 Nam
314 1451 341 1479 si
370 1450 445 1488 quid
476 1451 558 1480 certi
589 1451 725 1478 inveniri
757 1455 884 1488 potest,
916 1449 1000 1479 unde
1029 1454 1103 1478 sunt
1130 1454 1195 1478 tam
1224 1450 1324 1478 multa
1348 1449 1482 1479 dissidia
1506 1449 1692 1480 sectarum?
1732 1461 1788 1480 0111·
1812 1452 1905 1480 Plato
1929 1455 1998 1491 ipse
2022 1454 2099 1484 dicit

73 1493 162 1522 cerni
185 1502 343 1521 summum
367 1493 501 1527 bouum,
524 1498 560 1521 ut>
583 1493 780 1522 simulachra
803 1493 952 1522 vultuum
977 1498 1158 1521 nostrorum
1182 1493 1211 1521 in
1238 1493 1330 1530 aquis
1354 1501 1415 1520 non
1439 1494 1521 1522 satis
1545 1502 1721 1531 expressa,
1746 1494 1927 1533 autlir1na‚
1951 1496 2009 1525 sed
2024 1507 2096 1526 mo-

74 1536 117 1565 tis
141 1536 234 1574 aquis
257 1535 390 1564 assidue
415 1533 599 1575 fugientia?
643 1535 770 1565 Deinde
795 1537 909 1574 etiam,
941 1536 968 1564 si
1002 1540 1055 1564 est
1078 1535 1184 1573 aliqua
1210 1535 1372 1573 doctrina,
1403 1535 1478 1573 quid
1504 1535 1638 1574 prodest
1662 1537 1767 1574 vitae,
1797 1546 1870 1566 011111
1893 1537 1961 1567 fere
1985 1549 2098 1570 omnes

73 1578 220 1608 homines
243 1579 347 1618 magis
372 1583 507 1608 naturae
531 1588 610 1607 suae
634 1579 775 1617 impetu,
804 1588 899 1617 quam
931 1578 1077 1608 doctriua
1109 1583 1142 1606 et
1165 1578 1327 1616 sapientia
1349 1576 1533 1617 regantur?
1579 1578 1700 1608 Placidi
1723 1584 1799 1608 sunt
1822 1580 1972 1613 Laelius,
2004 1583 2098 1612 Atti-

74 1630 133 1650 cus
156 1625 190 1650 et
213 1621 352 1657 similes,
377 1622 452 1660 quia
474 1622 580 1650 minus
604 1621 725 1650 habent
750 1621 822 1650 bilis
846 1621 994 1650 adustae.
1040 1621 1157 1659 'roi-vi,
1181 1622 1338 1655 immites,
1359 1621 1513 1660 inquieti,
1538 1621 1657 1660 Cleon,
1682 1621 1764 1651 Cato
1789 1627 1822 1651 et
1846 1624 1915 1659 alii,
1939 1625 2013 1662 quia
2036 1626 2098 1654 ab-

73 1663 198 1693 undant
229 1668 262 1693 et
291 1669 362 1694 atra
390 1670 423 1693 et
454 1664 572 1693 adusta
601 1664 681 1701 bile,
710 1664 859 1693 Piscator
888 1664 973 1703 apud
998 1663 1148 1693 Plautum
1164 1664 1197 1703 4)
1227 1664 1389 1703 queritur,
1419 1673 1480 1693 non
1507 1664 1592 1694 [lecti
1618 1674 1724 1694 mores
1747 1665 1855 1704 populi
1878 1665 1918 1695 ad
1943 1667 2097 1698 virtutem

72 1707 166 1735 bonis
189 1708 379 1746 sententiis,
409 1716 492 1746 quae
516 1708 548 1736 111
571 1716 693 1737 scaena
716 1708 910 1746 recitantur,
935 1708 1100 1746 inquiens:

500 1756 654 1796 Spectat-25
683 1768 740 1799 ‘²9⁰
768 1757 899 1798 pridem
930 1757 1066 1788 comicos
1094 1756 1258 1788 calistum
1282 1755 1423 1793 modum,

498 1800 680 1840 ,Sapienter
703 1801 790 1831 dicta
813 1800 937 1837 dicere,
967 1803 1063 1842 atquc
1084 1799 1127 1830 iis
1147 1799 1312 1840 plumle'cr.

501 1842 578 1873 Cum
604 1842 676 1873 illos
696 1843 861 1884 sapientes
875 1845 909 1884 5)
938 1853 1045 1873 mores
1067 1841 1298 1873 monstrabant
1318 1840 1433 1882 populo
1449 1841 1495 1881 ⁶).

499 1884 570 1916 Sed
597 1896 668 1916 cum
693 1887 770 1917 inde
792 1896 886 1916 suam
909 1885 1044 1928 quisque
1066 1885 1159 1916 ‘ibant
1182 1884 1304 1915 diverse&
1327 1885 1467 1924 domum,

500 1927 626 1959 ZVullus
648 1932 722 1959 erat
745 1928 800 1960 illo
822 1932 935 1969 pacta,
958 1932 993 1959 ut
1015 1927 1064 1959 illi
1089 1928 1266 1958 iusserunt.

161 1978 198 2009 Si
220 1988 284 2009 non
306 1985 441 2010 movent
463 1981 588 2010 animos
608 1981 683 2011 illae
706 1981 861 2012 mirificae
887 1982 1046 2021 imagines
1070 1981 1175 2017 vitae,
1204 1988 1288 2018 quae
1312 1983 1379 2008 tum
1403 1977 1435 2006 in
1458 1975 1652 2011 comoediis,
1676 1982 1743 2007 tum
1767 1978 1797 2007 in
1823 1979 1999 2018 tragoediis
2021 1991 2098 2020 pro-

80 2026 259 2059 ponuntur,
287 2023 349 2052 imo
373 2024 399 2052 si
422 2033 485 2052 non
510 2024 638 2053 frenant
658 2025 820 2053 hominum
845 2024 970 2053 furores
994 2023 1217 2053 atrocissimae
1241 2023 1348 2062 legum
1373 2020 1572 2060 publicarum
1597 2021 1717 2059 minae,
1740 2026 1773 2050 et
1795 2024 1967 2061 supplicia,
1992 2030 2023 2054 et
2046 2026 2099 2054 in-

80 2068 198 2102 gentes
220 2073 409 2103 aerumnae,
433 2075 516 2105 quae
539 2067 665 2096 scelera
688 2067 796 2103 fatali,
819 2067 879 2096 hoc
903 2072 970 2104 est,
994 2071 1085 2095 certa
1110 2070 1142 2095 et
1167 2065 1277 2094 divina
1300 2065 1373 2103 lege
1396 2064 1608 2099 comitantur,
1632 2063 1707 2101 quid
1731 2065 1925 2102 proficerent
1944 2066 2005 2095 hae
2025 2066 2099 2096 dul-

79 2114 137 2135 ces
160 2110 193 2135 et
215 2112 375 2137 venustae
407 2108 648 2147 disputationes
676 2107 965 2148 philosophorum?
1011 2109 1046 2139 Si
1072 2108 1247 2138 Catilinam
1271 2111 1456 2136 moventem
1486 2105 1678 2134 seditionem
1702 2116 1765 2135 non
1791 2114 1959 2137 moverunt
1984 2118 2099 2139 exem-

80 2147 134 2186 pla
158 2153 224 2177 tam
247 2149 349 2178 multa
371 2151 520 2189 aliorum,
544 2154 614 2191 qui,
637 2154 733 2182 motis
756 2153 970 2182 seditionibus
993 2152 1025 2180 in
1049 2151 1234 2181 melioribus
1257 2151 1384 2181 causis,
1413 2149 1556 2186 tragicos
1580 2149 1688 2177 exitus
1711 2149 1914 2182 habuerunt,
1938 2156 1972 2179 ut
1997 2152 2101 2181 Grac-

79 2190 232 2229 chorum,
262 2191 368 2221 Fulvii
385 2194 436 2231 ⁷),
467 2195 634 2224 Saturnini
648 2196 696 2234 ὃ),
726 2196 836 2233 Marii,
869 2194 944 2234 quid
974 2203 1094 2234 quaeso
1127 2193 1213 2232 apud
1244 2202 1317 2222 eum
1341 2192 1394 2221 hic
1418 2196 1529 2220 noster
1553 2191 1680 2220 libellus
1704 2192 1894 2229 proliceret,
1927 2193 2100 2232 disputans

79 2234 230 2263 suaviter
260 2244 323 2263 non
354 2237 608 2267 conturbandam
636 2248 711 2268 esse
741 2239 981 2277 proportionem
1011 2237 1243 2277 geometricam
1274 2236 1357 2264 iuter
1388 2235 1499 2269 cives,
1531 2232 1670 2262 dandum
1696 2236 1825 2263 senatui
1856 2240 1887 2264 et
1912 2238 2101 2266 consulibus

79 2284 175 2306 suum
197 2277 318 2315 locum,
350 2277 446 2308 huius
468 2282 683 2318 proportionis
713 2283 999 2311 conservationem
1023 2285 1055 2309 et
1079 2279 1235 2309 iustitiam
1260 2287 1351 2317 esse,
1388 2281 1421 2306 et
1444 2285 1581 2305 nervum
1605 2276 1765 2305 humanae
1789 2278 1958 2307 societatis
1982 2284 2015 2308 et
2038 2289 2101 2318 pa-

116 2388 145 2416 1)
164 2387 204 2411 De
222 2388 289 2411 Arn.
308 2388 443 2416 Burenio,
462 2389 621 2413 Professor-i
634 2390 667 2414 in
685 2391 767 2415 Acad.
787 2390 989 2417 Rostochiana,
1010 2390 1042 2413 cs.
1063 2388 1143 2417 corp.
1164 2387 1223 2410 nef.
1243 2386 1306 2410 Vol.
1326 2386 1361 2410 X.
1380 2392 1405 2416 p.
1424 2385 1475 2409 345
1494 2391 1534 2414 sq.

113 2430 145 2459 2)
164 2431 256 2453 Meton
274 2430 466 2459 Atheniensis,
492 2432 646 2455 Pausaniae
663 2433 750 2464 fitius,
775 2434 921 2457 rectiorem
940 2438 1031 2456 aeram
1051 2430 1186 2457 instituit.
1212 2429 1359 2452 secundum
1378 2434 1457 2458 quam
1481 2427 1545 2450 anni
1565 2425 1670 2449 initium
1687 2426 1768 2450 fiebat
1787 2428 1820 2451 ab
1838 2427 1987 2454 interlunio
2006 2430 2103 2454 solsti-

148 2464 216 2488 tium
233 2465 370 2488 aestivum
389 2466 579 2495 subsequente.
617 2467 694 2490 Vixit
712 2469 797 2491 adhuc
815 2468 897 2491 tertio
918 2466 1088 2497 Olympiadis
1107 2466 1148 2488 91.
1169 2470 1249 2487 anno.

115 2506 146 2535 3]
166 2507 327 2530 Arcesilaus
344 2513 364 2531 s.
382 2508 540 2535 Arcesilas,
559 2508 610 2532 316
631 2514 654 2534 a.
675 2510 737 2534 Chr.
758 2510 886 2541 Pitanae,
906 2510 1027 2534 Aeolidis
1044 2509 1121 2538 urbe,
1140 2508 1233 2536 natus,
1253 2504 1438 2536 philosophiae
1457 2503 1628 2527 academicae
1647 2504 1765 2536 mediae,
1786 2511 1854 2535 quae
1873 2505 1980 2536 dicitur,
2000 2509 2103 2531 auctor.

115 2548 145 2579 4)
166 2549 254 2572 Plaut.
274 2550 384 2573 Rudens
403 2550 452 2581 IV,
470 2550 496 2580 7,
515 2550 637 2575 23-27,

116 2592 147 2619 5)
166 2591 214 2616 Ed.
234 2591 339 2621 Bipont.
360 2593 513 2623 sapientis.

116 2633 147 2666 6)
167 2634 215 2659 Ed.
235 2634 340 2664 Bipont.
361 2635 457 2666 poplo.

118 2677 149 2705 7]
168 2678 204 2700 Μ.
222 2677 336 2701 Fulvius
355 2678 487 2710 Flaccus,
509 2679 543 2702 Μ.
563 2679 642 2704 ΡιιΙν,
662 2678 753 2703 Flacci
773 2678 861 2711 filiuS,
886 2685 911 2704 a.
930 2686 956 2703 u.
974 2681 1033 2705 575.
1051 2680 1165 2710 consul,
1186 2685 1255 2702 unus
1275 2676 1478 2700 triumvirorum
1498 2677 1530 2699 oh
1550 2676 1639 2707 legem
1659 2676 1796 2706 agrariam
1817 2676 1872 2700 Tib.
1893 2676 2006 2701 Gracchi
2025 2683 2105 2700 crea·-

153 2713 251 2735 torum.

118 2753 147 2784 8)
166 2754 195 2777 L.
217 2754 364 2784 Appuleius
385 2755 549 2779 Saturninus
563 2772 569 2780 ,
595 2756 675 2780 Marii
695 2756 801 2782 socius.
825 2763 901 2786 quem
922 2756 1018 2781 Cicero
1038 2755 1234 2780 seditiosorum
1257 2756 1320 2785 post
1342 2754 1480 2778 Gracchos
1501 2752 1752 2783 eloquentissimum
1771 2752 1897 2782 appellat.

1435 2788 1488 2821 1*
