2347 3000
247 117 343 152 1027
831 112 952 148 PHIL.

250 209 344 235 totus
359 201 455 234 locus
473 206 523 233 est
547 205 771 243 comparatus
795 199 838 230 ad
865 200 1060 232 movendos
1083 199 1238 232 affectus.

250 254 461 297 Tyrannum
481 257 696 292 grassantem
715 250 749 281 in
766 250 1020 293 rempublicam
1043 249 1124 283 licet
1150 250 1239 283 occi-

249 305 353 341 dere;
397 303 540 335 Clodius
567 302 632 334 fuit
656 307 844 344 tyrannus:

252 361 302 388 est
320 354 531 387 interfectus.
586 351 660 384 Hoc
679 357 925 392 argumentum
949 365 1022 384 uon
1047 353 1090 384 ad
1116 353 1240 384 tollen-

251 407 354 445 dam,
381 406 440 438 sed
455 405 497 435 ad
517 402 704 434 levandam
723 403 861 445 eulpam
879 403 1023 436 Milonis
1046 404 1149 436 valet.
1204 403 1241 435 Si

254 457 365 500 placet
384 455 543 492 elli—etus,
566 453 669 485 debet
686 453 790 485 etiam
811 454 947 497 placere
966 467 1081 488 eausa.
1124 453 1241 486 Maior

253 514 298 540 cst
319 507 352 538 in
373 504 550 548 exemplis,
578 516 681 547 saepe
702 510 728 548 t)
740 505 874 536 ranniei
893 503 1054 538 homines
1074 505 1239 549 prixatim

253 557 357 589 occisi
388 561 489 594 sunt⁷
530 561 563 587 et
593 556 716 587 caedes
753 556 922 599 probatae
955 563 1052 589 suut:

252 607 338 641 llaec
365 607 547 651 probetur.
641 607 853 651 Liberusset]
889 607 1020 640 seilicet
1047 613 1161 650 posset
1190 606 1241 638 di-

253 671 349 697 0010,
392 670 426 690 se
457 657 550 689 ultro
574 663 608 689 et
634 658 714 688 data
741 670 847 701 opera
873 658 1038 691 occidisse
1064 658 1241 696 Clodium,

1004 708 1044 741 111
1067 706 1131 740 liae
1155 709 1240 740 urbe

251 759 424 792 intcrl'ecti
443 764 524 792 sunt
548 758 658 803 aliqui
683 758 756 792 sine.
782 759 930 799 iudicio,
961 766 1105 803 propter
1130 759 1241 803 suspi-

886 313 969 344 ergo
994 301 1137 334 Clodius
1165 302 1239 333 iure

1098 568 1179 597 ergo
1208 561 1242 587 el

252 722 325 742 11011
342 709 437 752 quod
456 707 698 739 insidiatorem
720 708 945 742 intersecet-il.

252 812 389 843 cionem
417 809 634 854 tyrannidis,
680 810 741 854 qui
767 816 883 842 tamen
909 811 1006 843 nullo
1031 811 1140 842 modo
1166 816 1241 842 tan-

252 869 326 895 tum
346 862 429 893 mali
448 867 761 904 perpetraverunt‚
789 867 960 905 quantum
979 856 1059 894 feeit
1077 861 1238 894 Clodius:

252 926 335 956 ergo
354 912 450 944 licuit
466 911 629 944 Clodium
649 911 855 945 interlicere.
908 911 1008 952 ltem,
1037 912 1141 945 Multi
1160 918 1241 945 sunt

252 969 398 1008 propter
422 962 590 995 beneficia
611 962 732 995 occisi:
763 975 845 1004 ergo
874 970 1020 1007 propter
1044 964 1135 995 mala
1162 963 1242 994 licet

252 1015 409 1048 occidere
428 1014 604 1047 Clodium.
686 1014 803 1056 Cuius]
833 1013 1009 1047 Recitahit
1034 1013 1151 1045 omnia
1170 1026 1241 1046 see—

252 1067 323 1099 lera
343 1065 477 1104 Clodii,
505 1070 544 1096 ut
560 1063 752 1101 describat,
782 1065 921 1107 qualem
940 1071 1132 1108 tyrannum
1153 1064 1241 1095 ocei-

488 1113 742 1157 Fulviuln-ibus]
770 1114 1068 1154 5011ῐ(-(-1,.·1(Ι;η·.·15.
1122 1114 1242 1147 Pulvi-

832 1163 899 1198 1100
922 1172 991 1206 est,
1027 1177 1107 1199 aras
1134 1171 1241 1198 tectas

251 1116 342 1150 derit
360 1116 428 1148 ille.

253 1167 353 1200 naria
371 1166 547 1199 vocabant
563 1164 796 1205 lectisternia,

251 1217 509 1263 pulvinarilms.

354 1267 384 1312 ξ.
404 1268 463 1301 73.
494 1267 708 1311 Eoepiamlas]
724 1267 876 1311 Expiare
894 1267 1081 1309 religiones
1098 1267 1240 1306 dicitur,

253 1321 395 1366 quando
421 1318 610 1362 religiones
634 1318 784 1350 violatae
810 1319 912 1351 noxis
937 1318 1115 1351 sacrifieiis
1140 1317 1242 1363 quasi

252 1377 462 1416 purgantur.
514 1368 680 1412 Expiatio
703 1369 832 1402 dieitur
860 1369 1051 1402 satisfactio
1075 1381 1136 1402 seu
1160 1381 1242 1412 pro-

252 1422 404 1467 pitiatio.
509 1421 695 1465 Supplicia]
739 1420 775 1452 id
817 1427 891 1459 est,
932 1420 1242 1453 condemnatione.

252 1471 524 1514 Quaestionibas]
550 1470 586 1502 id
605 1477 674 1511 cst,
702 1471 934 1504 examinibus.
994 1470 1163 1515 Quaestio
1186 1468 1242 1502 hic

251 1523 425 1565 significat
450 1533 599 1554 examen
621 1528 656 1554 et
684 1528 881 1561 torturam,
923 1534 1029 1565 supra
1058 1521 1241 1555 iudicium.

254 1575 378 1617 Civem]
413 1573 544 1607 scilicet
566 1585 634 1606 1110.
736 1576 778 1606 Ut
800 1573 1011 1615 memoriam]
1048 1573 1180 1605 seilicet
1202 1578 1242 1605 ut

250 1626 415 1669 perderet
432 1623 608 1657 censorias
629 1623 776 1656 tabulas.
857 1623 1107 1667 Gc’tzse'01eis‘¹²‘)]
1128 1623 1163 1655 id
1180 1629 1241 1662 est,

250 1688 393 1716 census,
429 1674 528 1720 quasi
546 1675 655 1706 dieat:
692 1685 878 1706 censorum
906 1679 939 1706 et
962 1674 1240 1717 perscripturum

251 1727 392 1760 civium.
445 1725 619 1758 Recensio
637 1730 687 1757 est
705 1724 914 1768 perscriptio
934 1724 1036 1763 civis,
1071 1724 1155 1769 quid
1181 1725 1241 1757 dat

251 1790 382 1811 nomen
401 1775 635 1819 magistratui.

354 1827 384 1872 ἓ.
403 1826 462 1861 74.
491 1827 638 1871 Litium]
665 1825 796 1858 seilicet
817 1836 881 1868 per
906 1824 978 1857 vim
1002 1826 1240 1868 grassabatur.

249 1879 432 1912 Vindiciae
450 1884 531 1911 sunt
546 1877 623 1910 lites
649 1877 690 1909 de
715 1875 935 1920 possessione
960 1888 1092 1909 rerum.
1171 1879 1237 1910 Sa-

248 1931 446 1974 cramentis]
464 1929 499 1961 id
516 1935 584 1968 est,
612 1928 752 1966 litibus,
780 1926 1042 1971 sponsionibus.
1083 1926 1241 1960 Vocatur

249 1986 523 2019 sacramentum,
552 1980 635 2024 quIa
659 1976 895 2011 adhibebatur
920 1977 1027 2011 sacris
1053 1977 1111 2010 illa
1135 1990 1240 2022 pecu-

248 2034 320 2066 nia.
365 2031 588 2074 Decempeda
606 2035 658 2063 est
673 2029 885 2062 vocabulum
904 2040 1103 2062 mensurae.
1148 2028 1240 2061 Iani-

250 2085 366 2117 culum
390 2082 457 2115 fuit
483 2081 688 2114 Romanum
713 2081 955 2114 suburbanum
970 2106 978 2118 ,
1007 2079 1107 2124 qnasi
1128 2080 1238 2113 dicat:

251 2134 385 2168 Habuit
402 2134 496 2166 bona
513 2144 531 2165 (1
551 2132 667 2164 Roma
684 2143 795 2176 usquc
817 2132 859 2163 ad
878 2130 1136 2165 Mediolanum.

350 2184 380 2228 ξ.
402 2182 461 2217 75.
489 2185 558 2217 Sed
572 2195 673 2216 ausus
688 2182 834 2226 fieit⁵⁰)]
862 2181 1054 2225 Repetitio.

350 2236 435 2279 Cap.
451 2233 604 2267 XXVIII.
642 2232 671 2277 ἓ.
690 2233 749 2267 77,
784 2233 1018 2276 Quamobrem]
1040 2232 1239 2277 Exaggera-

251 2287 317 2319 tio:
349 2286 480 2319 Civitas
497 2298 570 2318 non
594 2283 711 2329 potuit
736 2296 808 2317 esse
835 2284 1028 2329 tranquilla
1056 2284 1123 2318 isto
1149 2285 1239 2320 viro.

250 2340 383 2383 Nequeo
393 2337 461 2381 ⁵¹)]
487 2335 739 2381 Amplificatio.

353 2387 382 2431 {-
402 2388 460 2421 78.
494 2390 572 2422 Vivo
589 2390 627 2421 P.
650 2385 777 2428 Clodio]
804 2384 836 2418 Λ
853 2387 1062 2421 commodis.
1143 2386 1238 2430 Viro]

250 2438 379 2472 scilicet
404 2438 550 2472 Milone.
667 2439 768 2471 Nune
790 2439 880 2471 em’m
906 2439 980 2483 quis
998 2438 1067 2484 52)]
1107 2436 1238 2471 Ironia.

286 2548 334 2575 49)
353 2547 516 2574 censionis]
535 2545 574 2568 sie
594 2544 642 2569 Ed.
659 2544 751 2575 1568.;
776 2544 826 2568 Ed.
846 2545 930 2569 orell.
949 2545 1136 2570 recensionis.

286 2591 332 2617 50)
352 2589 426 2620 fuit]
446 2589 485 2611 sic
503 2588 550 2611 Ed.
570 2588 660 2615 1568.;
688 2587 737 2610 Ed.
758 2588 842 2611 Orell.
862 2589 912 2611 est.

286 2632 334 2658 51)
354 2630 484 2661 Nequeo]
504 2629 544 2653 sio
562 2629 609 2652 Ed.
628 2629 702 2652 1568.
723 2630 749 2652 et
768 2629 821 2658 a1.;
847 2630 896 2655 Ed.
917 2629 1003 2654 Oreu.
1021 2629 1089 2655 Non
1106 2636 1187 2662 queo.

285 2672 332 2713 52)
353 2673 437 2732 {unc
455 2672 530 2696 enim
548 2672 625 2703 quis]
650 2671 690 2695 sic
708 2671 757 2696 Ed.
777 2672 870 2703 1568.;
899 2672 950 2698 Ed.
971 2673 1058 2697 Orett.
1076 2672 1154 2699 Nam
1172 2673 1238 2706 quis

318 2713 359 2739 ayt
376 2713 420 2732 ur.

989 113 1102 149 MEL.
1133 113 1335 152 SCRIPTA
1367 118 1703 156 PHILOLOGICA.

2182 124 2278 159 1028

1292 204 1404 238 Habui
1419 205 1489 250 5³)]
1522 206 1653 240 scilicet
1677 208 1772 253 quod
1798 207 1835 240 in
1859 208 2018 241 omnium
2044 209 2281 253 possessiones

1293 262 1489 289 mmsis-set.

1396 306 1482 350 Cap.
1502 305 1622 341 XXIX.

1295 357 1449 389 orationi
1469 369 1564 390 suae.

1398 406 1427 451 ξ.
1447 408 1505 440 79.
1535 406 1687 456 Finye‘le]
1714 409 1827 451 Egra,
1820 410 1904 443 111111
1927 408 2051 449 πάθος
2075 423 2092 443 (1
2112 410 2183 443 vita
2202 410 2282 444 Clo-

1295 457 1341 489 dii
1363 457 1596 492 exantitlnsi.
1673 460 2069 509 1’.(!ode·usr·etizerie]
2100 460 2282 507 ἀποστρο-

1295 507 1367 554 φὴ,
1395 521 1462 554 qua
1482 522 1516 541 5(
1533 510 1724 544 (1(1111(110(5
1743 513 1935 551 0011101111
1963 515 2056 558 quod
2078 519 2128 546 est
2152 523 2282 556 oppor-

1296 557 1572 599 t11111111171(s{)og.
1650 560 1873 609 Iluiuswyo]
1902 563 1956 594 xl,
1978 564 2102 596 e'tlectu
2123 561 2282 607 procnlst

1296 611 1339 642 ad
1359 623 1557 644 (((11151111111
1581 611 1762 645 antithesi:
1798 613 1916 645 Yitam
1942 626 2016 646 non
2039 614 2162 653 vultis,
2197 626 2280 657 ergo

1296 668 1446 694 mortem
1466 662 1599 696 debetis
1618 664 1716 697 xclte.
1769 663 1806 697 Si
1822 676 1917 697 1nors
1938 665 2069 708 placet,
2095 665 2231 709 placeat
2249 669 2282 696 et

1297 713 1511 746 interlector.

1399 763 1427 807 ξ.
1446 764 1505 797 80,
1544 762 1685 811 Graeci]
1711 765 1845 798 Maior:
1882 765 2072 810 Tyrannos
2089 765 2169 797 licet
2193 763 2282 796 occi-

1442 815 1541 859 quasi
1573 816 1721 848 diceret:
1774 816 1850 860 Ipse
1885 814 1991 849 habet
2022 815 2282 849 excusationem

1654 868 1749 911 quod
1795 868 1991 900 defenderit
2029 878 2131 900 suum
2167 871 2283 909 caput.

1296 915 1436 962 Graeci]
1466 916 1519 949 Ab
1545 918 1717 960 exemplo.
1802 921 1864 952 Vos
1888 916 1996 964 tanti]
2025 917 2283 949 Accommoda-

1296 967 1356 1001 tio.
1409 968 1541 1000 Minor.
1620 970 1750 1011 Muyno
1763 967 1894 1015 animo]
1926 968 2101 1011 Repetitio
2119 967 2260 1011 epilogi.

1398 1019 1482 1062 (lap.
1508 1018 1612 1051 XXX.
1650 1018 1767 1062 3181.
1802 1018 1996 1066 Levat-fo]
2033 1018 2164 1052 scilicet
2187 1019 2283 1063 quod

1294 1081 1328 1101 se
1357 1069 1564 1102 defenderit.
1669 1067 1832 1115 probari]
1866 1069 1996 1102 scilicet
2018 1070 2131 1101 deleto
2158 1067 2283 1101 Clodio

1297 1132 1418 1152 omnes
1439 1120 1530 1153 cives
1554 1125 1637 1152 sunt
1662 1119 1760 1152 salvi.
1843 1118 2040 1166 cecidisset]
2070 1120 2105 1152 id
2129 1125 2198 1159 est,
2226 1131 2283 1152 ex-

1296 1170 1439 1210 titisset,
1475 1171 1606 1203 suisset.
1687 1168 1842 1216 eederet]
1871 1170 2000 1203 seilicet
2022 1171 2111 1203 sicut
2134 1175 2284 1203 cesserat

1294 1221 1434 1254 Nasica.
1522 1224 1613 1254 Λάηι
1639 1223 1719 1265 quid
1742 1227 1825 1255 esset
1852 1219 2040 1268 ingratius]
2075 1220 2108 1254 A
2132 1220 2283 1265 turpitu-

1295 1272 1376 1304 dine
1402 1271 1678 1313 ingratitudinis.

1399 1321 1427 1365 {-
1445 1323 1504 1356 82.
1534 1319 1759 1368 Quamquam]
1779 1322 1973 1355 Correctio.
2052 1319 2192 1368 Omnes]
2220 1320 2285 1355 sci-

1295 1373 1374 1405 lieet
1397 1373 1474 1416 sing
1464 1373 1545 1413 uli,
1582 1373 1682 1418 quasi
1708 1373 1816 1406 dieat:
1853 1372 1989 1416 Singuli
2012 1373 2121 1405 sortes
2144 1371 2213 1405 viri
2235 1372 2283 1406 sic

1295 1430 1375 1457 sunt
1395 1424 1529 1463 abecti,
1558 1430 1595 1457 ut
1618 1423 1723 1456 etiam
1747 1423 1855 1466 gratis
1883 1424 2026 1468 cupiant
2049 1423 2201 1456 liberare
2222 1434 2284 1467 pa-

1296 1475 1412 1508 triam.
1504 1477 1682 1518 Proposita
1716 1472 1862 1521 invidia]
1896 1472 2158 1519 Epipllonema.
2250 1475 2285 1507 Is

1294 1529 1347 1560 vir
1364 1524 1456 1572 vere]
1483 1526 1547 1559 Hic
1564 1526 1655 1559 redit
1677 1527 1721 1558 ad
1739 1525 2004 1568 gratitudinem.
2056 1525 2144 1558 Milo
2168 1535 2283 1569 aequo

1295 1578 1414 1609 aninlo
1432 1578 1557 1616 ferret,
1583 1577 1611 1610 si
1631 1583 1718 1610 esset
1733 1577 1764 1608 ei
1782 1577 2046 1617 discedendum,
2074 1576 2156 1622 quia
2173 1576 2284 1608 sortes

1296 1628 1361 1660 viri
1380 1629 1469 1660 bene
1486 1628 1615 1661 mereri
1631 1629 1773 1661 student
1791 1629 1833 1659 de
1850 1628 2042 1672 republica.

1397 1678 1426 1722 ξ.
1445 1679 1503 1712 83.
1533 1676 1769 1724 Quamobrem]
1799 1678 1999 1712 Conclusio.
2077 1679 2146 1712 Sed
2163 1674 2282 1723 huius]

1294 1728 1399 1761 Aliud
1427 1736 1687 1774 argumentum.
1757 1729 1960 1762 'I'ranslatio
1987 1728 2144 1772 egregia,
2187 1728 2283 1773 quod

1295 1781 1446 1824 populus
1473 1781 1599 1813 debeat
1623 1792 1694 1813 esse
1721 1786 1840 1823 gratus
1864 1793 1928 1824 pro
1956 1780 2078 1813 divino
2100 1778 2284 1812 beneficio.

1294 1832 1464 1863 Divinum
1492 1831 1585 1864 enim
1608 1831 1816 1863 beneficium
1841 1843 1913 1864 esse
1946 1831 2042 1864 illam
2070 1829 2283 1863 intersectio-

1294 1895 1375 1915 nem
1403 1882 1530 1916 Clodii.
1591 1882 1706 1914 Autor
1728 1881 1820 1915 illius
1845 1882 1960 1916 caedis
1985 1888 2036 1915 est
2058 1881 2172 1921 Deus,
2207 1892 2282 1913 non

1294 1934 1394 1968 Milo.
1447 1932 1579 1966 Inserta
1600 1939 1650 1966 est
1667 1933 1870 1977 occupatio:
1904 1933 1965 1966 Dii
1990 1939 2116 1966 curant
2139 1944 2194 1966 res
2216 1929 2282 1965 hu—

1294 1997 1387 2017 111(111
1391 1997 1429 2018 15.
1464 1984 1558 2017 Deus
1574 1984 1691 2017 1eddit
1707 1996 1772 2027 pro
1788 1984 1978 2018 honestetis
1997 1983 2166 2028 praemizu
2202 1983 2282 2016 Clo-

1293 2037 1370 2069 dius
1388 2035 1480 2069 suit
1474 2035 1601 2079 nnpius
1625 2035 1662 2068 in
1683 2035 1770 2078 relig
1759 2035 1888 2069 iones:
1927 2047 2010 2079 ergo
2039 2047 2112 2067 non
2134 2034 2282 2067 dubium

1293 2093 1368 2127 est,
1420 2086 1506 2131 quin
1543 2086 1638 2120 Deus
1673 2086 1864 2130 sumpserit
1898 2099 2032 2130 poenas
2065 2087 2108 2119 (10
2142 2085 2281 2119 Clodio.

1292 2141 1362 2172 Nec
1383 2136 1478 2184 two]
1520 2136 1551 2170 A
1573 2137 1704 2182 pietate
1727 2137 1824 2171 locus
1845 2138 1943 2171 auxit
1966 2143 2213 2181 argumentum
2237 2137 2281 2169 de

1293 2189 1518 2233 gratitudine.
1620 2187 1820 2236 Arbe'lrczre‘]
1860 2189 1990 2223 scilicet
2021 2188 2107 2234 quin
2137 2187 2281 2221 Clodius

1292 2241 1368 2273 Deo
1400 2252 1533 2285 poenas
1566 2240 1714 2274 dederit.
1774 2240 1903 2273 Maior.
1992 2241 2133 2284 Imperii
2160 2238 2281 2283 vestri]

1291 2291 1570 2335 Argumentatur
1586 2303 1604 2324 a
1627 2290 1870 2335 magnitudine
1888 2290 2040 2335 imperii.
2115 2291 2282 2324 Prodide-

1292 2344 1390 2388 runi]
1419 2343 1521 2390 quasi
1544 2342 1653 2376 d1c1t
1695 2343 1796 2376 Certe
1822 2349 1873 2376 est
1901 2342 2045 2387 aliquod
2069 2352 2202 2374 mnnen
2226 2340 2279 2373 di-

1292 2395 1427 2428 vinum.
1478 2393 1585 2435 Item,
1613 2400 1704 2427 certe
1724 2399 1774 2427 est
1788 2393 1903 2433 Deus,
1931 2392 1991 2438 qni
2010 2398 2109 2425 curat
2131 2403 2188 2425 res
2212 2389 2278 2424 hu-

1291 2458 1427 2480 manas.
1484 2444 1590 2485 Item,
1627 2445 1719 2478 vices
1743 2457 1862 2478 rerum
1887 2449 2060 2477 testantur
2083 2455 2156 2477 esse
2177 2454 2278 2476 meu-

1291 2502 1383 2537 tem,
1424 2509 1494 2542 qua
1523 2502 1685 2530 creentur
1715 2501 1749 2529 et
1779 2501 2031 2529 conserventur
2054 2494 2120 2529 ista
2145 2493 2278 2528 omnia.

1657 306 1687 351 ἓ.
1705 308 1766 344 78.
1800 312 1877 343 Non
1899 307 2017 356 timeo]
2051 309 2152 343 Facit
2176 309 2281 343 fidem

1294 815 1398 854 dere,

1296 866 1571 908 probabiliorem
1591 892 1600 905 ,

1324 2626 1373 2653 53)
1394 2625 1506 2653 Habui]
1526 2623 1565 2648 sic
1581 2624 1631 2649 Ed.
1651 2622 1743 2653 1568.;

1357 2660 1530 2691 potuissent.

1325 2711 1373 2739 54)
1394 2710 1500 2742 Legat]
1521 2708 1561 2734 sie
1578 2708 1627 2733 Ed.
1645 2707 1736 2738 1568.;
1755 2707 1806 2732 Ed.
1825 2707 1910 2733 orell.
1929 2708 2023 2740 negat.

1768 2621 1838 2652 apud
1858 2621 2016 2647 Ciceronem
2035 2622 2151 2654 legitur:
2168 2622 2275 2649 habere
