2347 3000
187 130 257 166 571

189 217 253 249 rite
271 220 390 260 portas
407 210 584 257 prinpres
609 213 761 243 vestras,
799 210 833 235 et
861 201 1072 246 aperiamini
1095 213 1175 246 por-

191 276 244 300 tae
263 265 404 304 mundi,
434 269 466 296 et
485 259 645 294 introibit
663 268 723 289 rex
741 254 886 298 gloriae.

377 362 630 399 Secundum
667 360 992 400 argumentum.

243 444 316 490 Qui
344 453 418 474 non
448 444 497 471 est
520 437 642 473 iudex,
679 444 752 465 non
779 432 884 464 debet
907 430 1054 475 punire,
1095 427 1177 473 quia

297 491 450 536 cognitio
469 489 571 521 debet
587 485 792 518 antecedere
808 494 974 527 poenam.

242 545 470 588 Magistratus
490 537 652 583 politicus
668 547 741 568 non
759 540 810 568 est
826 533 931 567 iudex
946 533 1165 575 dogmatum.

240 597 334 639 Ergo
354 604 428 626 non
445 589 581 636 puniat.

292 651 522 697 Respondeo:
558 647 786 691 Magistratus
805 643 968 688 politicus
990 642 1083 675 solus
1107 652 1179 672 non

194 715 243 742 est
261 707 383 744 iudex,
410 703 469 736 sed
488 702 532 735 sit
549 711 631 744 pars
646 696 839 735 Ecclesiae,
867 701 900 727 et
923 707 1000 727 cum
1027 705 1065 724 ea
1091 691 1180 724 iudi-

196 766 249 793 cet
282 753 524 790 controversia
554 756 646 784 recte
670 747 859 793 inquisita,
895 752 927 778 et
952 743 1181 777 consideratis

195 809 351 844 fontibus
383 812 417 839 et
447 802 585 837 iudiciis
609 806 701 834 recte
725 798 927 831 docentium
955 796 991 828 in
1014 794 1182 833 Ecclesia,

196 873 269 895 non
300 860 344 893 sit
375 864 547 903 tyrannus
569 852 765 897 procedens
790 849 864 883 sine
888 847 1042 891 legitima
1065 845 1183 889 cogni-

197 914 313 951 tione,
347 921 422 942 non
445 908 488 941 sit
510 905 644 943 Midas,
679 901 740 947 qui
762 899 869 934 habet
892 911 993 932 aures
1018 897 1184 936 asininas,

199 965 232 997 id
251 969 319 1003 est,
346 961 401 993 vel
416 957 506 992 nihil
524 955 742 997 intelligens,
770 952 825 985 vel
845 951 968 983 avidus
992 948 1186 981 calumnia-

200 1028 297 1053 rum,
332 1012 387 1045 vel
412 1009 513 1044 stulte
540 1007 684 1040 credens
709 1002 924 1049 quibuslibet
944 1001 1098 1039 fabellis,
1132 998 1187 1032 vel

199 1066 389 1100 fascinatus
404 1060 541 1096 usitatis
562 1057 754 1091 erroribus.

298 1133 494 1177 Postquam
513 1134 631 1161 autem
649 1121 887 1157 controversia
905 1120 971 1152 rite
990 1118 1128 1162 cognita
1156 1122 1188 1149 et

201 1185 320 1220 audita
350 1189 419 1222 est,
463 1187 497 1213 et
524 1178 676 1211 iudicata
705 1186 769 1218 per
794 1171 1006 1209 Ecclesiam,
1052 1168 1188 1212 singula

202 1237 358 1271 membra
376 1231 552 1267 Ecclesiae
569 1228 697 1262 debent
717 1227 830 1257 facere
848 1234 937 1267 quae
955 1227 1036 1254 sunt
1053 1218 1191 1263 proprii

203 1287 325 1326 officii,
352 1280 606 1330 paterfamilias
631 1278 739 1310 domo
764 1274 880 1308 eiiciat
902 1273 1012 1306 filium
1028 1268 1191 1315 blasphe-

203 1351 319 1377 mum,
346 1334 513 1369 dominus
535 1341 695 1369 servum,
722 1333 761 1360 ut
777 1325 910 1359 Paulus
934 1322 1051 1369 inquit
1075 1323 1106 1356 1.
1125 1321 1192 1354 Co-

202 1387 310 1424 rinth.
327 1386 362 1428 5,
380 1386 479 1432 (9—
491 1383 585 1429 11.):
611 1381 666 1416 Ne
683 1379 728 1413 sit
742 1375 966 1410 familiaritas
982 1387 1062 1408 cum
1079 1373 1192 1406 idolo-

203 1441 319 1481 latris,
347 1438 396 1472 sie
418 1443 452 1470 et
474 1434 701 1478 magistratus
721 1425 968 1472 blasphemum
992 1425 1048 1457 vel
1070 1422 1194 1457 haere-

205 1494 311 1526 ticum
331 1489 387 1522 vel
404 1487 521 1521 eiiciat
537 1484 677 1518 civitate
689 1508 698 1521 ,
726 1480 780 1513 vel
796 1478 984 1511 interficiat
1006 1488 1072 1520 pro
1099 1482 1193 1508 atro-

205 1545 307 1578 citate
323 1538 474 1575 sceleris.
526 1536 576 1569 Ac
595 1545 740 1579 prorsus
759 1529 922 1573 congruit
938 1528 1132 1562 similitudo
1152 1527 1193 1558 (le

207 1591 461 1640 patrefamilias
486 1588 523 1620 in
548 1583 778 1622 oeconomia,
807 1587 841 1613 et
863 1581 904 1613 de
928 1579 1137 1622 magistratu
1158 1577 1195 1610 in

208 1645 327 1690 politia
340 1670 348 1683 ,
391 1640 474 1687 quia
504 1637 730 1681 magistratus
763 1633 867 1665 debet
897 1643 969 1664 esse
993 1630 1195 1662 membrum

207 1695 380 1730 Ecclesiae
392 1719 401 1734 ,
429 1691 517 1725 sicut
534 1687 684 1734 quilibet
699 1682 952 1729 paterfamilias
970 1693 1032 1714 suo
1054 1681 1144 1713 loco.

420 1790 626 1825 Tertium
655 1789 986 1829 argumentum.

261 1868 406 1919 (Mattli.
427 1869 485 1908 13,
502 1866 597 1911 30.):
625 1862 736 1897 Sinite
756 1867 906 1905 utraque
922 1869 1087 1891 crescere.

312 1931 364 1964 De
383 1928 451 1963 hoc
475 1927 568 1960 dicto
593 1923 812 1967 respondeo,
845 1931 920 1952 non
940 1915 1123 1963 prohiberi
1149 1918 1199 1950 of-

209 1984 285 2019 ficia
298 2010 307 2022 ,
349 1981 409 2015 sed
441 1976 684 2012 confusionem
714 1972 923 2005 officiorum.
991 1968 1062 2013 Qui
1086 1968 1199 2001 mani-

210 2038 335 2070 festum
354 2038 424 2070 est,
451 2027 669 2063 severissime
690 2024 898 2057 mandatum
918 2033 1010 2060 esse,
1033 2027 1073 2053 ut
1094 2019 1200 2053 mini-

214 2081 470 2126 striEvangelii
486 2080 640 2112 refutent
656 2087 793 2108 errores
810 2073 982 2110 docendo,
1010 2071 1098 2104 sicut
1109 2071 1201 2104 Pau-

211 2140 264 2172 lus
295 2136 392 2169 iubet
419 2133 463 2165 ad
487 2130 609 2163 Titum
629 2128 661 2166 1,
681 2126 792 2170 (13.):
836 2124 953 2166 Argue
986 2134 1044 2155 eos
1069 2134 1200 2162 severe,

212 2196 252 2224 ut
266 2187 402 2221 discant
417 2182 495 2217 sani
510 2192 581 2214 esse
597 2179 632 2212 in
649 2178 716 2210 fide
733 2182 796 2209 etc.
848 2175 894 2208 Et
909 2175 951 2206 de
966 2173 1111 2217 politico
1128 2185 1201 2205 ma-

212 2241 360 2284 gistratu
376 2234 559 2269 manifeste
575 2234 802 2275 praeceptum
822 2232 890 2265 est,
916 2231 956 2258 ut
970 2224 1096 2268 puniat
1111 2224 1202 2257 blas-

214 2289 318 2336 phem
324 2301 373 2322 os.

316 2355 411 2388 Haec
428 2350 614 2386 manifesta
635 2347 803 2381 mandata
829 2344 965 2377 addunt
991 2342 1203 2385 interpreta-

217 2409 347 2441 tionem
374 2406 467 2438 dicto
494 2400 643 2439 Christi,
680 2404 719 2432 ut
755 2395 992 2439 intelligamus
1022 2390 1204 2437 prohiberi

218 2457 460 2491 confusionem
478 2452 688 2486 officiorum.
740 2447 894 2480 Ecclesia
909 2447 1035 2479 doceat
1058 2451 1091 2477 et
1114 2443 1203 2477 iudi-

218 2516 290 2548 cet,
316 2519 388 2540 non
403 2511 522 2538 utatur
540 2503 575 2535 vi
591 2499 779 2545 corporali.
834 2497 1062 2541 Magistratus
1086 2495 1204 2539 politi-

220 2572 278 2593 cus
300 2568 414 2602 neque
432 2562 601 2600 tyrannus
619 2553 683 2591 sit,
708 2561 823 2595 neque
842 2548 978 2587 Midas,
1006 2548 1066 2580 sed
1085 2546 1205 2578 audiat

218 2608 428 2645 Ecclesiam,
472 2604 609 2637 intersit
636 2600 850 2645 cognitioni,
889 2605 1062 2643 tanquam
1095 2610 1205 2630 mem-

219 2663 321 2694 brum
339 2655 514 2691 Ecclesiae
527 2681 536 2693 ,
572 2654 660 2687 sicut
683 2653 921 2685 interfuerunt
940 2648 1206 2687 Constantinus,

219 2708 442 2745 Theodosius
454 2733 463 2746 ,
488 2705 695 2748 Martianus·
713 2710 776 2737 etc.

760 117 882 153 PHlL.
918 116 1029 151 MEL.
1065 111 1268 149 SCRIPTA
1302 108 1638 144 PHILOLOGICA.

2139 109 2214 148 572

1440 195 1661 242 Quartum
1689 200 2007 240 argumentum.

1280 262 1384 296 Fides
1401 269 1452 296 est
1470 263 1505 295 in
1520 270 1650 297 mente.

1282 313 1510 357 Magistratus
1536 326 1610 347 non
1634 313 1767 347 iudicat
1787 314 1829 347 de
1854 319 1992 354 mente,
2017 314 2078 347 sed
2101 314 2144 348 de
2161 326 2217 348 ex-

1335 364 1444 397 ternis
1460 365 1571 398 factis.

1282 414 1376 459 Ergo
1407 415 1633 458 magistratus
1663 426 1738 447 non
1766 414 1869 448 debet
1902 414 2030 459 punire
2062 425 2219 448 errorem

1335 465 1476 500 mentis.

1334 516 1565 560 Respondeo:
1595 516 1759 549 Concedo
1777 522 1911 557 totum,
1935 517 2018 561 quia
2035 515 2221 560 magistra-

1233 575 1287 601 tus
1305 580 1378 600 non
1399 568 1501 612 punit
1519 579 1675 600 errorem
1692 566 1833 607 mentis,
1856 568 1916 600 sed
1934 574 2114 600 externam
2130 567 2222 599 blas-

1232 617 1433 663 phemiam,
1467 619 1556 652 sicut
1577 624 1806 663 praeceptum
1828 624 1878 650 est
1904 618 2016 652 Levit.
2034 618 2095 657 24,
2113 617 2221 663 (14).

1234 671 1331 704 Sicut
1353 682 1426 703 non
1451 670 1554 714 punit
1578 670 1615 702 in
1640 675 1757 702 mente
1783 669 1924 708 odium,
1958 669 2018 702 sed
2041 675 2223 702 externam

1235 721 1449 762 laesionem,
1488 721 1578 754 sicut
1608 720 1755 753 dicitur:

1236 784 1341 806 nemo
1358 772 1492 817 patitur
1503 771 1574 817 ¹⁰⁰).

1338 823 1452 857 Erant
1476 823 1693 866 lNoribergae
1720 820 1890 865 pictores,
1932 820 1992 866 qui
2019 833 2098 854 cum
2119 818 2227 854 babe-

1237 880 1317 908 rent
1335 873 1605 908 enthusiasticas
1625 873 1812 917 opiniones
1838 878 1872 904 et
1896 871 2168 916 imaginationes
2185 872 2227 904 de

1238 926 1403 959 violentis
1429 926 1608 969 raptibus,
1642 924 1772 968 passim
1797 923 1980 963 dicebant,
2007 936 2042 956 se
2068 924 2227 956 nondum

1240 978 1382 1010 credere
1401 976 1581 1021 symbola,
1608 976 1669 1008 sed
1691 980 1873 1018 expectare
1897 975 2071 1008 violentos
2094 980 2229 1018 raptus.

1240 1028 1313 1061 Hos
1334 1034 1475 1062 senatus
1493 1027 1592 1060 iussit
1609 1038 1650 1058 ex
1669 1026 1756 1058 urbe
1782 1025 1958 1058 discedere
1971 1052 1979 1065 ,
2020 1026 2144 1058 nolens
2167 1023 2229 1057 ha-

1241 1079 1323 1112 bere
1352 1079 1443 1112 cives
1466 1077 1683 1122 professione
1708 1076 1846 1119 publiea
1872 1083 2060 1119 negantes,
2097 1088 2131 1108 se
2156 1087 2230 1108 cre-

1242 1131 1325 1162 dere
1350 1129 1531 1174 symbola‚
1566 1140 1605 1160 ac
1625 1128 1711 1160 iuste
1732 1127 1814 1159 fecit
1831 1133 1984 1160 senatus.
2037 1126 2112 1159 Etsi
2136 1126 2230 1159 enim

1244 1181 1328 1213 fides
1346 1180 1549 1212 accenditur
1560 1178 1637 1212 Deo
1656 1176 1835 1216 trahente,
1862 1184 1982 1210 tamen
1999 1177 2094 1210 Deus
2112 1177 2233 1210 volen-

1244 1238 1315 1264 tem
1333 1229 1453 1272 trahit‚
1482 1237 1515 1263 et
1528 1235 1787 1274 repugnantem
1803 1228 2031 1262 dissidentiae.
2070 1228 2118 1261 Ut
2136 1240 2231 1261 moe-

1245 1281 1329 1316 chus
1357 1282 1515 1325 cogitans
1539 1282 1652 1324 legem
1676 1280 1763 1320 Dei,
1804 1280 1908 1312 debet
1928 1286 1962 1312 et
1985 1285 2102 1324 potest
2123 1285 2234 1312 exter-

1244 1346 1332 1367 num
1356 1334 1524 1366 delictum
1550 1332 1734 1371 omittere,
1774 1331 1877 1364 debet
1901 1331 2008 1364 etiam
2031 1331 2154 1364 volens
2174 1343 2234 1375 pe-

1247 1392 1333 1424 tere,
1350 1391 1390 1418 ut
1407 1384 1513 1418 aDeo
1532 1381 1708 1423 trahatur,
1732 1394 1930 1427 repugnare
1948 1381 2145 1427 cupiditati,
2162 1393 2235 1415 non

1247 1437 1433 1470 confirmet
1449 1436 1653 1469 incendium
1671 1434 1886 1478 indulgendo
1898 1460 1907 1474 ,
1934 1440 1973 1467 ut
1988 1433 2133 1466 dicitur:
2160 1432 2236 1478 Ipse

1247 1488 1416 1521 alimenta
1434 1488 1500 1521 sibi
1519 1486 1674 1520 maxima
1700 1485 1847 1530 praebet
1871 1496 1984 1518 amor.
2048 1482 2135 1517 Item
2156 1483 2237 1529 (Ec—

1248 1539 1428 1572 clesiastic.
1447 1540 1482 1578 3,
1498 1538 1595 1585 27.):
1640 1537 1712 1581 Qui
1736 1543 1832 1569 amat
1857 1536 2074 1581 periculum,
2108 1535 2238 1580 peribit

1248 1591 1286 1622 in
1309 1591 1381 1623 illo.
1444 1589 1549 1623 ltem:
1586 1588 1707 1621 Vitare
1727 1593 1868 1632 peccata
1886 1593 1937 1620 est
1953 1587 2063 1619 vitare
2084 1586 2236 1619 occasio-

1248 1653 1310 1674 nes
1329 1647 1556 1685 peccatorum
1569 1639 1610 1685 ¹).
1652 1639 1707 1671 Sic
1724 1638 1938 1672 Nicodemus
1954 1638 2055 1670 debet
2073 1643 2105 1669 et
2122 1643 2237 1681 potest

1250 1691 1413 1724 omittere
1433 1698 1594 1724 externas
1609 1687 1846 1734 blasphemias
1858 1716 1866 1729 ,
1901 1696 1934 1722 et
1949 1689 2052 1721 debet
2066 1689 2238 1732 profiteri,

1249 1755 1285 1776 se
1306 1743 1392 1776 veile
1409 1744 1551 1776 credere
1575 1748 1608 1774 et
1628 1748 1766 1785 petere,
1799 1747 1838 1773 ut
1861 1741 1945 1772 tides
1973 1740 2184 1772 accendatur
2205 1746 2239 1773 et

1251 1800 1439 1838 augeatur,
1466 1806 1504 1826 ac
1522 1800 1605 1826 tune
1630 1792 1752 1824 volens
1775 1789 1948 1830 trahitur,
1981 1790 2070 1823 sicut
2087 1790 2239 1824 Basilius

1251 1845 1384 1891 inquit:
1412 1845 1569 1877 Tantum
1585 1843 1690 1881 velis,
1719 1849 1753 1874 et
1766 1842 1862 1875 Deus
1877 1840 2179 1888 praeoccurriff),
2204 1848 2238 1875 ct

1251 1896 1288 1929 in
1313 1896 1403 1929 libro
1429 1894 1630 1940 Sapientiae
1655 1894 1800 1927 dicitur:
1841 1893 2021 1938 Sapientia
2050 1893 2240 1926 antevertit

1253 1954 1472 1992 expetentem
1491 1960 1526 1980 se
1538 1946 1588 1991 2),
1616 1946 1739 1985 idest,
1767 1957 1841 1978 non
1866 1944 1995 1988 cogitet
2020 1957 2054 1977 se
2080 1951 2240 1988 expecta-

1252 2006 1371 2032 turum
1389 2011 1460 2032 esse
1486 1998 1660 2030 violentos
1683 2002 1816 2040 raptus.
1875 1995 1922 2029 Et
1945 2008 2024 2028 cum
2051 1996 2158 2028 verbo
2175 1995 2241 2029 Dei

1253 2063 1288 2084 se
1313 2056 1503 2089 sustentat,
1545 2049 1616 2080 iam
1643 2046 1749 2080 habet
1773 2048 1873 2080 initia
1898 2046 1997 2087 fidei,
2032 2053 2065 2079 et
2089 2047 2182 2079 dicat
2202 2054 2241 2080 ut

1254 2102 1310 2134 ille
1335 2103 1429 2146 apud
1452 2100 1613 2134 Marcum
1632 2098 1684 2144 (9,
1702 2098 1798 2145 24.):
1838 2099 1952 2131 Credo
1975 2098 2147 2137 Domine,
2180 2099 2239 2131 sed

1254 2156 1305 2186 fer
1329 2166 1432 2197 opem
1460 2150 1693 2184 imbecillitati
1716 2163 1827 2184 meae.
1889 2149 1976 2182 Item
2000 2150 2094 2193 apud
2119 2148 2240 2182 Hiere-

1254 2205 1362 2239 miam
1384 2205 1461 2251 (31,
1482 2202 1573 2248 18.):
1603 2202 1779 2235 Converte
1797 2213 1871 2241 me,
1899 2207 1932 2233 et
1948 2206 2134 2233 convertar
2152 2206 2216 2235 etc.

1805 719 2039 764 Cogitationis
2071 731 2224 763 Poenam

1458 2297 1676 2342 Quintum
1711 2301 2035 2340 argumentum.

1306 2366 1471 2401 Assensio
1512 2371 1608 2398 extra
1647 2363 1967 2397 demonstrationes
1995 2368 2029 2394 et
2059 2373 2181 2397 sensus
2204 2374 2243 2396 ac

1357 2417 1546 2463 principia,
1569 2428 1643 2449 non
1657 2421 1773 2460 potest
1789 2420 1930 2448 externa
1949 2413 2131 2447 coactione
2146 2426 2243 2448 men-

1293 2520 1355 2546 100)
1375 2518 1441 2542 Cum
1455 2520 1504 2542 hoc
1519 2517 1626 2547 Ulpiani
1645 2517 1715 2540 dicto
1735 2516 1803 2540 cons.
1824 2515 2008 2544 proverbium:
2029 2512 2170 2541 &ebnnftn
2190 2511 2243 2545 sinb

1326 2550 1445 2584 gossfrei,
1463 2556 1489 2576 et
1509 2552 1626 2582 similia,
1646 2557 1713 2581 (luae
1731 2552 1757 2573 J.
1776 2550 1913 2573 Eiselein:
1933 2550 1975 2572 dic
1995 2550 2198 2578 &primordii-ter
2218 2557 2241 2573 u.

1328 2588 1481 2611 simu-eden
1501 2588 1548 2609 des
1568 2586 1714 2609 deutschen
1734 2584 1823 2607 Venis
1842 2591 1865 2613 p.
1881 2583 1938 2606 213.
1958 2583 2046 2607 affert.

1295 2631 1323 2657 ¹)
1343 2629 1420 2653 cons.
1440 2628 1616 2653 Proverbium
1636 2629 1773 2651 nostrum:
1803 2624 1978 2658 &etegenbeit
1997 2624 2080 2657 maan
2098 2624 2192 2652 nieuw.

1294 2672 1326 2698 *)
1347 2671 1423 2694 cons.
1444 2676 1528 2699 snpra
1548 2677 1572 2699 p.
1587 2669 1644 2692 19³.

1293 2715 1323 2742 2)
1343 2714 1421 2738 cons.
1441 2715 1502 2742 Sap.
1519 2712 1545 2741 7,
1567 2712 1603 2734 12.
