2347 3000
224 164 295 200 231

228 253 342 285 Estne
377 252 581 284 communis
615 260 705 284 usus
739 259 869 282 rerum
904 248 998 280 iuris
1025 241 1216 278 naturae?

329 318 529 362 Responsio
549 329 629 349 vera
653 324 684 349 01
701 316 859 359 expedita
885 313 969 346 baec
989 319 1055 346 est:
1086 312 1218 346 Discri-

228 370 325 402 mina
350 370 523 414 quaedam
549 374 626 402 sunt
654 380 796 405 eorum,
835 377 924 410 quae
952 364 1118 397 (licuntur
1145 376 1217 398 0550

230 421 314 454 iuris
341 427 500 453 naturae.
578 419 654 451 Alia
678 424 758 451 sunt
782 416 929 448 notitiae
953 415 1055 449 nobis
1081 416 1217 455 insitae,

229 484 320 517 quae
351 478 432 504 sunt
466 476 672 515 praecepta,
711 480 801 513 quae
834 474 962 511 regunt
998 467 1215 500 voluntatem

229 535 311 565 erga
330 522 444 555 Deum
468 528 501 554 ct
527 533 607 562 erga
632 517 812 558 homines,
841 525 895 551 ut:
924 518 1116 561 Agnoscito
1142 530 1216 552 csse

230 574 343 606 Deum
355 600 363 611 ,
399 573 477 604 etei
497 571 651 603 obedias.
706 570 895 604 Neminem
912 570 1030 603 laedas
1045 582 1118 602 nou
1134 570 1218 601 all‘e-

229 631 302 658 ctus
319 623 458 656 iniuria.
513 622 659 665 Diligit«)
686 628 720 654 et
744 627 884 655 servato
909 621 1080 654 sobolem.
1132 620 1217 653 Esto

229 688 355 713 verax,
382 681 603 717 temperans,
631 679 756 713 castus,
785 673 949 706 defensor
969 672 1146 716 legitimae
1164 685 1218 705 so-

229 726 362 759 cietatis
381 725 523 758 civium.

330 776 408 808 Alia
433 776 627 820 quaedam,
657 787 746 820 quae
772 776 939 807 dicuntur
963 786 1034 807 0550
1054 774 1139 807 iuris
1158 786 1219 806 na-

229 835 348 867 turae,
377 839 449 859 nou
466 833 548 859 sunt
564 826 710 859 notitiae
729 838 789 859 seu
812 832 1019 870 praecepta,
1047 827 1108 858 scd
1131 825 1219 857 aeci-

228 879 346 912 dentia
360 905 368 917 ‚
396 877 461 911 hoc
481 885 543 917 cst,
571 879 664 910 bona
682 878 796 918 utilia,
825 890 916 922 quac
936 877 1153 910 conveniunt
1170 876 1217 908 illi

229 930 335 964 statui
354 929 512 962 melioris
527 936 695 969 naturae,
724 935 758 961 ct
773 941 845 962 non
872 929 1089 961 conveniunt
1113 928 1217 961 statui

230 988 417 1026 corruptae
434 987 601 1020 naturae,
628 987 667 1014 ut
684 993 752 1024 pax
766 1007 774 1020 ,
800 992 872 1013 non
895 978 1025 1013 babere
1043 980 1118 1012 loca
1144 992 1219 1011 niu-

229 1033 315 1066 nita.
376 1032 481 1072 ltem,
516 1032 715 1065 communis
738 1044 821 1065 usus
844 1044 976 1064 rerum.
1035 1031 1129 1063 Haec
1155 1043 1218 1064 suo

229 1096 356 1128 genere
371 1090 452 1117 sunt
467 1083 718 1123 indill‘erentia,
735 1095 825 1128 quae
843 1082 889 1115 ita
906 1082 1051 1115 retineri
1066 1088 1220 1126 possent,

230 1136 258 1169 si
283 1142 411 1168 namra
438 1142 527 1168 esset
550 1135 625 1168 sine
648 1134 766 1179 pravis
792 1133 1061 1178 cupiditatibus,
1098 1135 1158 1166 sed
1185 1134 1220 1164 in

231 1184 295 1219 bac
321 1186 455 1219 malitia
483 1184 670 1219 hominum
694 1185 841 1217 retineri
863 1197 937 1217 non
960 1190 1118 1228 possunt.
1174 1184 1222 1216 Ut

230 1250 324 1270 nunc
343 1250 431 1282 opus
448 1244 499 1270 est
514 1237 660 1270 munitis
680 1237 765 1269 locis
791 1243 912 1269 contra
938 1235 1143 1268 latrocinia:
1172 1235 1220 1267 ita

232 1301 320 1333 opus
337 1295 386 1323 est
396 1287 887 1327 distinctionedominiorum,
905 1293 1106 1331 propterea,
1124 1287 1221 1331 quod

231 1352 355 1373 causae
373 1339 566 1384 quaerendi
583 1346 617 1372 et
632 1338 755 1371 tuendi
771 1350 826 1371 res
844 1350 919 1371 non
935 1345 1017 1371 sunt
1034 1349 1148 1382 pares,

332 1390 410 1424 Etsi
427 1391 533 1434 igitur
547 1389 695 1423 notitiae
713 1390 791 1421 illae
809 1395 843 1421 et
858 1395 1046 1433 praecepta
1062 1400 1221 1432 praescr-

232 1442 294 1474 tim
313 1441 516 1487 superiora,
544 1448 626 1475 sunt
651 1441 743 1485 leges
770 1440 1030 1481 immutabiles,
1057 1446 1221 1483 utsupra

231 1494 364 1526 dictum
392 1499 461 1532 est,
502 1499 622 1525 tamen
649 1491 862 1531 accidentia,
904 1504 994 1537 quae
1022 1497 1105 1525 sunt
1127 1491 1221 1523 bona

230 1545 352 1583 utilia,
388 1550 593 1583 mutantur,
631 1543 712 1588 quia
735 1543 855 1588 aliqua
881 1543 1007 1575 accidit
1030 1544 1068 1575 in
1093 1548 1221 1575 natura

232 1596 403 1634 mutatiO,
431 1601 469 1628 ut
485 1607 572 1639 pax,
600 1607 682 1628 usus
704 1594 903 1627 communis
918 1606 1058 1633 rerum,
1085 1599 1221 1626 mutata

232 1653 325 1687 sunt,
342 1646 424 1692 quia
443 1652 664 1680 accesserunt
679 1645 825 1679 vitiosae
842 1645 1062 1689 cupiditates,
1076 1651 1223 1689 propter

234 1711 322 1743 quas
340 1710 478 1731 necesse
505 1704 555 1731 est
580 1697 705 1743 quaeri
729 1697 795 1729 alia
813 1697 969 1730 remedia
986 1696 1152 1730 servandi
1170 1708 1223 1728 re-

233 1749 331 1793 gulas
350 1749 571 1793 superiores,
600 1748 780 1787 videlicet,
807 1754 846 1781 ut
869 1754 1028 1781 servetur
1054 1747 1142 1781 iusta
1168 1760 1223 1780 so-

618 1799 671 1832 Ex
687 1798 754 1831 hoc
769 1800 866 1832 sonte
886 1799 995 1833 facilis
1015 1798 1222 1832 diiudicatio

234 1858 303 1891 est,
332 1864 421 1896 quae
439 1851 615 1884 naturalia
634 1850 705 1884 sint
717 1850 763 1896 37)
781 1850 1036 1890 immutabilia,
1061 1850 1224 1883 videlicet

234 1903 382 1936 notitiae
400 1915 490 1948 quae
505 1909 586 1936 sunt
603 1908 791 1946 praecepta
815 1908 849 1935 et
864 1902 955 1934 radii
977 1901 1119 1934 divinae
1137 1901 1224 1935 lucis

235 1954 271 1986 in
290 1954 403 1993 nobis,
432 1967 520 1999 quos
539 1953 634 1987 Deus
650 1953 757 1985 etiam
774 1953 810 1985 in
826 1951 893 1985 hac
911 1959 1075 1996 corrupta
1095 1959 1223 1985 natura

234 2006 351 2038 lucere
370 2005 494 2038 voluit.
546 2004 750 2037 Accidcntia
778 2016 883 2044 vero,
911 2016 1001 2049 quae
1021 2010 1103 2037 sunt
1129 2004 1222 2036 bona

234 2056 353 2097 utilia,
381 2062 420 2089 ut
444 2069 530 2101 pax,
558 2062 590 2089 et
608 2055 806 2089 communis
820 2068 902 2089 usus
919 2067 1038 2088 rerum
1053 2082 1061 2095 ‚
1088 2061 1223 2088 mutata

235 2114 334 2147 sunt,
362 2108 443 2153 quia
471 2119 552 2152 pars
576 2114 725 2141 naturae
747 2113 881 2141 mutata
911 2113 981 2146 est,
1009 2113 1043 2139 et
1060 2107 1225 2140 voluntas

236 2159 305 2191 iarn
331 2159 456 2192 vitiosa
480 2160 652 2192 frenanda
675 2165 744 2199 est,
780 2165 820 2192 ut
852 2157 1052 2202 superiores
1082 2158 1225 2202 regulae

235 2204 431 2243 serventur.

234 1801 339 1833 cietas
366 1798 566 1833 hominum.

314 2284 570 2319 Discrimen
597 2284 718 2317 inter
752 2297 969 2318 summum
1005 2284 1072 2319 ius
1109 2292 1149 2317 et

594 2334 862 2371 ἐπιείκειαν.

340 2395 526 2429 Summum
554 2395 607 2429 ius
631 2395 775 2440 proprie
792 2396 993 2441 loquendo,
1021 2408 1095 2429 non
1119 2395 1225 2440 signi-

236 2447 315 2479 ficat
341 2447 594 2480 calumniosam
619 2447 949 2491 interpretationem
978 2447 1083 2487 iuris,
1112 2447 1225 2493 qualis

237 2497 317 2529 suit:
356 2509 433 2529 cum
461 2504 581 2541 pactus
606 2498 749 2542 triginta
775 2498 913 2531 dierum
938 2499 1097 2532 inducias
1120 2505 1223 2531 nocte

239 2547 474 2592 populabatur
487 2547 532 2593 3⁸)
550 2546 705 2582 hostium
724 2549 901 2595 agros39),
918 2556 978 2583 aut
995 2563 1073 2583 cum
1091 2550 1224 2594 legatus

271 2631 318 2662 37)
338 2632 406 2660 sint]
427 2631 466 2655 sic
484 2632 533 2655 Ed.
555 2632 647 2659 ¹550.·.
667 2633 733 2656 Edd.
755 2633 846 2658 ¹554..
868 2632 941 2656 1557.
962 2634 989 2656 et
1009 2633 1084 2656 ¹560.
1106 2635 1179 2658 sunt.

269 2665 316 2697 33)
337 2667 528 2696 populabatur]
547 2666 587 2690 sic
606 2666 672 2692 Edd.
696 2668 786 2697 1554„
815 2667 890 2692 1557.
909 2669 936 2691 et
956 2668 1048 2699 1560.;
1073 2668 1122 2692 Ed.
1151 2668 1223 2693 1550.

306 2701 526 2730 depopulabatur.

272 2734 321 2765 39)
342 2735 485 2758 strabonis
511 2740 605 2764 geogr.
632 2735 711 2758 Lix.
739 2735 764 2764 S.
780 2737 819 2759 4:
851 2734 925 2765 Φησὶ
951 2732 978 2759 δ’
996 2733 1130 2768 Ἔφορος,
1162 2735 1224 2764 τούς

305 2765 360 2800 μὲν
380 2768 506 2802 Θρᾷκας,
536 2769 738 2800 ποιησαμένους
762 2768 885 2798 σπονδάς
909 2769 979 2802 πρὸς
997 2768 1059 2798 τούς
1077 2770 1225 2801 Βοιωτούς,

494 161 695 196 SCRIPTA
722 161 797 195 PH.
825 159 937 194 MEL.
964 158 1029 192 AD
1057 155 1267 192 ETHICEN
1293 156 1357 191 ET
1385 155 1642 193 POLITICEN
1670 157 1982 194 SPECTANTIA.

2182 159 2256 196 232

1270 244 1454 278 Romanus
1476 251 1596 289 pactus
1620 257 1697 279 cum
1717 243 1916 283 Antiocho,
1944 251 1984 277 ut
2007 244 2153 278 dimidia
2177 258 2260 289 pars

1271 296 1415 328 navium
1443 297 1474 328 ei
1498 297 1779 342 relinqueretur,
1805 297 1914 330 secuit
1937 308 2062 335 naves,
2090 303 2129 330 ut
2155 297 2260 330 classe

1271 347 1435 380 universa
1453 359 1533 380 eum
1551 349 1708 392 privaret
1721 348 1779 394 ⁰⁰).
1832 348 1933 381 Talia
1951 345 2168 392 sophismata
2187 360 2260 381 non

1271 404 1353 432 511111
1370 410 1547 432 summum
1567 399 1639 439 ius,
1667 400 1726 432 sed
1747 400 1957 433 calumniae.

1374 449 1433 482 Est
1457 456 1574 483 autem
1603 463 1781 484 sunuuum
1806 450 1878 490 ius,
1919 463 1996 483 eum
2024 450 2116 494 leges
2141 463 2192 483 501
2203 462 2260 483 ere

1271 500 1345 533 siue
1372 501 1594 543 mitigatione
1622 502 1838 541 retinentur,
1875 502 1980 534 etiam
2010 514 2088 534 cum
2116 508 2263 546 propter

1272 552 1572 585 circumstantiam
1592 553 1748 597 aliquam
1768 553 1963 596 probabilis
1988 553 2079 585 ratio
2098 559 2174 585 crat
2199 553 2262 585 mi-

1272 603 1464 646 tigationis,
1492 610 1530 636 ut
1547 616 1624 636 cum
1644 604 1747 636 iudex
1765 606 1877 636 furem
1899 616 2106 648 pauperem,
2133 604 2263 648 impul-

1271 667 1347 687 sum
1374 661 1545 696 egestate,
1574 655 1706 700 alioqui
1730 668 1800 687 non
1826 655 2055 695 sceleratum,
2090 662 2123 687 et
2150 667 2261 699 pauca

1271 705 1345 738 sine
1364 706 1549 738 atrocitate
1574 707 1751 745 furatum,
1780 706 1886 738 allicit
1909 706 2049 750 capitali
2076 707 2262 751 supplicio.

1272 756 1346 789 Etsi
1364 764 1480 789 autem
1500 757 1690 790 discrimen
1718 764 1765 791 est
1793 758 1883 789 inter
1907 757 2102 790 calumnias
2120 764 2152 789 et
2169 770 2263 791 sum-

1273 821 1370 841 mum
1399 808 1470 846 ius,
1507 815 1625 841 tamen
1652 809 1829 841 interdum
1857 809 1902 841 ita
1930 809 2126 853 loquuntur
2149 806 2263 841 bomi-

1273 872 1353 898 nes,
1380 866 1417 892 ut
1436 860 1631 893 calumnias
1648 867 1776 893 xoccut
1793 873 1973 893 summum
1997 860 2070 899 ius,
2098 866 2131 892 et
2157 872 2262 904 saepe

1273 910 1537 956 calumniosi‘fl)
1563 911 1904 957 interpretationi⁸²)
1924 911 2053 944 summi
2078 911 2164 944 iuris
2189 923 2265 955 spe-

1273 974 1341 994 cies
1358 963 1586 1005 praetexitur.

1370 1012 1558 1048 Ἑπιείκεια
1576 1026 1659 1046 vero
1678 1026 1738 1046 seu
1757 1013 1928 1058 aequitas,
1944 1020 1993 1046 est
2013 1013 2205 1057 probabilis
2219 1013 2266 1058 ¹¹³)

1274 1063 1449 1106 mitigatio
1479 1065 1607 1097 summi
1643 1065 1728 1098 iuris
1765 1064 1799 1096 in
1834 1065 1953 1109 aliqua
1986 1064 2264 1104 circumstantia,

1276 1115 1483 1158 praesertim
1502 1116 1539 1147 in
1556 1128 1656 1155 casu,
1684 1117 1813 1161 dequo
1838 1128 1911 1148 non
1938 1116 2184 1160 principaliter
2210 1116 2263 1148 lex

1274 1166 1444 1210 loquitur.
1515 1167 1562 1198 Ut
1593 1179 1671 1199 cum
1699 1168 1752 1199 lex
1778 1167 1873 1199 iubet
1898 1168 2111 1209 strangulari
2137 1168 2264 1206 furem,

1275 1217 1434 1261 loquitur
1459 1217 1502 1248 (10
1530 1230 1591 1256 00,
1633 1218 1730 1251 cuius
1754 1225 1851 1251 actas
1877 1224 1924 1251 est
1953 1219 2110 1259 tirmior,
2144 1225 2177 1251 et
2204 1219 2265 1264 qui

1275 1267 1443 1300 atrociter
1459 1268 1596 1301 furatus
1619 1275 1680 1302 est.
1733 1268 1869 1302 Interea
1896 1270 2071 1313 permittit
2097 1271 2151 1302 lex
2176 1269 2266 1303 iudi-

1275 1319 1328 1351 cio
1346 1318 1530 1362 prudentis
1556 1319 1680 1352 iudicis
1705 1319 1963 1363 mitigationem
1988 1319 2093 1354 liuius
2120 1333 2264 1365 poenae,

1275 1370 1312 1402 in
1336 1382 1437 1409 casu,
1476 1370 1519 1402 de
1551 1383 1621 1415 quo
1646 1371 1700 1403 lex
1723 1383 1796 1403 non
1818 1371 2063 1415 principaliter
2094 1372 2266 1417 loquitur,

1275 1427 1314 1454 ut
1323 1421 1369 1466 44)
1386 1421 1415 1453 si
1433 1421 1511 1466 quis
1530 1422 1663 1467 alioqui
1681 1423 1861 1456 modestus
1879 1422 2051 1467 impulsus
2066 1423 2158 1456 fame
2170 1449 2179 1463 ‚
2204 1435 2266 1467 pa-

1276 1485 1337 1506 nes
1355 1472 1430 1505 sine
1450 1473 1638 1505 atrocitate
1655 1474 1793 1507 furatus
1809 1480 1870 1507 est.

1379 1523 1470 1556 Hinc
1503 1524 1651 1567 intelligi
1684 1531 1818 1569 potest,
1858 1523 1919 1558 ubi
1951 1522 2121 1559 ἐπιείκεια
2147 1525 2265 1557 locum

1276 1573 1416 1608 habeat.
1466 1575 1549 1609 Non
1577 1575 1671 1608 enim
1698 1576 1875 1619 approbat
1892 1576 2040 1616 delicta,
2066 1588 2131 1608 1100
2149 1576 2267 1608 abolet

1277 1627 1386 1670 leges,
1430 1627 1490 1659 sed
1524 1627 1654 1660 alicubi
1686 1627 1823 1671 mitigat
1860 1627 2162 1660 circun‘istantiam
2204 1627 2267 1660 ali-

1277 1691 1384 1723 quam
1400 1678 1437 1709 in
1455 1678 1609 1718 casibus,
1637 1679 1680 1711 (10
1698 1679 1827 1724 quibus
1843 1679 1898 1711 lex
1924 1690 1997 1711 non
2022 1678 2267 1723 principaliter

1276 1729 1446 1774 loquitur.
1499 1729 1604 1763 Nulla
1624 1730 1717 1762 enim
1737 1730 1791 1763 lex
1807 1730 2055 1774 complectitur
2072 1742 2194 1764 omnes
2211 1742 2267 1763 ca-

1277 1793 1334 1814 sus
1352 1787 1385 1813 et
1401 1793 1524 1814 omnes
1545 1781 1840 1815 circumstantias.

1379 1832 1461 1864 Dixi
1494 1832 1601 1876 igitur
1631 1845 1702 1866 esse
1733 1833 1954 1877 probabilem
1992 1833 2266 1876 mitigationem,

1277 1883 1458 1922 videlicet,
1494 1896 1584 1928 quae
1607 1896 1648 1916 ex
1670 1882 1818 1917 honesta
1842 1884 1980 1916 ratione
2001 1884 2164 1917 sumitur.
2219 1884 2268 1917 Ut

1278 1947 1356 1966 cum
1377 1942 1593 1967 concurrunt
1611 1935 1770 1967 ‹lixersae
1792 1934 1902 1978 leges,
1931 1947 2022 1980 quae
2043 1935 2179 1979 pariter
2195 1947 2267 1968 ser-

1277 1985 1353 2017 vari
1369 1998 1442 2018 non
1460 1992 1626 2029 possunt,
1654 1986 1885 2030 praeferenda
1904 1993 1954 2019 est.
1972 1986 2154 2031 superior,
2182 1993 2220 2020 ut
2237 1986 2267 2020 si

1346 2098 1496 2125 ἐπιθέσθαι
1515 2098 1620 2132 νύκτωρ
1640 2101 1908 2133 στρατοπεδεύουσιν
1926 2100 2139 2137 ὀλιγωρότερον,
2175 2101 2210 2133 ὥς
2227 2105 2266 2130 εὶ-

1347 2134 1427 2166 ρήνης
1445 2137 1605 2176 ῖεγονυίας·
1638 2135 1885 2170 διακρουσαμένων
1903 2136 2018 2170 αὐτούς,
2047 2139 2219 2172 αἰτιωμένων
2238 2147 2266 2165 τε

1349 2167 1424 2201 ἅμα,
1444 2178 1485 2193 οτι
1504 2169 1550 2198 τάς
1570 2169 1693 2199 σπονδάς
1712 2172 1897 2204 παρίραινον,
1914 2172 1952 2206 μή
1971 2174 2127 2205 παραβῆναι
2146 2173 2266 2206 φάσκειν

1346 2202 1482 2237 ἐκείνους·
1514 2205 1669 2229 συνθέσθαι
1693 2205 1748 2238 γάρ
1771 2204 1889 2239 ἡμέρας,
1922 2206 2028 2239 νύκτωρ
2053 2206 2081 2232 ‹5'
2101 2207 2264 2233 ἐπιθέσθαι·

1349 2235 1399 2270 ἀφ’
1420 2239 1451 2263 οὐ
1471 2237 1502 2269 δὴ
1521 2238 1567 2263 καὶ
1587 2239 1636 2269 τήν
1654 2243 1811 2273 παροιμίαν
1828 2242 1969 2274 εἰρῆσθαι,
1997 2243 2103 2275 Θρᾳκία
2126 2243 2264 2275 παρεῦρε-

1348 2279 1397 2300 σις.
1447 2274 1526 2298 Conf.
1551 2274 1633 2298 etiam
1658 2275 1799 2300 Ciceronis
1826 2277 1858 2300 de
1883 2278 1953 2301 offic,
1980 2278 2030 2300 i.1.
2057 2278 2137 2301 c.10.
2164 2278 2262 2307 §.S-2:

1349 2309 1407 2337 Quo
1426 2308 1453 2332 111
1472 2315 1574 2339 genere
1592 2309 1674 2333 etiam
1693 2310 1719 2334 in
1745 2317 1776 2334 re
1801 2312 1907 2340 publica
1932 2312 2017 2335 multa
2040 2313 2203 2341 peccantur:
2233 2314 2264 2335 ut

1347 2343 1409 2369 ille,
1429 2344 1489 2374 qui,
1510 2350 1588 2373 quum
1603 2344 1716 2374 triginta
1734 2345 1837 2369 dierum
1857 2348 1951 2369 essent
1969 2353 2028 2369 cum
2046 2347 2125 2370 hoste
2142 2347 2265 2370 induciae

1347 2377 1452 2406 sactae,
1489 2380 1569 2401 noctu
1602 2379 1781 2408 populabatur
1805 2386 1907 2411 agros,
1947 2381 2017 2411 quod
2043 2381 2147 2405 dierum
2170 2383 2264 2405 essent
2297 2375 2302 2378 ⁵

1347 2413 1461 2443 pactae,
1487 2418 1541 2436 non
1561 2413 1678 2437 noctium
1696 2413 1829 2439 induciae.

1312 2463 1360 2491 40)
1381 2463 1458 2488 conf.
1478 2470 1502 2493 p.
1516 2463 1559 2489 74.
1579 2465 1645 2488 nota
1664 2465 1723 2488 100.

1311 2514 1360 2542 41)
1379 2514 1539 2538 calumniosi
1558 2515 1632 2544 (scil.
1647 2514 1793 2546 liominis)]
1810 2515 1850 2540 sic
1864 2515 1930 2540 Edd.
1946 2516 2021 2541 ¹557.
2041 2518 2068 2541 et
2088 2518 2180 2549 ¹56o.;
2198 2519 2264 2543 Edd.
2287 2546 2291 2547 ⁷

1350 2549 1422 2572 1550.
1435 2551 1462 2572 et
1480 2549 1554 2573 1554.
1573 2550 1751 2574 calumniose.

1311 2598 1612 2658 423-ijgcrgwettationi]
1636 2601 1677 2625 sic
1694 2601 1761 2626 Edd.
1782 2602 1873 2633 ¹554„
1904 2602 1978 2627 1557.
1997 2605 2024 2626 et
2045 2603 2134 2635 1560.;
2169 2603 2196 2628 in
2215 2604 2266 2629 Ed.

1363 2643 1397 2658 ὒῠ
1417 2654 1422 2659 .
1461 2642 1506 2658 ees
1523 2653 1529 2659 .

1311 2686 1358 2713 43)
1379 2687 1543 2716 probabilis]
1569 2686 1610 2710 sic
1627 2687 1693 2711 Edd.
1715 2687 1788 2711 1557.
1809 2688 1835 2711 et
1856 2687 1947 2719 1560.;

1347 2723 1458 2751 typogr.
1479 2727 1589 2745 errore:
1615 2721 1739 2751 probilis.

1313 2773 1360 2800 4⁴)
1379 2773 1424 2801 ut]
1446 2772 1485 2796 sie
1503 2772 1570 2796 Edd.
1591 2773 1684 2804 ¹550,
1706 2773 1779 2797 ¹554.
1800 2774 1827 2797 et
1847 2773 1937 2804 1557.;
1966 2774 2014 2798 Ed.
2036 2774 2108 2799 1560.
2128 2780 2169 2800 ac.

1981 2688 2030 2712 Ed.
2054 2689 2126 2712 1550.
2146 2691 2174 2713 et
2193 2690 2266 2714 1554.
