2347 3000
219 139 259 170 11
463 132 584 167 P111L.
612 131 723 166 MEL.
753 129 954 165 SCRIPTA
980 129 1045 163 AD
1072 126 1280 163 ETHICEN
1307 126 1371 162 ET
1399 127 1656 168 POLITICEN
1684 132 1982 168 SPECTANTIA
2190 135 2236 168 12

219 229 304 257 rem,
334 217 443 248 addidi
466 218 552 248 huno
575 217 857 254 commentarium,
887 215 919 244 in
942 223 1004 253 quo
1027 222 1089 242 non
1113 212 1217 242 solum
1241 212 1436 242 sententiam
1460 214 1666 256 Aristotelis,
1697 217 1756 248 sed
1780 217 1967 248 methodum
1990 216 2089 246 etiam
2112 224 2240 257 sequor,

217 271 331 291 verum
354 261 417 298 ita,
441 266 477 290 ut
500 259 658 300 quasdam
682 259 861 289 addiderim
886 257 1124 295 disputationes
1148 255 1269 284 nostris
1296 257 1494 294 temporibus
1517 260 1623 297 magis
1647 265 1762 299 aptas,
1786 270 1868 300 quas
1891 260 2019 300 quidem
2044 258 2177 300 collegi,
2208 264 2242 289 et.

217 304 300 344 quod
325 304 466 334 moribus
490 303 649 342 prodesse
672 311 729 331 eas
755 300 949 333 arbitrabar,
974 303 1008 327 et
1031 296 1115 336 quod
1139 296 1279 326 formant
1304 297 1424 327 iudicia
1447 298 1487 328 de
1511 301 1622 331 multis
1646 304 1870 333 communibus
1895 304 2034 343 negotiis
2049 325 2056 338 ‚
2081 312 2118 332 ac
2142 311 2242 341 prae-

218 351 334 386 parant
357 346 521 375 studiosos
545 345 585 374 ad
609 347 660 375 ins
685 344 781 373 civile
806 348 839 371 et
863 342 903 371 ad
927 350 997 369 eam
1023 345 1147 379 partem
1178 339 1344 369 doctrinae
1369 341 1584 382 'l'heologiae,
1615 352 1698 382 quae
1722 347 1867 375 continet
1890 351 2070 385 praecepta
2093 345 2132 374 de
2157 345 2242 374 civi.-

219 390 302 419 libus
327 389 452 418 officiis.
478 404 518 409 —
542 404 583 410 —
630 388 701 416 Etsi
726 390 835 415 autem
858 383 898 413 ad
923 383 1008 412 hunc
1033 382 1173 412 libellum
1198 382 1443 421 per-poliendum
1468 383 1571 413 del'nit
1594 387 1670 415 mihi
1695 391 1839 426 tenipuS,
1863 394 2059 418 tamencum
2080 397 2133 417 res
2150 397 2242 417 com—

219 433 334 471 plexus
364 432 426 460 siin
456 430 627 460 admodum
658 429 770 460 utiles,
801 435 862 455 non
894 426 1075 463 repugnavi
1107 426 1173 461 his,
1205 426 1258 464 qui
1282 424 1456 454 editionem
1482 426 1684 466 flagitabant.
1740 429 1832 467 Quod
1857 436 1965 460 autem
1990 433 2019 460 in
2046 430 2242 469 disputando

218 483 318 512 saepe
342 478 502 511 angustas
526 478 557 501 et
584 472 724 510 pueriles
748 468 990 497 dialecticorum
1016 468 1170 497 formulas
1195 469 1339 497 imitatus
1364 478 1453 507 sum,
1477 469 1537 498 hoc
1563 470 1624 499 feci
1648 472 1799 508 consilio,
1823 478 1857 502 ut
1881 474 2028 512 exempla
2047 473 2189 502 methodi
2211 478 2244 502 et

219 512 461 546 dialecticarum
486 515 747 554 praeceptionum
778 511 876 539 etiam
905 511 934 539 in
966 510 1016 539 his
1040 511 1185 539 materiis
1210 509 1454 539 iucundioribus
1479 521 1700 550 proponerem.
1752 514 1793 543 Et
1819 514 1901 545 hane
1926 516 2062 545 docendi
2087 517 2243 546 rationem

219 559 340 588 scholis
364 559 473 587 utilem
498 568 573 587 esse
597 555 716 586 indii-0,
742 553 918 582 assuefacit
947 554 1032 582 enim
1056 554 1187 592 ingenia
1211 552 1251 582 ad
1275 555 1506 592 proprietatem
1531 556 1561 584 in
1587 555 1794 594 explicando,
1819 565 1901 595 quac
1918 559 1948 588 in
1965 560 2092 594 magnis
2115 564 2145 588 ct
2165 567 2243 598 gra-

219 602 315 630 vibus
340 601 449 629 causis
473 600 616 638 inprimis
641 597 827 626 neccssaria
852 596 938 624 esu*
2019 592 2036 599 ’-

304 651 396 681 Hanc
419 650 655 680 dedicationem
679 647 826 686 seqnitur
849 647 911 677 hoc
935 656 1082 676 carmen:

559 699 599 730 In
625 698 742 730 Ethe'cu
771 697 856 728 Phil.
883 696 966 728 Mel.
991 696 1159 728 Melchior
1181 696 1343 728 Acontius
1369 697 1575 730 srsellunus.

635 750 775 781 Viderat
800 750 886 779 hunc
910 759 1011 788 nuper
1036 748 1191 788 delapsus
1216 749 1256 778 ab
1281 748 1413 778 aethere
1438 750 1553 780 librum

679 793 880 827 Mercurius,
904 801 976 821 cum
1000 792 1047 821 sic
1071 792 1319 831 obstupefactus
1344 793 1399 821 ait.

634 836 750 866 Omnia
773 835 928 865 mortales
952 835 1013 864 hoc
1038 839 1182 874 tempore
1206 835 1363 874 quaeritis
1387 835 1489 873 aegri,

681 877 841 917 Quicquid
867 878 965 907 habet
990 877 1106 917 tellus,
1131 877 1280 917 quicquid
1305 877 1465 916 Olympus
1489 878 1598 909 habet.

633 921 770 951 Discitis
794 922 981 950 innumeras
1005 930 1068 949 non
1093 921 1215 959 absque
1240 920 1405 950 laboribus
1431 925 1531 959 artes,

683 964 774 1001 Quas
797 964 914 993 melius
939 963 1047 992 forsan
1073 972 1134 992 non
1160 963 1316 992 didicisse
1342 963 1411 992 l'uit.

635 1006 698 1045 Qui
723 1011 831 1036 tamen
856 1011 1015 1035 exornent
1039 1005 1119 1035 rude
1143 1011 1274 1045 pectus,
1305 1010 1338 1034 et
1358 1005 1472 1035 Ethica
1496 1005 1633 1041 discant,

686 1049 802 1079 Rarior
827 1049 907 1079 haee
931 1058 1094 1088 nunquam
1119 1049 1214 1078 turba
1237 1050 1382 1078 minorve
1407 1048 1478 1078 suit.

638 1091 722 1130 Quin
748 1093 872 1130 potius,
897 1092 1035 1130 frustra,
1060 1091 1277 1130 contendunt,
1302 1092 1368 1121 ista
1391 1091 1498 1121 doceri

685 1135 806 1164 Nescio
831 1135 884 1173 qui
909 1135 1006 1164 nimia
1030 1135 1198 1174 relligione
1221 1143 1355 1174 graves.

639 1178 685 1207 At
708 1187 769 1207 vos
794 1179 846 1216 qui
871 1178 1003 1216 sapitis,
1027 1179 1169 1207 monitus
1194 1187 1233 1206 ne
1258 1177 1402 1215 spernite
1427 1182 1567 1214 nostros,

686 1220 752 1250 Fas
777 1220 922 1249 homines
948 1221 1059 1258 paucis
1083 1221 1125 1249 sit
1148 1221 1314 1248 monuisse
1338 1219 1418 1248 Deo.

638 1262 682 1292 L't
707 1262 774 1291 sera
799 1263 1016 1301 mansuescit,
1041 1272 1137 1301 quam
1161 1262 1298 1291 callidus
1323 1266 1392 1290 arte
1415 1261 1574 1300 magister

684 1305 839 1343 Instruit,
863 1310 894 1333 et
920 1306 1021 1333 certis
1045 1305 1174 1343 legibus
1197 1305 1243 1332 ire
1268 1304 1367 1341 iubet,

642 1347 699 1376 Sic
724 1347 836 1385 homo,
867 1348 1053 1385 praeceptis
1078 1347 1131 1385 qui
1155 1351 1288 1385 pectora
1311 1345 1432 1375 talibus
1457 1345 1577 1384 implet,

688 1389 787 1418 Parte
812 1389 848 1418 fit
873 1389 1025 1418 excultus
1049 1389 1203 1418 nobiliore
1228 1389 1289 1418 sui.

640 1431 782 1470 Percipit
807 1432 882 1461 hinc
905 1441 984 1461 vere
1011 1441 1093 1471 quae
1119 1432 1184 1462 sint
1206 1430 1427 1461 moderamina
1450 1430 1551 1467 vitae,

689 1474 800 1513 Atque
824 1483 883 1503 suo
908 1473 1040 1514 dignum
1063 1475 1190 1504 nomine
1214 1478 1363 1513 praestat
1386 1481 1477 1512 opus.

642 1515 727 1554 Quid
751 1526 855 1546 moror
866 1514 883 1547 ’ξ
924 1527 964 1546 en
988 1517 1145 1546 brevibus
1169 1517 1367 1556 complectar
1391 1521 1427 1545 ut
1450 1516 1555 1545 omnia
1578 1515 1700 1548 verbis,

690 1559 849 1589 Mortales
873 1561 1003 1598 superis
1027 1569 1081 1590 ars
1105 1560 1183 1589 facit
1206 1561 1270 1589 ista
1293 1568 1399 1598 pares.

643 1601 736 1631 Talia
758 1602 960 1639 Mercurius,
985 1608 1020 1632 tu
1044 1603 1097 1642 qui
1121 1603 1222 1643 legis,
1251 1603 1316 1631 ista
1337 1601 1450 1634 videto

690 1645 734 1675 Ut
758 1646 815 1675 tihi
839 1654 912 1675 cum
936 1646 1046 1675 multis
1070 1645 1158 1675 dicta
1184 1646 1286 1675 fuisse
1311 1650 1417 1684 putes.

233 1709 269 1736 In
292 1705 353 1735 hac
372 1704 475 1743 prima
498 1703 640 1735 editione
665 1704 857 1735 Melanthon
882 1706 1013 1735 nonnisi
1036 1704 1076 1735 de
1099 1706 1241 1735 veritate
1267 1703 1410 1733 disserit.

315 1756 432 1786 Altera
461 1755 558 1786 huius
588 1756 659 1786 libri
690 1757 790 1787 editio
821 1757 972 1796 sequenti
1002 1766 1088 1786 anno
1111 1756 1227 1796 prodiit
1251 1764 1325 1785 cum
1348 1753 1579 1784 commentario
1603 1753 1635 1782 in
1657 1752 1804 1791 quintum
1829 1751 1944 1782 librum
1967 1752 2159 1785 Ethicorum
2182 1756 2262 1786 Ari-

235 1800 365 1830 stotelis
389 1799 579 1838 coniuncta,
610 1808 693 1839 quae
718 1801 765 1830 sic
789 1801 945 1838 inscripta
967 1804 1034 1829 est:

366 1848 510 1889 Philippi
544 1849 812 1882 Meleon-lathonis
835 1849 984 1882 Mor-alis
1014 1848 1246 1890 Philosophiae
1269 1847 1429 1888 Epiiome.
1474 1845 1555 1876 Item
1581 1845 1616 1876 ’ῖη
1640 1845 1789 1887 (Ιιιὶηΐιιηι
1814 1844 1937 1877 librum
1961 1846 2155 1879 Emit-orum
2177 1848 2262 1880 Art’-

400 1891 526 1923 stoicus
550 1892 831 1931 Commentarius,
864 1893 1050 1933 recoym'tns
1073 1904 1092 1923 u
1116 1891 1267 1933 Philippo
1291 1893 1322 1921 et
1346 1890 1379 1921 in
1405 1888 1600 1931 quibusdam
1623 1887 1704 1919 Iocis
1727 1888 1859 1919 omnino
1882 1892 2068 1921 renovatus.
2122 1891 2262 1933 Aryen-

405 1934 508 1966 {orati
534 1936 627 1966 1539.
659 1938 688 1967 8.
723 1937 762 1967 18
786 1938 894 1977 plagg.

321 1987 433 2018 Tertia
454 1985 568 2026 editio,
590 1987 622 2017 in
646 1996 709 2027 qua
726 1993 856 2027 praeter
879 1988 1054 2017 veritatem
1071 1986 1168 2017 etiam
1184 1984 1449 2023 beneficentiam,
1473 1982 1705 2024 gratitudinem
1719 1988 1753 2013 et
1766 1983 1940 2013 amicitiam
1956 1986 2122 2025 tractavit,
2145 1986 2264 2025 prodiit

241 2031 334 2063 1540.
349 2031 399 2070 ¹),
423 2030 597 2068 inscripta:

364 2078 512 2120 Philippi
534 2078 805 2111 Melancmhonis
825 2079 1048 2120 phe'Iosophe'ue
1071 2077 1208 2109 morulis
1230 2077 1390 2117 epitomae
1413 2075 1493 2107 Ilbrc'
1516 2076 1577 2107 dno
1600 2075 1764 2106 emendati
1787 2078 1818 2105 et
1841 2076 1940 2107 attoli.
1986 2077 2077 2109 ss'um
2101 2081 2171 2110 tres
2191 2079 2263 2111 vir-

404 2125 491 2154 tutes
512 2122 662 2157 addilae,
687 2123 830 2162 Quintus
843 2122 1035 2153 Aristotelis
1057 2125 1143 2153 {otus
1167 2121 1377 2157 boymundus,
1401 2119 1539 2150 accessu
1562 2119 1660 2149 offam
1685 2121 1849 2148 tractatus
1872 2119 1925 2149 De
1947 2121 2146 2153 (melorae'iaie
2163 2122 2261 2161 prin-

405 2165 531 2204 cipum,
560 2168 592 2195 et
621 2164 706 2195 ulter
736 2166 788 2196 De
814 2165 933 2196 arbore
964 2163 1265 2205 consccnynim'laie's
1288 2165 1318 2192 ei
1342 2160 1541 2202 affinitatis,
1571 2164 1601 2191 ei
1626 2160 1730 2191 iudea·
1753 2160 1909 2201 copiosus.
1962 2163 2029 2193 Αη.
2053 2163 2262 2196 M.D.XL.

411 2207 492 2240 Cum
511 2207 643 2249 yraic'a,
663 2211 694 2239 ei
707 2207 892 2249 Prz'w'leyae‘o
906 2208 989 2248 Imp.
1013 2225 1054 2230 —
1090 2209 1151 2247 (In,
1165 2207 1263 2246 fine:)
1282 2204 1502 2244 AryenIorali
1518 2204 1607 2245 apud
1622 2204 1794 2235 ermonem
1809 2202 1959 2244 Milyum
1976 2205 2043 2236 An.
2058 2205 2111 2237 M.
2122 2206 2168 2237 D.
2179 2207 2262 2238 XL.

410 2250 531 2281 Mense
555 2250 746 2281 Februario.
782 2254 811 2282 ὃ.
860 2253 873 2281 1
899 2252 995 2291 Alph.
1027 2252 1041 2281 1
1067 2252 1151 2291 plag.
1183 2249 1223 2288 (3
1246 2249 1302 2278 ult.
1333 2249 1385 2278 sol.
1417 2257 1506 2285 vac„
1540 2250 1572 2278 in
1597 2253 1690 2287 parte
1714 2256 1834 2277 aversa
1858 2249 1960 2278 ultimi
1983 2250 2109 2279 nonnisi
2132 2251 2263 2291 signum

409 2299 462 2324 est
485 2294 635 2324 officinae
658 2295 932 2335 typographicae,
962 2295 1011 2324 leo
1034 2295 1216 2324 columnam
1239 2291 1437 2330 sustinens).

326 2345 470 2375 Duorum
494 2351 693 2376 tractatuum
716 2347 790 2377 huic
814 2347 946 2377 editioni
970 2346 1153 2376 additorum
1176 2345 1262 2384 prior
1285 2353 1314 2382 p.
1332 2342 1404 2373 103.
1429 2342 1538 2380 incipit
1565 2342 1759 2380 inscriptus:
1788 2340 1843 2371 An
1856 2340 2027 2381 principes
2042 2340 2179 2374 debeant
2192 2353 2264 2375 mu-

244 2390 317 2417 iure
339 2386 455 2427 impios
476 2387 597 2427 cultus,
621 2388 824 2419 cessantibus
847 2391 904 2419 unt
925 2387 1175 2429 prohibentibus
1194 2385 1375 2426 Episcopis,
1399 2387 1456 2415 aut
1479 2383 1707 2424 „ruperim-ibus
1730 2383 1889 2424 domini-53
1915 2385 1996 2414 alter
2018 2385 2047 2414 in
2073 2385 2138 2415 fine
2163 2386 2265 2417 Com-

245 2431 392 2460 mentarii
415 2432 447 2460 in
469 2430 511 2461 V.
534 2431 648 2461 librum
671 2433 863 2462 Aristotelis
892 2442 922 2471 p.
946 2432 1018 2461 327.
1044 2440 1193 2461 annexus
1217 2434 1269 2459 est
1292 2429 1483 2467 inscriptus:
1520 2426 1574 2457 De
1596 2426 1715 2458 arbore
1738 2425 2037 2467 corzsanym‘niiatis
2059 2429 2090 2457 et
2113 2425 2266 2469 affinita-

246 2472 307 2508 tis,
330 2471 401 2502 siue
423 2472 463 2502 cle
481 2472 652 2513 yrudibns·
677 2491 719 2497 —-
764 2475 903 2505 Carmen
928 2474 1091 2505 Ursellani
1114 2482 1214 2513 supra
1237 2472 1438 2510 exscriptum
1462 2470 1600 2500 indicem
1623 2471 1781 2510 sequitur.

329 2522 494 2560 Quantum
523 2523 605 2554 haec
633 2525 731 2555 editio
763 2535 782 2556 a
811 2527 914 2565 prima
944 2525 1087 2561 differat,
1125 2524 1336 2565 cognoscitur
1368 2533 1396 2552 e.
1428 2532 1455 2552 c.
1490 2533 1508 2552 e
1537 2523 1664 2562 verbis,
1700 2522 1819 2562 quibus
1847 2522 1969 2560 primae
1998 2522 2263 2564 interrogationi:

247 2588 265 2603 .‚
276 2565 360 2603 Quid
391 2571 443 2596 est
472 2566 675 2606 philosophia
706 2567 885 2599 moralis&
914 2568 1140 2607 respondetur.
1192 2568 1229 2596 In
1253 2568 1354 2606 prima
1378 2565 1518 2595 editione
1542 2566 1659 2606 legitur
1682 2573 1892 2604 responsum:
1929 2564 2018 2603 „Est
2041 2567 2158 2597 notitia
2183 2568 2267 2608 legis

246 2614 381 2638 naturae
404 2613 437 2638 et
460 2609 724 2651 conclusionum,
754 2621 837 2651 quae
861 2621 903 2641 ex
927 2612 980 2641 illa
1003 2612 1034 2641 in
1058 2610 1389 2640 demonstrationibus
1413 2614 1612 2648 sequuntur,
1636 2608 1676 2638 de
1699 2607 1858 2645 moribus,
1889 2611 1922 2636 et
1946 2608 2094 2639 omnibus
2117 2609 2266 2641 honestis

284 2736 311 2762 1)
333 2735 403 2758 llaec
424 2734 519 2757 editio.
541 2740 609 2763 quae
628 2735 655 2759 in
676 2735 836 2760 bibliotheca
855 2737 961 2766 publica
980 2737 1082 2760 mustr.
1103 2737 1217 2761 comitis
1238 2736 1478 2767 u'ernigerodani
1498 2736 1651 2760 invenitur.
1671 2735 1808 2759 Strobelio
1828 2734 1921 2765 ignota
1941 2735 1996 2758 ruit.
