2347 3000
91 790 165 832 XI.
221 792 319 833 PH.
381 793 538 834 MEL.
597 791 1128 847 ARGUMENTUM,
1186 792 1679 839 PARAPHRASIS
1739 798 1825 839 ET
1885 800 2108 843 ΑΝΝΟ-

89 881 441 925 TATIONES
491 881 564 922 IN
618 880 998 924 CICERONIS
1054 882 1464 927 ORATIONEM
1516 887 1649 929 PRO
1701 889 1754 930 L.
1800 887 2106 935 MURENA.

83 1025 204 1079 Huius
226 1047 361 1076 orationis
385 1048 529 1075 enarratio
551 1048 746 1076 Melanthonis
768 1049 859 1076 tribus
879 1049 970 1076 modis
994 1048 1099 1086 prodiit
1131 1047 1166 1087 1)
1188 1058 1251 1077 cum
1281 1051 1341 1079 sola
1369 1050 1424 1080 hac
1446 1053 1594 1081 Ciceronis
1624 1055 1754 1083 oratione
1776 1057 1944 1094 coniuncta,
1977 1057 2013 1097 2)
2038 1068 2102 1086 cum

84 1090 139 1119 hae
161 1097 190 1119 et
214 1099 265 1127 pro
286 1090 397 1117 Milone
420 1091 550 1118 oratione
571 1100 713 1127 connexa,
735 1089 772 1130 3)
795 1092 858 1119 sine
880 1096 1028 1128 contextu,
1049 1092 1078 1119 in
1101 1091 1290 1131 scholiorum,
1313 1103 1389 1132 quae
1411 1095 1448 1123 ad
1470 1095 1571 1133 plures
1594 1097 1642 1125 vel
1663 1107 1764 1126 omnes
1787 1099 1934 1128 Ciceronis
1957 1101 2101 1129 orationes

83 1133 250 1171 pertinent,
272 1131 500 1161 collectionibus·

164 1208 278 1237 Primae
301 1208 399 1236 classis
422 1207 563 1236 editiones
585 1207 642 1236 hae
664 1213 746 1237 sunt:

209 1272 263 1305 M.
290 1272 328 1303 T.
354 1272 520 1303 Ciceronis
542 1275 650 1303 oratio
673 1273 881 1312 lepidissima
903 1283 965 1313 pro
988 1272 1029 1302 L.
1053 1273 1217 1314 Murena,
1238 1286 1308 1306 una
1331 1288 1404 1307 cum
1426 1281 1702 1312 annotationibus
1727 1283 1852 1324 Philip.
1868 1283 2100 1316 Melanchtho-

250 1317 302 1345 nis
323 1325 364 1344 ac
386 1315 542 1346 Barthol.
567 1316 710 1345 Latomi.
756 1315 909 1347 Coloniae
931 1316 1077 1345 loannes
1103 1316 1277 1356 Gymm'cus
1300 1321 1505 1360 etz-cudebat,
1527 1323 1628 1354 ,Anno
1651 1324 1698 1355 M.
1712 1326 1757 1356 D.
1774 1326 1856 1358 JYL.
1900 1328 1921 1357 6
1943 1330 2041 1367 plagg.
2064 1329 2097 1359 8.

251 1357 282 1397 (1
310 1358 362 1387 fol.
384 1369 441 1386 non
465 1368 543 1387 num.
566 1361 774 1396 Argumentum
798 1360 932 1387 orationis
959 1369 1012 1396 pro
1034 1360 1068 1389 L.
1091 1361 1231 1396 Murena3
1261 1362 1299 1392 41
1328 1364 1390 1393 foll.
1414 1375 1471 1392 non
1494 1376 1572 1396 num.
1602 1369 1641 1396 Μ.
1672 1370 1708 1397 Τ.
1738 1371 1798 1398 Cic.
1828 1380 1881 1408 pro
1911 1371 1946 1400 L.
1974 1372 2099 1399 Murena

251 1401 342 1428 oratio
365 1410 429 1428 cum
453 1401 526 1428 notis
550 1402 766 1438 marginalibus,
790 1403 891 1440 quibus
913 1407 1013 1429 autem
1035 1408 1182 1431 auctorum
1206 1406 1322 1433 nomina
1345 1415 1402 1434 non
1425 1408 1524 1436 addita
1544 1416 1612 1438 sunt
1624 1409 1668 1449 *)3
1692 1411 1713 1440 5
1735 1411 1800 1441 foll.
1824 1422 1881 1440 non
1904 1423 1984 1443 num,
2006 1413 2048 1442 Μ.
2062 1414 2100 1443 Τ.

245 1443 306 1470 Cic.
328 1443 366 1470 ad
388 1443 539 1472 Octavium
561 1443 701 1481 epistola,
723 1445 775 1472 ult.
799 1453 865 1481 pag,
890 1443 978 1482 vac.).

204 1525 247 1530 —
268 1524 311 1530 —
335 1507 430 1544 (Idem
462 1507 570 1548 Index)
610 1508 764 1539 Coloniae
797 1509 968 1539 Martinus
1002 1509 1181 1550 Gymnicus
1214 1511 1411 1544 excutiebat.
1455 1515 1554 1546 Anno
1588 1515 1634 1547 M.
1646 1517 1822 1551 DXLV.
1866 1521 1887 1550 5
1923 1523 2020 1560 plagg.
2064 1523 2095 1553 8.

250 1550 283 1589 (l
308 1551 360 1579 fol.
383 1561 440 1578 non
463 1561 541 1579 num.
572 1552 783 1589 Argumentum
813 1554 949 1581 orationis
973 1563 1025 1590 pro
1053 1554 1089 1582 L.
1112 1555 1252 1590 Murena3
1282 1555 1324 1585 33
1346 1558 1409 1586 soll.
1432 1568 1487 1586 non
1512 1569 1591 1589 num.
1621 1562 1661 1590 M.
1685 1563 1721 1590 Τ.
1741 1564 1801 1592 Cic.
1831 1574 1883 1601 pro
1913 1565 1948 1593 L.
1972 1566 2094 1594 Murena

245 1593 334 1621 oratio
363 1603 427 1621 cum
449 1594 524 1621 notis
547 1595 713 1631 marginal.;
735 1593 805 1633 312'2
827 1595 891 1622 soll.
915 1605 970 1622 non
994 1605 1072 1624 num.
1097 1597 1137 1625 M.
1159 1597 1195 1626 T.
1215 1599 1274 1626 Cic.
1297 1600 1333 1626 ad
1357 1600 1508 1629 Octavium
1529 1604 1630 1640 epist.;
1655 1603 1723 1642 1¹s2
1746 1606 1798 1634 fol.
1821 1604 1898 1645 vac.)
1913 1605 1968 1646 *⁴‘).

200 1674 244 1680 —-
264 1674 307 1680 —-
330 1657 426 1696 (Idem
451 1658 561 1698 index)
585 1658 737 1689 Coloniae
749 1660 810 1699 ***)
840 1660 919 1699 (sine
942 1661 1045 1701 anno).
1089 1663 1132 1694 39
1155 1665 1218 1694 foll.
1242 1675 1297 1694 non
1323 1676 1401 1696 num.
1446 1667 1477 1696 8.
1521 1668 1554 1706 (1
1580 1670 1631 1707 fol.
1662 1672 1872 1709 Argumentum
1896 1673 1980 1702 liuius
2003 1681 2093 1708 orat.-y

240 1699 283 1730 33
305 1701 369 1730 soll.
392 1702 450 1732 Cic.
472 1712 526 1740 pro
547 1702 582 1731 L.
604 1702 730 1731 Murena
749 1704 839 1732 oratio
861 1713 886 1731 c.
909 1705 985 1732 notis
1008 1709 1146 1745 margin.;
1169 1706 1243 1745 3¹1's2
1267 1709 1329 1738 foll.
1353 1711 1413 1738 Cic.
1435 1711 1471 1738 ad
1495 1712 1646 1741 Octavium
1669 1715 1773 1752 epist.;
1799 1715 1850 1743 ult.
1874 1725 1940 1753 pag.
1964 1715 2053 1755 vac.)-

155 1775 309 1805 Secundae
332 1775 429 1803 classis
455 1776 542 1804 editio
566 1786 654 1814 supra
677 1787 707 1815 p.
729 1776 794 1808 973
815 1788 858 1816 sq.
880 1778 916 1806 ad
940 1780 1099 1808 orationem
1122 1791 1176 1820 pro
1198 1783 1307 1812 Milone
1331 1790 1375 1813 est
1397 1785 1554 1824 descripta.

155 1852 274 1879 Tertiae
303 1851 400 1879 classis
430 1852 572 1880 editiones
602 1853 724 1881 eaedem
756 1859 841 1887 sunt,
873 1863 907 1881 ac
936 1854 1077 1883 editiones
1100 1865 1220 1894 quartae
1243 1861 1341 1888 classis
1366 1861 1402 1888 ad
1425 1862 1484 1890 Cic.
1509 1873 1562 1899 pro
1585 1865 1689 1893 Archia
1711 1868 1868 1896 orationem
1892 1876 2090 1907 enumeratae,

73 1900 198 1931 excepta
221 1894 271 1921 illa
295 1894 526 1921 lucubrationum
550 1895 578 1921 in
601 1895 661 1923 Cic.
685 1896 832 1923 orationes
854 1896 963 1933 aliquot
987 1897 1176 1936 collectione,
1200 1911 1276 1939 quae
1298 1903 1430 1931 Basileae
1457 1904 1693 1937 1536—1537.
1715 1908 1746 1936 4.
1770 1910 1887 1947 prodiit.

201 1962 291 1988 Huius
313 1960 502 1988 enarrationis
525 1960 598 1989 Mel.
622 1961 782 1997 editiones,
806 1971 875 1998 quas
900 1962 929 1988 in
951 1963 1080 1991 manibus
1100 1965 1256 2004 hahemus,
1286 1970 1443 1998 secundum
1467 1981 1606 2000 annorum

75 2003 108 2044 1)
135 2003 241 2033 Basil.
265 2001 360 2031 1539.
382 2003 452 2038 fob,
481 2001 518 2039 2)
545 2001 652 2031 solon.
676 2002 769 2031 1540.
791 2003 836 2039 S.‚
866 2002 900 2041 3)
927 2003 1033 2033 Colon.
1059 2006 1150 2036 1545.
1176 2009 1225 2046 (ea
1249 2011 1332 2038 huius
1355 2013 1422 2039 anni
1445 2013 1499 2041 Ed.

70 2057 135 2075 nei-u
159 2045 303 2082 continet)
327 2044 375 2081 S.,
407 2044 442 2078 4)
469 2042 575 2072 Basil.
602 2043 692 2074 1553.
716 2045 784 2081 ful„
817 2044 853 2083 5)
875 2044 1037 2083 Lugdun.
1064 2048 1156 2080 1554.
1179 2052 1246 2087 sol.,
1281 2052 1301 2080 6

67 2098 188 2127 quarum
212 2088 341 2116 ultimam
365 2087 481 2114 nomine
504 2085 627 2124 Gelam,
650 2093 764 2115 ceterae
786 2087 854 2115 solis
875 2097 1018 2117 annorum
1040 2093 1169 2121 numeris
1192 2095 1302 2131 siguific

1637 1974 1767 2003 ordinem
1792 1984 1858 2005 sunt
1881 1978 1936 2007 hae
1959 1986 2089 2017 sepwm3

1510 2035 1518 2049 ‚
1549 2024 1624 2052 quae
1647 2017 1735 2044 solam
1761 2028 1813 2055 pro
1836 2019 1960 2049 Murena
1983 2023 2088 2050 oratio-

1305 2055 1316 2090 )
1340 2051 1434 2092 Lips.
1462 2055 1554 2086 1568.
1577 2057 1625 2093 8.,
1660 2058 1696 2098 ’7)
1721 2057 1829 2090 Colon.
1854 2063 1916 2091 siue
1938 2072 2022 2092 anno.
2045 2064 2088 2101 8.,

1305 2096 1425 2124 abimus.

4 2098 11 2138 ..ν
4 2055 11 2076 -
2 2007 10 2035 ·⁴-.

192 2156 300 2183 Harum
324 2154 481 2182 editionum
506 2154 582 2181 duae
604 2154 788 2182 Basileenses
811 2160 841 2182 et
863 2155 1065 2193 Lugdunensis
1087 2159 1283 2190 Melanthonis
1305 2169 1527 2203 argumentum,
1560 2167 1671 2195 exordii
1695 2170 1883 2207 paraphrasin
1907 2179 1936 2200 et
1959 2181 2084 2201 annota-

6 2205 13 2228 1
64 2199 156 2227 tiones
185 2197 350 2230 continent3
384 2196 543 2233 Lipsiensis
571 2196 614 2223 his
643 2197 699 2224 alia
727 2197 755 2223 in
786 2198 910 2225 eandem
938 2200 1097 2229 orationem
1127 2202 1250 2239 scholia,
1279 2206 1389 2234 scilicet
1419 2207 1503 2234 aliam
1528 2209 1721 2246 paraphrasin
1743 2213 1855 2241 exordii
1884 2223 1911 2242 a,
1936 2214 2029 2243 1529.
2052 2222 2082 2243 et

6 2249 21 2268 t
64 2241 121 2268 alia
144 2241 240 2268 brevia
263 2238 370 2266 scholia
395 2248 419 2266 a.
444 2236 536 2266 1532.
560 2239 677 2266 adiecit.
720 2238 871 2266 Editiones
895 2245 954 2267 tres
977 2241 1165 2272 Colonienses
1194 2247 1338 2282 praebent
1359 2255 1579 2286 argumentum,
1608 2261 1730 2289 quorum
1761 2256 1839 2292 prior
1869 2265 1934 2292 pars
1957 2257 2081 2294 Latomi,

64 2283 156 2311 altera
178 2287 275 2310 autem
297 2280 493 2309 Melanthonis
515 2286 577 2317 est,
601 2286 629 2309 et
652 2286 734 2309 notas
755 2281 929 2319 marginales
953 2283 1103 2322 utriusque
1125 2289 1258 2318 auctoris.

137 2422 169 2451 ἡ
189 2423 264 2447 Hanc
281 2423 314 2446 ob
332 2428 406 2449 rem,
431 2422 520 2445 utrius
538 2421 659 2446 auctoris
678 2424 867 2453 argumentum
886 2422 980 2447 eiusve
998 2425 1091 2454 partes
1111 2426 1137 2448 et
1157 2425 1284 2453 singulae
1306 2429 1389 2451 notae
1408 2429 1576 2460 marginales
1594 2430 1672 2456 huius
1701 2433 1828 2459 editionis
1847 2438 1874 2460 et
1892 2437 2005 2463 duarum

159 2457 296 2487 quentium
315 2457 388 2487 sint,
416 2456 527 2480 nonnisi
556 2463 570 2480 e
596 2457 763 2481 scholiorum
789 2457 1009 2490 collectionibus,
1037 2459 1064 2482 iu
1083 2459 1178 2489 quibus
1203 2460 1298 2485 horum
1322 2464 1463 2487 auctorum
1488 2465 1594 2490 scholia
1618 2467 1743 2492 seiuncta
1767 2470 1956 2504 continentur,
1985 2447 2075 2504 potsth

162 2497 299 2521 cognosci.

110 2533 160 2562 *ἢ
180 2534 255 2557 Haec
273 2533 370 2564 editio,
389 2539 458 2563 quae
477 2532 503 2556 in
523 2533 683 2557 bibliotheca
702 2533 857 2557 academica
875 2533 1040 2564 Tuhingensi
1071 2536 1129 2563 est,
1150 2541 1199 2559 nec
1216 2541 1233 2559 a
1252 2537 1444 2569 Sclm·eigero,
1469 2546 1518 2564 nce
1536 2541 1569 2564 ab
1589 2541 1692 2567 Orellio
1711 2548 1948 2574 commemoratur.

93 2575 163 2607 **>l<)
183 2576 375 2607 Schweigerus
393 2578 420 2600 et
440 2576 561 2601 orellius
579 2577 681 2600 addunt
701 2576 866 2608 typographi
885 2582 982 2601 nomen
1001 2577 1078 2601 uncis
1097 2577 1245 2603 inclusum:
1267 2578 1353 2611 (apud.
1370 2582 1519 2607 cratonem
1534 2583 1674 2617 Mylium).
