2347 3000
80 131 154 167 489

619 131 660 166 V.
724 126 1057 176 QUAESTIONES
1091 125 1310 173 ALIQUOT
1343 125 1562 162 ETHICAE.

2031 128 2104 163 490

843 342 978 366 ALIA
1025 339 1331 371 QUAESTlo.

77 419 147 451 AN
171 418 278 450 CUM
301 417 538 450 ULYSSES
561 417 926 450 PROMISISSET
957 415 1159 448 DOLONI
1189 414 1568 446 SPECULATORI
1598 414 1789 455 VITAM,
1825 413 2100 446 DIOMEDES

579 478 770 510 SOCIUS
795 478 904 509 EUM
929 477 1083 508 IUSTE
1115 474 1595 516 INTERFECERI'r92).

173 573 331 617 Tempus
366 585 422 605 me
457 574 499 606 de
534 571 599 606 hac
635 574 840 619 quaestione
881 574 1061 611 admonet,

75 624 157 670 quia
173 622 271 665 lieri,
298 624 332 657 id
352 631 420 663 est,
448 625 583 658 decima
598 625 832 665 Novembris,
858 625 925 658 suit
947 636 1061 656 annus

73 675 283 709 centesimus
314 676 502 720 septimus,
544 683 624 720 post
657 676 892 710 tristissimam
925 676 1059 708 cladem

73 727 293 761 Varnensem
305 727 370 772 ⁹3),
398 727 434 760 in
453 739 521 772 qua
544 740 603 760 rex
627 728 866 761 nobilissimus
892 733 925 760 et
951 726 1060 759 excel-

74 779 148 812 lens
172 778 301 812 virtute
323 778 541 817 Vladislaus‚
584 778 786 812 interfectus
816 785 866 813 est
889 779 932 811 ab
950 778 1060 811 Amu-

73 827 174 862 rathe
186 829 251 875 ul¹),
279 842 357 862 cum
372 836 451 873 post
469 829 679 873 promissam
698 843 821 875 pacem
846 830 1059 868 iuramento,

72 892 260 925 persuasus
294 887 381 914 esset
413 892 431 912 a
462 880 619 913 Romani
651 882 827 925 pontificis
858 882 974 926 legato
1005 880 1059 913 lu—

72 932 167 964 liano
178 930 223 976 9ιῖ)
242 943 362 965 rursus
377 944 520 965 movere
538 932 683 974 bellum,
707 933 789 980 quia
806 933 864 966 illa
884 945 952 977 pax
968 933 1059 965 sacta

73 989 162 1016 esset
185 983 260 1015 sine
286 995 458 1017 consensu
485 983 675 1018 sociorum.
740 985 915 1030 Repetam
941 990 1058 1017 autem

71 1034 226 1068 breviter
245 1032 442 1068 historiam.

172 1084 322 1119 loannes
348 1085 548 1128 Huniades‚
576 1085 749 1121 Matthiae
775 1085 954 1132 pam-⁹⁶),
989 1091 1059 1118 tres

71 1136 241 1170 Turcicos
264 1138 368 1170 duces
391 1137 475 1171 vicit
496 1139 616 1173 multis
640 1139 794 1183 praeliis.
863 1134 1002 1170 Mezeth
1026 1143 1059 1169 et

72 1187 210 1220 Ziahim
228 1188 274 1233 ⁰⁷)
303 1188 496 1230 interfecit,
536 1197 757 1235 postremum
781 1189 997 1223 Carambum
1012 1188 1058 1233 ²³³)

104 1307 153 1334 92)
174 1306 247 1330 Haec
273 1311 317 1328 res
342 1307 472 1329 narratur
499 1308 532 1331 ab
551 1309 669 1332 Homero
695 1309 724 1333 ll.
743 1308 779 1336 X,
798 1307 956 1331 313-464.
984 1307 1059 1333 Aea-

142 1346 267 1365 memnon
287 1340 418 1363 insomnis
439 1347 496 1364 cum
515 1342 603 1366 fratre
621 1344 745 1366 Menelao
765 1342 843 1365 lectis
869 1342 985 1365 evm-ant
1004 1341 1059 1363 Ne-

142 1378 247 1399 storem
265 1376 292 1397 et
310 1375 380 1398 alios
400 1375 554 1405 principes,
574 1384 632 1400 cum
652 1377 739 1406 iisque
758 1375 887 1399 excubias
906 1376 940 1397 ad
955 1376 1059 1397 rossam

140 1410 248 1433 obeunt.
285 1409 406 1432 Consilio
426 1409 460 1432 ibi
479 1411 568 1433 habito
588 1411 697 1434 mittunt
715 1411 904 1440 speculatores
922 1409 948 1432 in
965 1410 1060 1431 castra

140 1443 272 1473 Troiana,
292 1443 446 1466 Diomedem
460 1446 540 1473 atque
555 1445 693 1475 Ulyssem.
726 1445 826 1469 Eodem
840 1446 963 1473 tempore
976 1442 1058 1465 Achi-

140 1484 237 1501 vorum
271 1478 385 1501 consilia
416 1474 585 1507 exploratum
612 1480 753 1509 prodierat
779 1479 914 1503 Troianus
941 1477 1058 1507 quidam,

138 1512 245 1541 Dolon,
272 1512 398 1535 Hectoris
424 1513 567 1541 promissis
588 1514 728 1543 inritatus,
761 1520 856 1543 quam,
889 1513 923 1536 ad
947 1511 1059 1535 navalia

138 1552 217 1576 quam
237 1546 351 1570 maxime
370 1547 538 1577 tendentem,
570 1548 609 1571 illi
628 1549 867 1578 comprehendunt.
911 1547 960 1570 llio
980 1553 1058 1576 quum

138 1581 222 1604 vitam
242 1581 292 1603 sibi
312 1582 490 1611 deprecatus,
518 1588 621 1606 onmem
644 1583 724 1606 situm
743 1585 914 1609 castrorum,
942 1582 983 1608 et,
1014 1580 1058 1603 ubl

137 1616 261 1643 Rhesus.
290 1621 339 1638 rex
359 1616 508 1648 Tin-acum,
544 1618 685 1648 tenderet,
718 1617 864 1648 indicavit,
895 1615 1019 1646 proditor
1042 1620 1059 1638 a

136 1650 267 1674 Diomede
288 1650 428 1673 occiditur.

101 1700 150 1729 93)
169 1701 314 1724 Exercitus
335 1701 483 1725 wladislai
504 1702 563 1730 111..
595 1703 672 1733 regis
692 1702 823 1726 Poloni'ae
843 1704 870 1725 et
889 1700 1057 1732 Hungariae,

137 1742 154 1759 a
173 1742 239 1766 rege
259 1736 317 1765 ipso
338 1737 364 1760 et
380 1736 503 1759 liuniade
522 1739 603 1767 atque
616 1738 719 1765 Agl-lae
739 1740 765 1761 et
781 1737 928 1761 &Varadiui
949 1736 1057 1766 episeo-

136 1770 193 1800 pis,
214 1771 359 1800 legatoque
378 1776 463 1800 papae
482 1772 577 1795 ductus
592 1772 625 1794 ad
640 1773 777 1796 XVaruam
792 1771 917 1801 oppidum
933 1772 972 1795 10.
987 1770 1057 1793 Nov.

139 1806 213 1829 1444.
240 1810 257 1828 a
282 1806 397 1829 &ultano
423 1806 519 1828 Murad
544 1806 667 1829 devictus
693 1808 719 1830 et
744 1806 920 1831 lemlislaus
950 1805 1056 1829 occisus

137 1841 189 1862 est.
227 1840 301 1862 Ham-
321 1840 439 1868 cladem.
461 1840 626 1864 Callimacho
647 1841 679 1863 de
698 1847 790 1870 pugna
809 1840 964 1869 vamensi,
984 1841 1056 1862 Bon-

136 1873 199 1896 finio
219 1874 334 1897 [let-adis
356 1875 397 1898 lll.
421 1875 437 1899 l.
456 1875 500 1899 Vl.
521 1875 638 1905 aliisque
656 1876 830 1901 aneton-ilius.
851 1874 1057 1904 dcsvripserunt

135 1908 263 1931 Mallatllz
298 1909 460 1932 Geseliiellte
488 1909 537 1932 der
562 1911 714 1940 Mag-varen
740 1911 768 1934 Τ.
784 1910 814 1934 Π,
841 1917 865 1939 p.
880 1909 931 1932 225
945 1915 1003 1937 sqq.
1029 1908 1057 1930 et

136 1942 189 1966 los.
215 1949 240 1965 v.
267 1944 407 1966 llammer:
445 1944 604 1967 tieseliiclite
637 1945 685 1967 des
713 1945 912 1969 osnmniseheu
938 1943 1055 1966 licit-lies

136 1976 166 1999 T.
180 1976 199 2000 l.
225 1983 248 2005 p.
267 1978 315 2000 461
334 1984 392 2007 sqq.

102 2028 150 2055 94]
171 2028 335 2051 Amurathes
356 2029 372 2051 i.
389 2035 410 2051 e.
429 2030 526 2052 Murad
544 2030 594 2059 ll..
617 2032 698 2054 natus
719 2030 810 2061 1403„
841 2029 972 2053 Sultanus
993 2028 1055 2052 inde

137 2063 170 2085 ab
189 2068 213 2085 a.
229 2063 302 2086 1421.
323 2070 407 2092 usque
426 2064 461 2086 ad
481 2066 593 2088 mortem
615 2066 688 2089 1451.

102 2114 150 2141 95)
169 2113 349 2152 Ali-Eugenli
368 2114 415 2137 lv.
445 2120 531 2144 papae
562 2115 672 2146 legato,
709 2114 842 2140 cardinali
872 2114 974 2138 Iuliano
1000 2114 1054 2139 Ce-

138 2154 234 2171 sarllll.

100 2200 147 2227 96)
170 2198 249 2222 Cont'.
268 2204 350 2228 supra
370 2206 393 2228 p.
414 2198 470 2224 177.
490 2201 553 2224 nota
570 2200 609 2224 19.

99 2250 147 2278 97)
167 2250 274 2273 Mezeth
295 2249 311 2273 i.
325 2257 348 2273 e.
367 2250 556 2281 Mesia-Beg,
585 2252 611 2274 et
631 2251 733 2275 Zialvtm
753 2251 770 2277 ι’.
785 2258 807 2275 e.
828 2252 1053 2276 Schehabeddln-

136 2284 257 2313 Pascha,
286 2291 398 2314 quorum
418 2285 509 2308 clades
529 2292 553 2309 a.
570 2286 643 2310 1442.
671 2287 704 2310 ab
724 2286 848 2310 nuniade
872 2286 960 2310 factas
987 2293 1052 2310 nar-

136 2320 198 2341 rant
219 2319 269 2342 los.
294 2326 319 2342 v.
342 2320 468 2343 Hammer
495 2320 512 2343 l.
532 2321 549 2343 l.
577 2321 605 2344 Τ.
620 2321 638 2344 1.
667 2327 692 2351 p.
706 2321 864 2345 450—452.
889 2322 916 2344 et
939 2321 1052 2345 Mailath

135 2353 153 2377 1.
172 2353 190 2377 l.
208 2353 236 2376 T.
250 2353 281 2377 ll.
301 2360 326 2383 p.
341 2354 392 2377 203
404 2354 502 2378 -210.

101 2395 148 2422 98)
169 2394 316 2418 Carambus
337 2402 352 2419 a
372 2396 537 2420 Callimacho
559 2397 605 2421 (de
630 2399 712 2421 rebus
739 2403 755 2421 a
774 2397 968 2426 wladislavo,
996 2398 1050 2421 Po-

135 2430 258 2452 lonorum
278 2432 304 2453 et
324 2431 515 2458 llungarorum
534 2432 625 2462 Rege.
651 2432 769 2459 gestis),
802 2433 925 2456 Bonfinio
947 2432 1050 2463 (Deca-

136 2463 176 2485 dis
190 2463 232 2487 lll.
253 2464 270 2486 l.
285 2464 344 2491 Vl.)
367 2465 468 2495 iisque,
501 2466 543 2495 qui
563 2467 675 2489 Laoniei
694 2466 931 2496 Clialeocondylae
954 2467 1050 2490 librum

135 2497 167 2520 de
181 2497 286 2527 origine
299 2498 494 2528 Imperatorum
509 2501 682 2524 Turcicorum
704 2501 730 2523 in
750 2502 796 2525 lat.
817 2501 937 2531 linguam
955 2502 1049 2524 trans-

134 2532 271 2559 tulerunt,
301 2534 454 2562 appellatur
472 2535 597 2558 Matmuut
621 2536 777 2563 Tsehestbi,
810 2535 917 2558 sororis
943 2535 1050 2559 sultani

134 2565 231 2588 ltlurad
255 2567 383 2598 maritus,
418 2569 576 2597 provinciae
600 2570 658 2593 Boli
684 2571 837 2599 praefectus
869 2570 968 2599 (neg),
1005 2569 1049 2599 qui

133 2600 174 2623 24.
191 2600 253 2623 Dee.
274 2600 347 2624 1443.
367 2603 400 2625 ab
419 2603 541 2626 Huniade
560 2604 593 2627 ad
608 2604 773 2627 Cunol)iza1n
792 2605 909 2627 montem
928 2605 954 2627 in
973 2610 1048 2628 eam-

134 2633 176 2662 pis
196 2633 319 2657 lalovazi
337 2635 425 2659 victus
444 2639 607 2667 captusque.
628 2645 722 2661 mense
737 2639 802 2662 lulio
820 2644 845 2662 a.
862 2638 933 2661 1⁴44.
953 2644 969 2661 a
983 2639 1048 2661 Sul-

133 2669 198 2690 tano
218 2669 391 2697 septuaginta
410 2671 526 2694 millibus
550 2678 695 2696 aureorum
720 2673 858 2696 redemtus
885 2673 938 2697 est.
985 2673 1046 2696 vid.

133 2708 159 2724 v.
168 2702 301 2762 ἔξὲιιιὲιὶεὸ
320 2704 337 2727 l.
350 2704 368 2729 l.
386 2705 414 2728 Τ.
427 2705 446 2731 1.
464 2712 491 2736 p.
504 2707 563 2732 454.
578 2707 637 2733 456.
652 2708 710 2732 651.
732 2709 758 2731 et
773 2707 884 2731 Mailatll
904 2707 921 2732 l.
936 2706 953 2730 l.
972 2707 1000 2730 Τ.
1014 2707 1046 2730 11.

1115 576 1256 613 captum
1277 569 1362 602 emit
1379 580 1397 600 a
1416 570 1578 612 gregario
1597 570 1706 602 milite
1724 569 1958 615 quadraginta
1977 571 2103 605 aureis,

1115 633 1219 666 quem
1236 626 1357 664 postea
1375 620 1531 652 vendidit
1551 622 1785 665 quadraginta
1800 622 1954 654 millibus
1979 634 2103 654 aureo-

1114 684 1206 706 rum.
1260 671 1348 704 Cum
1369 670 1476 714 igitur
1493 671 1664 704 Turrirae
1689 673 1780 705 xires
1804 673 1922 706 multis
1947 673 2103 705 cladibus

1113 722 1354 767 languefactae
1378 728 1510 763 essent,
1537 725 1579 767 [et
1607 721 1830 767 (]ar·111ani⁰⁰)
1858 724 1892 756 in
1917 723 1998 757 Asia
2022 737 2103 768 pro-

1113 774 1247 807 vincias
1279 774 1447 807 Turcicas
1479 774 1757 818 popularentur,
1797 773 2011 808 Amurathes
2046 788 2105 819 pa-

1113 839 1189 859 cem
1206 825 1341 870 petivit.
1396 825 1467 859 Nec
1488 825 1622 869 Ungari
1639 826 1763 859 defessi
1788 826 1935 859 assiduis
1960 827 2060 860 bellis
2085 839 2103 858 a

1114 889 1198 922 pace
1222 874 1475 910 abhorrebant.
1544 876 1666 922 ltaque
1695 877 1876 922 utrimque
1912 888 1979 921 pax
2009 878 2103 910 iura-

1113 934 1234 961 mento
1254 928 1426 972 promissa
1447 934 1496 961 est
1509 927 1581 973 ¹⁰⁰).

1213 988 1296 1022 Non
1312 989 1424 1021 multo
1450 995 1531 1032 post
1554 1001 1633 1021 cum
1658 988 1729 1021 iam
1758 994 1937 1021 constaret
1950 987 2103 1020 Amura-

1113 1038 1198 1073 then
1220 1040 1256 1072 in
1268 1039 1388 1073 Asiam
1408 1046 1530 1072 contra
1548 1039 1745 1073 Carmanos
1763 1040 1958 1079 traiecisse,
1988 1045 2021 1071 et
2037 1038 2105 1071 exi-

1113 1092 1299 1125 stimarent
1318 1104 1440 1124 omnes
1459 1104 1624 1135 magnam
1642 1104 1714 1125 esse
1733 1091 1952 1124 occasionem
1971 1090 2106 1123 Turcas

1114 1156 1155 1176 ex
1168 1143 1313 1187 Europa
1335 1143 1518 1181 eiiciemli,
1546 1141 1736 1177 hortantur
1751 1143 1859 1186 legati
1875 1141 2046 1187 pontificii
2073 1148 2107 1174 et

1113 1195 1240 1228 Graeci
1252 1194 1280 1240 ¹)
1297 1207 1414 1238 regem
1426 1194 1659 1235 Vladislaum,
1689 1201 1726 1228 nt
1744 1206 1865 1228 rursus
1879 1194 2012 1227 bellum
2029 1205 2105 1225 mo-

1113 1252 1212 1286 veat,
1241 1247 1336 1291 quod
1356 1259 1433 1279 cum
1452 1253 1600 1290 propter
1620 1254 1719 1290 pacta
1739 1246 1917 1279 videretur
1934 1245 2105 1278 iniustum

1113 1309 1185 1330 esse
1202 1297 1296 1341 regi,
1321 1297 1456 1341 legatus
1475 1298 1675 1341 pontificius
1702 1298 1856 1330 aslirmax
1868 1297 1893 1329 it
1917 1297 1974 1329 illa
2000 1302 2103 1340 pacta

1113 1347 1214 1381 irrita
1230 1360 1322 1387 esse,
1351 1349 1432 1392 quia
1455 1361 1518 1381 nec
1535 1348 1610 1382 sine
1625 1349 1782 1381 Romani
1804 1347 1980 1392 pontificis
2005 1353 2104 1379 auto-

1111 1398 1235 1438 ritate,
1263 1410 1327 1431 nec
1343 1399 1522 1432 sociorum
1543 1411 1715 1434 consensu
1734 1400 1873 1432 licuerit
1896 1399 2105 1443 promittere

1111 1461 1253 1494 pacem,
1283 1455 1317 1482 et
1332 1451 1455 1482 suadet
1472 1462 1593 1484 rursus
1609 1451 1746 1483 moveri
1767 1451 1910 1484 bellum.

1213 1508 1303 1542 Huic
1320 1509 1475 1542 infor-liei
1494 1510 1641 1543 consilio
1669 1522 1729 1543 rex
1747 1510 1946 1543 Vlaslislaus
1969 1509 2103 1541 obtem-

1110 1566 1213 1604 perat
1237 1566 1270 1593 et
1291 1560 1391 1593 initia
1416 1561 1507 1594 laeta
1535 1568 1655 1599 crant,
1690 1562 1750 1595 sed
1778 1562 1937 1594 celeriter
1962 1573 2002 1593 ex
2021 1560 2104 1593 Asia

1111 1611 1215 1644 rediit
1229 1610 1456 1646 Amuratlles.
1508 1611 1581 1645 Iam
1600 1626 1683 1646 vero
1704 1612 2104 1646 accesseratYladislaus

1110 1675 1222 1708 usque
1243 1664 1286 1696 ad
1302 1664 1399 1697 littus
1418 1665 1463 1696 ad
1488 1665 1659 1708 oppidum
1676 1665 1834 1697 Varnam
1848 1692 1856 1703 ‚
1893 1665 1989 1709 quod
2012 1669 2104 1695 vete-

1110 1715 1207 1748 ribus
1227 1715 1293 1748 suit
1319 1722 1379 1748 aut
1403 1715 1686 1760 Dyonysopolis‚
1714 1723 1774 1749 aut
1795 1714 2047 1759 Anchialos2),
2076 1714 2104 1747 si

1110 1773 1183 1799 tam
1202 1765 1237 1798 in
1256 1766 1375 1800 littore
1400 1780 1507 1811 supra
1523 1767 1874 1811 Constantinopolim
1898 1780 1972 1800 non
1996 1767 2104 1809 longo

1110 1817 1310 1851 intervallo.
1364 1817 1417 1850 Ibi
1441 1831 1500 1852 rex
1515 1819 1715 1853 vladislaus
1740 1819 1944 1852 interfectus
1967 1824 2036 1857 est,
2071 1824 2105 1849 et

1109 1869 1285 1902 trucidata
1302 1869 1483 1915 utrimque
1510 1870 1632 1914 ingens
1656 1871 1859 1904 multitudo.
1920 1869 2102 1903 Huniades

1109 1933 1189 1953 cum
1212 1927 1312 1964 parte
1336 1921 1519 1965 copiarum
1548 1922 1689 1966 effugit,
1726 1923 1785 1955 sed
1812 1923 1847 1954 in
1870 1922 1949 1965 suga
1976 1933 1994 1953 a
2011 1919 2102 1952 Dra-

1109 1972 1185 2004 cola
1211 1970 1394 2005 Vualacho
1430 1979 1552 2017 captus
1588 1980 1658 2014 est,
1701 1980 1734 2006 et
1769 1980 1890 2018 postea
1927 1971 2102 2010 dimissus,

1141 2106 1189 2134 99)
1210 2106 1432 2134 lbrahim-Beg.
1454 2105 1636 2130 Garamanta(-
1656 2107 1724 2132 dux.
1752 2106 1858 2130 sororis
1880 2106 1985 2130 Sultani
2004 2106 2100 2129 Marad

1177 2141 1308 2167 maritus.
1339 2140 1454 2165 a.14-13.
1480 2141 1590 2164 tertium
1618 2143 1714 2164 bellum
1735 2143 1830 2165 Turris
1857 2142 1980 2164 illferens
2005 2146 2099 2163 eorum

1175 2178 1279 2199 terrain
1297 2175 1360 2198 inde
1380 2176 1413 2198 ab
1433 2175 1530 2204 oppido
1550 2177 1666 2199 Kntalu'e
1687 2183 1771 2205 usque
1789 2177 1822 2199 ad
1840 2177 1994 2202 Augei-am.
2014 2175 2096 2198 Bula-

1175 2211 1267 2233 wadin
1293 2211 1320 2232 et
1347 2210 1526 2233 siu-rillissar
1553 2212 1697 2240 populatus
1729 2212 1771 2233 est
1797 2211 1930 2239 urbesque
1952 2209 2097 2238 Akllissar,

1175 2245 1318 2268 Aksclielir
1337 2245 1364 2267 et
1382 2245 1536 2274 Begseliclu·
1556 2245 1692 2274 vastavit,
1713 2245 1765 2268 vid.
1782 2252 1808 2268 v.
1821 2245 1948 2268 llammer
1967 2244 2018 2268 1.1.
2039 2244 2066 2266 T.
2080 2243 2098 2265 l.

1174 2286 1198 2308 p.
1212 2279 1273 2302 455.

1141 2330 1203 2357 100)
1224 2330 1299 2353 naec
1322 2335 1375 2359 pax
1400 2335 1496 2353 mense
1514 2330 1582 2353 Iulio
1612 2330 1683 2354 144⁴.
1707 2329 1834 2354 see-“dini
1860 2330 1925 2351 urbe
1953 2328 1979 2351 in
2005 2329 2094 2351 decem

1173 2370 1260 2387 annus
1286 2364 1358 2387 sarta
1383 2365 1464 2393 atque
1493 2370 1509 2387 a
1529 2364 1686 2388 XVladis-lao
1714 2370 1779 2388 reue
1809 2366 1833 2386 et
1862 2364 1975 2386 sultano
2000 2364 2096 2385 Mul-ad

1174 2399 1324 2422 iuramento
1351 2399 1457 2422 sancita
1485 2400 1540 2425 est.
1573 2398 1626 2421 vid.
1649 2400 1775 2421 llammer
1794 2399 1811 2421 l.
1830 2398 1845 2421 l.
1868 2398 1896 2420 T.
1915 2398 1933 2422 l.
1952 2405 1975 2427 p.
1991 2398 2049 2422 456.
2071 2402 2095 2420 et

1171 2433 1283 2456 Mallatli
1304 2433 1319 2456 1.
1338 2433 1355 2455 l.
1376 2433 1404 2455 T.
1421 2433 1453 2457 ll.
1474 2440 1498 2462 p.
1515 2433 1575 2456 220.

1138 2485 1167 2512 1)
1186 2484 1301 2507 Praeter
1319 2483 1435 2513 Eugenii
1449 2483 1494 2506 IV.
1516 2489 1602 2512 papae
1623 2484 1758 2509 legatum.
1778 2483 1943 2507 cardinalem
1962 2483 2093 2507 Iulianum

1171 2518 1295 2542 Cesarini
1308 2535 1314 2541 .
1335 2518 1417 2540 etiam
1437 2518 1586 2540 cardinalis
1609 2517 1768 2539 Fixum-iscus
1789 2518 1992 2543 condolmieri,
2012 2525 2093 2547 prae—

1170 2553 1303 2576 fectorum
1323 2552 1422 2575 elassis
1443 2558 1527 2581 papae
1547 2552 1572 2574 in
1593 2552 1770 2580 Hellesponto
1789 2558 1909 2576 sumnms
1934 2556 1959 2576 et
1979 2553 2093 2576 loannes

1170 2587 1369 2616 Palaeologus,
1390 2586 1557 2609 Graecorum
1577 2585 1741 2614 imperator.
1767 2587 1891 2615 epistolis
1908 2587 2094 2611 wladislaum

1168 2621 1202 2644 ad
1227 2627 1318 2650 pacem
1347 2620 1524 2649 rumpendam
1544 2622 1768 2647 conanovcrunt3
1804 2621 1859 2643 vid.
1885 2622 2012 2645 Hammer
2038 2622 2056 2645 l.
2077 2621 2092 2643 l.

1172 2656 1200 2679 T.
1217 2655 1236 2678 Ι.
1257 2662 1281 2684 p.
1299 2655 1349 2678 459
1364 2661 1405 2684 sq.
1425 2656 1452 2677 et
1471 2654 1582 2677 Mallatll
1606 2655 1622 2678 l.
1638 2655 1654 2678 l.
1676 2655 1704 2678 T.
1718 2654 1750 2678 ll.
1771 2661 1793 2684 p.
1809 2655 1860 2679 220
1874 2662 1913 2686 sq.

1133 2707 1163 2736 2)
1183 2707 1327 2730 Hammero
1352 2706 1370 2730 l.
1388 2706 1406 2730 1.
1433 2706 1460 2729 Τ.
1480 2706 1497 2728 l.
1523 2713 1547 2736 p.
1562 2706 1620 2731 461.
1643 2707 1715 2729 teste
1736 2706 1847 2730 XVarna
1867 2707 1991 2737 oppidum
2018 2707 2092 2737 prius

1169 2741 1333 2766 constantia
1351 2741 1512 2765 vocabatur.
