2347 3000
221 146 290 183 175

220 231 365 280 (Manli.
379 232 438 272 26,
457 231 553 278 24.);
581 232 709 265 Melius
724 232 755 264 ei
772 239 871 271 esset,
886 238 1008 264 natum
1027 244 1100 264 non
1117 244 1201 266 esse.

221 286 309 319 Cum
327 284 432 329 igitur
449 284 566 316 Maior
582 283 709 316 nonsit
728 296 822 322 vcra,
848 283 1006 327 sequitur
1023 283 1201 317 conclusio

220 337 317 370 salsa.

220 388 303 421 libet
329 392 454 418 natura
479 392 574 418 recto
600 392 633 418 ct
661 385 823 416 ordinato
858 385 1017 428 appetitu
1050 386 1202 419 maxime

220 437 356 482 appetit
373 437 675 470 conservationem
693 436 759 475 sui,
777 435 813 467 in
832 435 894 467 tali
912 442 1018 477 statu,
1034 438 1077 469 ad
1098 450 1202 483 quem

221 488 362 522 condita
389 494 450 521 est.

321 539 388 572 Sed
406 539 514 570 altera
531 535 659 569 solutio
675 536 716 567 dc
735 535 875 568 Minoi-e
891 537 1002 581 magis
1018 538 1202 583 perspicua

220 597 289 629 est,
317 602 405 634 quae
430 587 600 625 ostendit,
627 586 845 631 voluptatem
868 601 941 620 non
970 602 1041 622 esse
1064 602 1204 623 conser-

219 640 385 673 vatricem
403 638 548 682 speciei,
584 644 617 669 et
636 637 765 671 virtute
789 639 922 671 destrui
948 647 1113 673 naturam
1144 653 1205 685 per

219 692 388 725 accidens.
437 690 624 722 Praeterea
640 701 779 733 semper
795 690 959 723 virtutem
976 692 1205 725 comitaretur

218 748 364 775 naturae
381 740 617 780 incolumitas,
633 740 661 774 si
678 738 866 774 hominum
882 748 1010 776 natura
1028 755 1101 776 non
1119 749 1206 778 esset

217 794 421 837 depravata.

370 335 425 367 Sic
446 335 539 367 cuim
559 335 595 367 in
614 334 742 367 Maiori
759 334 944 366 dicendum
963 340 1056 367 erat:
1086 334 1203 379 Quae-

605 876 824 913 Tertium.

318 943 479 978 Recitavi
496 943 685 988 praecipua
701 944 848 989 Epicuri
865 952 1072 989 argumenta
1084 973 1093 987 ‚
1129 945 1207 992 qui-

217 998 281 1031 bus
301 1002 421 1041 postea
440 995 542 1039 plura
561 996 700 1030 addam.
749 997 816 1030 Sed
835 997 932 1041 prius
951 998 1132 1041 explicabo
1152 1010 1207 1031 ar-

218 1053 438 1093 gumentum,
466 1052 646 1090 sumptum
663 1059 703 1080 ex
720 1048 880 1081 doctrina
896 1048 1086 1088 Ecclesiae,
1111 1050 1206 1094 quod

218 1112 292 1134 non
309 1097 500 1131 admonitis
519 1097 672 1131 offundit
689 1099 887 1142 caliginem.

267 1150 358 1184 Illud
383 1155 434 1182 est
457 1149 651 1192 optimum,
693 1150 789 1194 quod
814 1151 870 1183 lex
896 1149 963 1182 Dei
988 1156 1022 1182 et
1044 1149 1206 1193 Evange-

319 1200 406 1233 lium
441 1205 612 1244 tanquam
646 1201 811 1233 ultimum
843 1202 1021 1234 bonorum
1058 1201 1206 1244 promit-

321 1257 418 1290 tunt,
447 1257 480 1283 et
497 1256 642 1294 propter
662 1252 758 1296 quod
775 1252 842 1284 alia
862 1252 976 1296 expeti
996 1252 1129 1285 iubent.

268 1302 341 1336 Lex
363 1308 395 1335 et
418 1301 652 1344 Evangelium
682 1302 897 1345 promittunt
927 1303 964 1334 in
986 1300 1052 1334 hac
1076 1302 1149 1334 vita
1173 1307 1207 1334 et

318 1358 399 1397 post
415 1350 506 1384 hanc
522 1351 631 1384 vitam
649 1353 893 1386 obedientibus
911 1353 1205 1398 tranquillitatem

320 1416 382 1437 seu
399 1403 569 1436 laetitiam
581 1429 590 1442 ,
617 1410 656 1436 ut
674 1404 803 1437 dicitur
818 1404 965 1449 (Psalm.
984 1405 1068 1444 112,
1086 1405 1117 1438 1.
1136 1403 1204 1449 3.:)

318 1455 450 1487 Beatus
468 1453 538 1493 vir,
565 1453 627 1498 qui
643 1454 743 1487 timet
759 1455 975 1496 Dominum,
1002 1468 1086 1499 opes
1105 1462 1139 1488 et
1155 1455 1207 1488 di-

319 1506 426 1538 vitiae
450 1504 486 1537 in
510 1505 618 1537 domo
642 1506 714 1539 eius
732 1512 795 1540 etc.
814 1506 944 1552 (Levit.
963 1507 1022 1548 18,
1038 1504 1072 1541 5.
1100 1506 1206 1540 Rom.

325 1557 385 1595 10,
401 1554 468 1601 5.):
497 1555 569 1599 Qui
584 1556 705 1589 fecerit
721 1555 807 1590 haec
819 1584 828 1597 ,
854 1558 948 1591 vivet
964 1558 1001 1590 in
1020 1558 1079 1592 eis.
1119 1557 1205 1590 Item

322 1606 463 1653 (Ioann.
485 1606 550 1646 16,
568 1607 664 1653 223:
706 1608 885 1642 Gaudium
912 1616 1067 1644 vestrum
1101 1621 1206 1642 nemo

321 1659 421 1691 tollet
440 1670 458 1690 a
478 1658 590 1692 vohis.

272 1709 366 1754 Ergo
388 1709 519 1742 laetitia
533 1735 542 1749 ‚
571 1722 660 1754 quae
677 1722 714 1743 re
731 1711 805 1756 ipsa
830 1718 881 1745 est
904 1712 1086 1756 voluptas,
1114 1724 1208 1746 sum-

326 1773 424 1794 mum
441 1761 576 1793 bonum
594 1767 655 1795 est.

321 1811 535 1856 Respondeo
563 1812 719 1856 primum
746 1813 791 1846 ad
815 1813 1010 1847 Minorem:
1052 1812 1129 1847 Etsi
1152 1826 1209 1845 ve-

222 1875 303 1897 rum
321 1869 388 1903 est,
416 1863 579 1907 promitti
596 1864 633 1896 in
647 1861 713 1896 hac
728 1864 819 1905 vita,
848 1871 881 1897 et
898 1872 977 1909 post
993 1863 1084 1898 hanc
1100 1866 1207 1897 vitam

222 1915 402 1959 praemia,
431 1927 520 1959 quae
537 1915 752 1948 comitantur
771 1916 959 1956 virtutem,
987 1923 1106 1949 tamen
1124 1915 1209 1949 haec

223 1965 384 2010 praemia
408 1978 480 1998 non
505 1972 586 1999 sunt
615 1966 810 2011 principale
835 1968 989 2007 bonum,
1025 1968 1121 2013 quod
1154 1980 1210 2000 ex-

224 2017 417 2061 petendum
437 2023 496 2049 est.
551 2017 649 2050 Sicut
667 2019 707 2050 de
726 2019 893 2062 praemiis
910 2019 946 2051 in
965 2017 1030 2051 hac
1047 2019 1117 2052 vita
1136 2031 1210 2051 ma-

224 2068 391 2101 nifestum
417 2074 488 2107 est,
517 2075 551 2100 et
578 2068 670 2101 inter
687 2082 826 2109 causas,
861 2082 924 2103 cur
939 2069 1095 2103 Ecclesia
1117 2070 1211 2103 cruci

226 2119 379 2153 subiecta
403 2118 465 2158 sit,
492 2117 578 2152 haec
605 2132 746 2165 quoque
773 2127 986 2155 recensetur.
1039 2120 1121 2154 Ideo
1146 2121 1211 2155 Ec-

227 2170 367 2203 clesiam
384 2170 479 2203 cruci
495 2170 686 2204 subiectam
707 2184 796 2211 esse,
812 2179 851 2205 ut
861 2172 1056 2206 discatDeo
1066 2179 1212 2217 propter

227 2222 336 2266 ipsius
366 2220 534 2265 gloriam,
569 2234 643 2254 non
675 2230 821 2267 propter
851 2231 989 2258 nostras
1022 2224 1212 2257 suavitates

229 2272 453 2306 serviendum
471 2285 562 2312 esse,
588 2279 622 2306 et
637 2280 756 2307 tamen
773 2287 910 2308 necesse
934 2282 985 2309 est
1006 2275 1124 2308 vivere
1150 2275 1212 2308 ali-

230 2335 318 2368 quos
334 2321 505 2356 ethabere
515 2324 634 2369 aliqua
645 2325 737 2358 vitae
750 2328 949 2367 commoda,
967 2333 1006 2360 ut
1015 2325 1213 2366 Ieremiam‚

230 2374 446 2418 Baptistam,
474 2375 645 2416 Paulum,
675 2382 709 2409 et
724 2377 873 2418 similes,
899 2379 959 2411 sed
981 2384 1099 2410 tamen
1121 2375 1213 2410 hane

230 2425 343 2469 ipsam
362 2426 406 2458 ob
423 2438 562 2459 causam
580 2427 779 2471 ingentibus
794 2429 972 2462 aerumnis
991 2435 1214 2474 premuntur,

232 2482 266 2509 et
291 2476 433 2508 tandem
463 2477 741 2520 interficiuntur,
772 2486 811 2514 ut
835 2480 948 2514 sciant
969 2480 1044 2513 Deo
1068 2486 1215 2525 propter

232 2526 341 2571 ipsius
365 2526 514 2570 gloriam
537 2529 761 2564 serviendum
785 2544 877 2572 esse,
906 2539 940 2565 et
961 2545 1097 2566 summa
1120 2533 1215 2565 bona

233 2589 306 2611 esse
343 2577 455 2622 ipsam
486 2578 552 2611 Dei
584 2581 800 2624 agnitionem
814 2609 822 2623 ‚
869 2584 1144 2616 celebrationem
1183 2589 1216 2616 et

235 2628 490 2668 obedientiam,
530 2641 601 2663 non
632 2634 838 2673 commoda,
887 2647 977 2679 quae
1008 2641 1216 2680 sequuntur,

235 2691 326 2725 quae
351 2680 468 2724 potius
494 2682 607 2713 media
627 2690 724 2723 sunt,
752 2685 939 2718 servientia
962 2686 1216 2730 principalibus

235 2730 348 2770 honis,
373 2743 477 2776 quam
495 2731 665 2766 ulteriora
684 2735 789 2770 bona.
828 2735 884 2769 Sic
901 2743 934 2770 et
949 2744 1069 2781 postea
1087 2738 1128 2771 de
1146 2737 1217 2771 vita

486 145 686 181 SCRIPTA
712 145 787 181 PH.
815 145 926 181 MEL.
954 146 1018 180 AD
1046 145 1254 182 ETHICEN
1280 146 1346 181 ET
1372 147 1627 185 POLITICEN
1657 149 1966 186 SPECTANTIA.

2165 152 2237 186 176

1255 240 1396 268 aeterna
1425 235 1576 270 sciamus
1605 237 1800 282 principale
1828 238 1962 270 bonum
1993 249 2065 270 esse
2100 237 2237 282 sapien-

1256 285 1341 318 tiam
1363 295 1609 330 agnoscentem
1633 288 1768 327 Deum,
1797 295 1831 321 et
1854 288 2043 328 iustitiam,
2071 300 2142 320 non
2168 289 2238 321 lae-

1256 336 1389 376 titiam,
1417 350 1506 383 quae
1522 340 1692 384 sequitur.
1745 339 1827 373 ldeo
1845 341 2013 384 scriptum
2033 346 2082 372 est
2099 338 2239 385 (Ioann-

1259 387 1324 427 17,
1349 388 1417 434 3.):
1446 389 1540 422 Haec
1565 396 1615 423 est
1639 390 1709 423 vita
1734 398 1897 431 aeterna,
1924 398 1962 424 ut
1987 397 2180 434 agnoscant
2205 396 2239 423 te

1256 451 1379 472 verum
1390 439 1518 480 Deum,
1536 446 1681 485 etquem
1700 442 1823 475 misisti
1835 441 1946 475 lesum
1964 455 2035 475 esse
2047 440 2240 476 Christum.

1256 490 1324 523 Sed
1341 503 1419 523 cum
1437 491 1570 524 redacti
1589 489 1804 532 in'nihilum,
1831 506 1903 526 non
1921 494 2097 526 celebrent
2111 493 2241 532 Deum,

1256 541 1357 574 facile
1375 542 1522 586 intelligi
1537 549 1671 587 potest,
1699 544 1932 577 necessariam
1960 557 2031 577 esse
2050 544 2178 584 fitam,
2207 549 2241 576 et

1258 593 1361 625 talem
1380 593 1501 634 vitam,
1530 594 1567 626 in
1584 606 1651 640 qua
1671 607 1744 627 non
1761 595 1831 628 sint
1847 595 1982 628 aeterni
1998 595 2151 636 dolores,
2179 594 2240 640 qui

1258 644 1471 689 impedirent
1490 645 1760 678 celebrationem
1780 645 1858 680 Dei.

1359 696 1487 729 Facilis
1504 697 1609 740 igitur
1626 697 1809 742 responsio
1828 703 1889 730 cst.
1946 697 2095 730 Rectum
2114 701 2165 729 est
2181 707 2241 739 ap-

1258 752 1375 790 petere
1392 747 1562 791 praemia‚
1583 748 1643 781 sed
1658 761 1731 781 non
1751 755 1788 781 ut
1804 748 1998 793 principale
2015 749 2162 787 bonum,
2181 746 2242 780 sed

1260 797 1342 842 quia
1370 811 1508 832 neccsse
1532 805 1582 833 est
1605 800 1820 833 celebrantes
1842 800 1957 833 Deum
1984 812 2058 832 non
2082 798 2243 831 redactos

1260 860 1332 882 esse
1347 849 1383 882 in
1409 848 1581 890 nihilum,
1609 851 1698 884 sicut
1721 852 1890 896 scriptum
1917 858 1968 884 est
1991 850 2137 896 (Psalm.
2158 846 2242 888 115,

1262 900 1354 946 17.):
1383 901 1466 935 Non
1491 901 1624 935 mortui
1646 902 1842 936 laudabunt
1866 908 1897 935 te
1920 902 2085 935 Domine.
2136 899 2241 932 Acin

1259 963 1385 994 genere
1401 953 1520 996 regula
1539 954 1690 986 tenenda
1709 960 1775 987 est:
1805 953 1984 987 vultDeus
2002 960 2035 986 et
2052 951 2178 996 expeti,
2208 956 2242 984 et

1260 1014 1278 1034 a
1295 1015 1329 1035 se
1347 1004 1419 1047 peti
1434 1004 1527 1036 bona
1547 1017 1684 1037 summa
1702 1011 1735 1038 et
1753 1005 1934 1044 inferiora,
1951 1006 2010 1037 sed
2032 1005 2091 1043 ila,
2110 1008 2149 1035 ut
2165 1013 2243 1046 gra-

1259 1054 1323 1087 dus
1341 1066 1414 1087 non
1431 1055 1705 1095 conturbentur,
1739 1055 1828 1089 sicut
1842 1056 2012 1100 scriptum
2030 1060 2081 1088 est
2098 1050 2244 1099 (Matth.

1259 1104 1300 1144 6,
1316 1105 1392 1151 33.)
1407 1120 1412 1138 z
1440 1106 1601 1139 Primum
1622 1107 1780 1152 quaerite
1797 1119 1944 1150 regnum
1962 1106 2040 1146 Dei,
2057 1112 2090 1138 et
2106 1110 2243 1138 caetera

1259 1156 1470 1189 adiicientur
1494 1157 1606 1190 vobis.
1673 1157 1720 1190 Et
1746 1158 1783 1190 in
1806 1158 2009 1202 precatione
2033 1155 2242 1202 quotidiana

1259 1207 1364 1239 ambo
1392 1219 1520 1250 genera
1556 1207 1819 1253 coniunguntur
1855 1207 1999 1254 (nauh.
2024 1208 2064 1248 6,
2088 1207 2122 1242 9.
2148 1206 2240 1254 11.);

1258 1257 1501 1291 Sanctificetur
1523 1271 1654 1292 nomen
1672 1266 1784 1293 tuum.
1836 1260 1897 1293 lit:
1928 1260 2062 1294 Panem
2080 1265 2242 1293 nostrum

1260 1308 1508 1354 quotidianum
1525 1310 1568 1342 da
1585 1310 1688 1343 nobis
1705 1308 1824 1344 hodie.

1359 1359 1444 1393 Vult
1468 1367 1583 1394 autem
1604 1360 1720 1402 Deus,
1749 1368 1783 1394 et
1808 1361 1845 1394 in
1870 1359 1936 1395 hac
1958 1361 2030 1394 vita
2053 1361 2125 1406 peti
2148 1362 2243 1395 bona

1259 1411 1453 1445 necessaria
1480 1412 1641 1457 corpori,
1674 1419 1822 1457 propter
1845 1410 1907 1446 has
1930 1419 2084 1459 quatuor
2111 1424 2245 1452 causas,

1260 1474 1411 1507 quarum
1430 1463 1544 1506 prima
1563 1470 1633 1503 est,
1655 1470 1695 1496 ut
1712 1475 1961 1507 agnoscamus,
1989 1477 2054 1498 nos
2072 1476 2145 1497 non
2163 1475 2246 1497 casu

1260 1513 1398 1555 vivere,
1426 1526 1489 1546 nec
1515 1527 1596 1548 casu
1619 1515 1737 1559 spargi
1754 1528 1809 1548 res
1830 1515 2044 1548 necessarias
2059 1515 2151 1548 vitae
2169 1526 2246 1548 cor-

1260 1565 1374 1609 poris,
1413 1566 1474 1599 sed
1500 1563 1563 1599 lias
1596 1565 1688 1610 ipsas
1711 1578 1766 1599 res
1791 1567 1896 1599 etiam
1921 1566 1998 1598 Deo
2026 1567 2245 1609 gubernante

1261 1616 1381 1649 offerri
1397 1617 1605 1660 praesertim
1619 1616 1793 1650 Ecclesiae
1805 1644 1814 1657 ,
1841 1618 1935 1651 iuxta
1954 1617 2039 1650 illud
2049 1615 2175 1652 Matth.
2187 1617 2246 1657 10,

1261 1667 1338 1712 (29.
1357 1667 1453 1713 30.):
1481 1667 1561 1700 Duo
1579 1680 1736 1712 passeres
1753 1681 1827 1702 asse
1846 1675 2021 1709 veneunt,
2048 1674 2081 1702 et
2096 1681 2187 1702 unus
2204 1679 2246 1701 ex

1261 1719 1328 1751 illis
1353 1730 1428 1752 non
1453 1719 1553 1752 cadet
1582 1732 1686 1763 super
1718 1725 1850 1752 terram
1875 1720 1950 1753 sine
1982 1725 2082 1764 patre
2115 1726 2247 1754 vestro.

1260 1769 1377 1804 Vestri
1393 1776 1511 1803 autem
1529 1770 1645 1814 capilli
1663 1770 1784 1814 capitis
1807 1783 1930 1805 omncs
1951 1770 2130 1804 numerati
2153 1776 2247 1805 sunt.

1364 1821 1541 1855 Secunda:
1585 1822 1677 1866 Quia
1704 1821 1778 1855 sine
1801 1822 1893 1863 xita‚
1927 1821 2003 1856 sine
2028 1821 2191 1866 hospitiis
2214 1827 2249 1855 et

1262 1873 1394 1917 politiis
1412 1885 1485 1905 non
1504 1879 1617 1917 potest
1632 1873 1706 1906 fieri
1724 1873 1934 1918 propagatio
1953 1874 2147 1908 doctrinae.
2200 1871 2249 1906 Et

1262 1924 1357 1958 Deus
1372 1922 1458 1957 haec
1473 1925 1566 1957 bona
1584 1924 1752 1968 largitur,
1780 1931 1818 1958 ut
1840 1924 1997 1959 serviant
2019 1924 2248 1958 celebrationi

1264 1982 1297 2008 et
1312 1976 1561 2020 propagationi
1578 1976 1771 2008 doctrinae.

1365 2027 1506 2060 Tertia:
1551 2027 1598 2060 Ut
1616 2024 1742 2059 harum
1761 2038 1878 2059 rerum
1897 2025 2069 2071 petitione
2089 2036 2247 2060 exercea-

1263 2090 1341 2111 mus
1357 2078 1459 2110 fidem
1477 2084 1509 2110 et
1525 2078 1799 2112 invocationem.

1365 2129 1520 2174 Quarta:
1557 2130 1605 2162 Ut
1631 2130 1847 2162 admoneant
1862 2128 1904 2162 de
1920 2127 2154 2173 promissione
2171 2139 2249 2171 gra-

1265 2180 1353 2220 tiae,
1398 2193 1504 2226 quam
1543 2193 1681 2225 semper
1712 2181 1749 2213 in
1783 2180 2007 2213 invocatione
2045 2179 2248 2224 praelucere

1266 2238 1417 2276 oportet.
1445 2231 1539 2264 Haec
1555 2232 1712 2277 quotIdie
1729 2231 1981 2276 inprecatione
1993 2229 2250 2264 consideranda

1265 2289 1364 2323 sunt,
1394 2289 1427 2315 et
1448 2295 1532 2316 vera
1559 2284 1625 2316 fide
1651 2290 1684 2316 et
1706 2296 1766 2328 spe
1790 2282 2004 2328 expectanda
2028 2288 2109 2315 sunt
2131 2293 2149 2314 a
2170 2279 2249 2314 Deo

1265 2332 1351 2367 haec
1366 2334 1473 2374 bona,
1489 2334 1583 2367 iuxta
1603 2335 1704 2368 illud:
1724 2333 1817 2367 lacta
1836 2345 1956 2367 curam
1966 2339 2063 2366 tuam
2075 2333 2111 2365 in
2121 2331 2250 2373 Deum,

1267 2392 1299 2419 et
1318 2385 1389 2430 ipse
1407 2392 1439 2418 te
1459 2386 1611 2420 enutriet
1626 2385 1682 2432 18).
1735 2385 1782 2419 Et
1804 2391 1898 2419 certo
1923 2384 2079 2418 sentiunt
2090 2383 2134 2430 l7)
2157 2381 2250 2416 hane

1267 2437 1529 2470 invocationem
1556 2444 1589 2471 et
1614 2450 1711 2482 spem
1735 2448 1809 2470 non
1834 2436 1976 2469 inanem
2002 2447 2091 2476 esse,
2133 2434 2194 2480 qui
2214 2445 2249 2468 se

1266 2486 1333 2521 bac
1359 2489 1600 2522 consolatione
1625 2493 1831 2522 sustentant.
1882 2486 1930 2519 Et
1953 2486 2080 2520 talibus
2106 2486 2143 2518 in
2169 2497 2250 2518 con-

1267 2546 1388 2584 spectu
1411 2546 1461 2573 est
1484 2540 1675 2573 discrimen
1698 2539 1889 2583 graduum,
1933 2550 2013 2570 cum
2039 2549 2102 2571 suo
2126 2536 2249 2570 ordine

1267 2591 1405 2636 singula
1430 2597 1574 2636 petunt,
1611 2597 1645 2624 et
1668 2590 1789 2624 vident
1817 2588 2051 2634 principalem
2081 2588 2187 2623 finem
2218 2593 2252 2620 et

1305 2708 1349 2739 16)
1370 2708 1448 2733 Cous.
1469 2709 1491 2732 1,
1510 2708 1584 2732 Petr.
1602 2708 1634 2739 5,
1654 2707 1679 2732 7.

1306 2751 1349 2782 17)
1371 2752 1506 2781 sentiunt]
1524 2751 1563 2776 sic
1572 2751 1638 2776 Edu.
1652 2750 1736 2781 1⁵54„
1749 2749 1823 2775 1557.
1835 2751 1861 2774 et
1874 2749 1964 2781 156⁰.;
1983 2749 2030 2774 Ed.
2043 2748 2115 2774 1550.
2126 2747 2251 2773 sentient.
