2347 3000
86 109 156 144 941

82 194 279 239 principem
311 194 389 240 quis
417 206 491 227 non
522 194 639 228 amet?
679 195 758 240 quis
783 208 856 228 non
880 203 1069 229 veneretur

80 245 198 293 ut¹⁷f2)
236 259 369 279 numen
399 246 543 291 aliquod
573 246 610 279 in
635 247 738 280 terris
760 247 921 291 publicae
947 248 1068 281 salutis

81 309 186 331 eausa
212 298 356 332 missum
369 296 384 330 ἲ

467 386 672 429 Πάθος.

178 458 272 491 Haec
290 457 363 502 ipsa
384 458 480 492 curia
506 471 617 502 paene
641 457 770 491 sentire
794 458 886 490 lianc
908 471 1065 491 commu-

76 521 156 542 nem
176 509 359 549 laetitiam,
379 509 512 554 tibique
531 510 659 551 gratias
679 522 779 551 agere
797 510 947 550 videtur,
969 511 1063 555 quod

77 561 267 593 conterrita
293 566 326 592 et
351 561 500 593 extincta
530 561 622 593 hello
648 560 741 593 cix-iti
770 561 940 594 autoritas
964 573 1064 594 sena-

76 617 152 651 tus,
181 618 239 645 tua
258 612 430 656 sapientia
455 618 488 645 et
504 612 663 645 bonitate
680 618 870 646 recreatur.

399 704 534 738 Aliud
572 702 738 743 πάθος.

173 771 348 817 Equidem
377 778 411 805 et
434 779 581 816 propter
606 772 779 804 familiam
807 771 1059 805 Marcellorum

74 824 230 867 gaudeo,
266 836 354 868 quae.
383 836 496 867 paene
524 823 695 862 extincta,
730 829 790 855 tuo
814 823 983 855 beneficio
1009 836 1061 855 re-

73 874 221 907 vix-iscit.
288 874 378 907 Nam
409 880 443 905 et
470 879 616 917 propter
646 873 824 906 maiorum
848 874 1058 907 memoriam

74 931 158 968 opto
177 924 377 957 conservari
393 924 585 963 familiam,
621 931 655 957 et
678 925 892 968 reipublicae
916 927 1061 968 prodest

73 981 206 1007 veteres
237 974 407 1014 familias,
449 987 603 1019 quarum
632 988 770 1008 summa
801 983 851 1009 est
882 976 994 1009 virtus
1028 983 1061 1009 et

74 1025 247 1070 dignitas,
286 1025 480 1059 incolumes
504 1038 589 1059 esse.

121 1118 370 1153 Conclusio
399 1124 440 1150 et
468 1118 655 1151 tertium
684 1125 1012 1162 argumentum.

171 1187 290 1231 Quare
316 1183 421 1218 liuius
444 1184 513 1217 diei
535 1185 807 1229 gratulationem
826 1185 918 1218 inter
935 1185 1059 1217 trium—

69 1238 159 1286 phos
191 1245 269 1270 tuos
299 1242 508 1275 numerato,
548 1249 588 1269 ac
616 1237 858 1270 monumentis
895 1236 1058 1268 omnihus

69 1290 300 1324 victoriarum
321 1300 359 1319 ac
382 1284 563 1330 trophaeis
587 1288 807 1331 anteponito.
868 1287 959 1320 Nam
987 1293 1057 1319 tro-

70 1341 184 1388 phaea
206 1346 239 1373 et
257 1350 362 1382 opera
380 1350 489 1370 manu
506 1339 596 1371 sacta
615 1340 789 1372 consumit
806 1345 971 1376 vetustas,
998 1338 1057 1370 sed

68 1392 265 1427 honorifica
284 1391 320 1421 in
336 1389 463 1422 animis
480 1387 666 1422 hominum
684 1388 942 1434 p1·;=c‹-tarc¹⁷¹>)
965 1389 1007 1420 ‹le
1024 1395 1056 1420 te

68 1442 293 1478 sentientium
312 1439 498 1473 hominum
524 1441 666 1484 opinio,
701 1453 739 1474 ea
762 1453 846 1473 ποι-ο
869 1446 919 1472 est
944 1439 1054 1472 solida

68 1495 178 1540 gloria
198 1499 230 1526 et
247 1492 428 1525 durabilis.
480 1491 590 1524 Addit
607 1493 676 1525 duo
699 1489 816 1536 πάθη.
872 1491 977 1524 Curia
1000 1503 1056 1532 ge-

68 1547 128 1580 stit
148 1557 249 1589 agere.
268 1543 397 1587 gratias
421 1542 521 1587 quasi
545 1543 698 1576 sentiens
722 1543 860 1575 restitui
885 1541 1055 1575 autorita-

67 1605 138 1630 tem
161 1601 313 1629 senatus.
366 1593 527 1626 Alterum
544 1600 610 1626 est:
646 1594 817 1627 Familiae
842 1605 945 1626 causa
971 1606 1054 1634 gau-

65 1650 132 1681 deo
159 1645 281 1679 reduci
298 1644 528 1684 Marcellum,
560 1651 593 1677 et
616 1645 698 1689 quia
723 1652 883 1678 veterum
905 1644 1053 1676 Marcel*

66 1700 184 1733 lorum
215 1695 428 1730 memoriam
453 1696 656 1728 conservari
683 1703 787 1740 opto,
825 1703 859 1728 et
881 1695 963 1741 quia
986 1694 1053 1726 rei-

64 1750 227 1795 publicae
244 1748 387 1791 prodest
401 1758 474 1778 non
493 1746 648 1790 extingui
661 1748 845 1781 familiai‘n.
880 1747 941 1781 Est
958 1746 1049 1778 enim

63 1800 302 1846 periculosum
334 1798 566 1840 reipublicae,
610 1798 735 1831 amissa
763 1798 948 1831 nobilitate
974 1810 1051 1829 eve-

63 1851 148 1886 llere
176 1849 338 1883 homines
368 1848 542 1892 plebeios,
585 1848 787 1892 imperitos,
834 1848 1050 1893 peregrinos.

63 1904 201 1936 Deinde
228 1900 355 1944 repetit
383 1899 666 1939 conclusionem,
702 1907 735 1932 et
760 1901 882 1932 attexit
908 1899 1048 1933 tertium

63 1959 310 1997 argumentum
328 1957 508 1994 sumptum
525 1962 543 1982 a
562 1951 793 1983 diuturnitate
813 1952 937 1985 laudis.
992 1952 1050 1982 Se-

63 1997 184 2052 quitur
203 2002 447 2047 amplificatio,
482 2014 572 2046 quae
598 2008 755 2035 recenset
781 2009 934 2046 quatuor
956 2005 1050 2036 utili-

62 2063 150 2090 tates
168 2054 271 2088 liuius
286 2052 554 2086 moderationis.
606 2052 745 2085 Prima:
772 2052 897 2096 Ingens
914 2055 1046 2088 bonum

63 2114 130 2147 est,
159 2107 254 2152 quod
275 2106 403 2138 Caesar
421 2110 555 2137 veteres
577 2110 756 2137 senatores
776 2117 830 2136 rex
841 2112 938 2145 ocat,
974 2119 1047 2139 non

60 2159 163 2202 legit,
204 2158 241 2190 in
272 2162 431 2190 senatum
456 2155 662 2198 peregrinos
688 2162 722 2188 et
743 2156 925 2190 barbaros.
989 2158 1047 2191 Sc-

63 2211 195 2243 cuuda:
234 2209 385 2241 Gratum
410 2212 443 2238 et
468 2204 533 2238 hoc
555 2206 658 2239 nobis
689 2219 760 2240 esse
789 2208 908 2247 debet,
951 2210 1046 2253 quod

63 2273 128 2293 nos
156 2266 307 2293 excusat.
374 2257 555 2301 Significat
584 2257 677 2289 enim
702 2270 766 2290 nos
788 2270 908 2291 errore
930 2259 1046 2304 lapsos

63 2323 154 2351 esse,
180 2324 253 2344 non
269 2310 415 2348 scelere,
441 2309 475 2340 id
492 2308 615 2353 estffl),
643 2320 716 2341 non
733 2309 841 2353 ipsius
858 2310 957 2349 odio;
987 2313 1045 2344 sed

63 2363 159 2407 quod
187 2362 430 2395 metuebamus
456 2366 677 2392 mutaturum
705 2372 776 2393 esse
800 2361 951 2394 sormam
978 2364 1045 2395 rei-

61 2413 239 2457 publicae,
276 2419 308 2446 et
331 2411 497 2455 suspicati
521 2423 642 2444 sumus
666 2423 745 2443 eum
773 2412 905 2445 imitari
926 2412 1045 2447 Catili-

60 2476 128 2497 nae
145 2463 302 2498 consilia.
355 2462 497 2495 Tertia:
533 2462 624 2507 Quia
651 2463 805 2496 restituit
824 2464 920 2508 pacis
944 2472 1043 2498 auto-

94 2580 159 2613 178)
179 2582 222 2609 ut]
243 2579 282 2603 sic
300 2579 383 2603 Editt.
400 2578 488 2609 1553.‚
509 2578 599 2607 15:5⁴4
627 2578 652 2601 in
672 2579 720 2602 Ed.
737 2580 811 2604 1568.
830 2580 917 2605 deest.

95 2624 159 2655 17b)
179 2623 336 2654 praeclare]
356 2622 394 2645 sic
413 2622 494 2644 Editt.
515 2621 606 2647 1553„
628 2622 717 2647 1554.:
739 2622 763 2645 1’11
780 2623 827 2646 ΕΛ.
845 2624 917 2648 1568.
938 2625 1024 2649 deest,

92 2669 139 2696 18)
158 2666 296 2695 recenset]
317 2665 356 2688 sic
374 2663 564 2694 Editt.1553.,
585 2664 676 2692 1554.;
701 2665 749 2688 Ed.
769 2666 841 2689 1568,
863 2667 1008 2691 recensuit.

94 2711 140 2740 m)
161 2710 188 2735 id
209 2711 266 2739 est]
284 2709 324 2733 sic
341 2708 424 2733 Editt.
442 2705 532 2738 1553.‚
553 2707 646 2738 1554.;
670 2708 718 2733 Ed.
734 2708 809 2733 1565.
827 2709 852 2732 11.
866 2715 889 2733 e.

385 108 443 143 lx.
494 107 778 144 ENARRATIO
813 108 1073 144 ORATIOMS
1109 110 1358 148 CICERONIS
1393 113 1491 148 PRO
1527 114 1802 153 MARCELLO.

2033 120 2107 157 942

1121 210 1196 238 res,
1231 199 1369 242 signum
1397 207 1466 241 est,
1506 201 1620 246 ipsum
1650 202 1754 235 etiam
1781 204 1944 238 maluisse
1969 218 2104 249 pacem.

1122 250 1276 293 Quarta:

1122 301 1305 333 victoriam
1333 315 1438 335 nenio
1462 304 1607 337 inermis
1631 305 1833 339 interfectus
1851 312 1918 346 est,
1946 314 1984 339 ut
2001 315 2103 341 antea

1120 352 1234 396 Syllae
1253 353 1402 386 etMarii
1422 356 1640 399 temporibus
1657 357 1742 397 suit,
1770 364 1979 402 perpetuum
1997 359 2105 391 latro-

1120 415 1263 437 cunum.

1330 250 1390 284 llla
1423 259 1492 292 est,
1536 254 1724 297 praecipua
1762 255 1855 295 laus,
1899 259 1993 301 quod
2027 265 2105 301 post

1337 404 1431 437 llaec
1457 414 1504 439 est
1536 407 1662 440 idonea
1689 415 1721 440 et
1747 409 1929 453 splendida
1955 410 2104 453 ampliti-

1119 453 1229 493 ralio,
1264 468 1369 499 quam
1395 464 1499 499 auget
1524 458 1628 490 etiam
1654 460 1840 493 collatione
1868 461 2106 504 Pompeiano-

1118 516 1217 543 rum,
1246 518 1333 550 quos
1351 507 1400 539 ait
1416 520 1638 553 nequaquam
1659 523 1783 544 usuros
1803 512 1905 545 fulsse
1924 518 2019 544 tanta
2040 512 2106 544 cle-

1118 562 1261 589 inentia.

1119 619 1186 650 qua
1206 608 1404 650 gratulatur
1421 610 1563 642 Caesari
1583 618 1715 644 tautam
1743 613 1907 646 xii-tutem
1935 620 1969 646 et
1992 615 2104 646 fortu-

1117 670 1212 698 nam,
1242 664 1275 691 et
1292 657 1457 692 hortatur
1475 661 1593 700 etiam,
1621 669 1659 695 ut
1675 671 1796 707 pergat
1811 665 1991 698 consulere
2011 677 2105 698 coin-

1119 710 1216 742 muni
1233 710 1337 743 saluti
1357 711 1487 744 civium
1505 719 1538 745 et
1555 713 1798 757 reipul»lic.‘1e.'

1317 558 1504 591 Conclusio
1526 561 1728 604 principalis
1745 563 1873 605 prioris
1891 563 2042 605 negotii,
2069 563 2106 595 in

1444 804 1771 850 ParaplirasiS.

1213 871 1328 904 Porro
1351 870 1436 905 llaec
1462 879 1519 906 tua
1546 874 1729 906 clementia
1745 901 1753 914 ,
1789 888 1867 907 rum
1890 875 2104 919 reipublicae

1114 921 1276 956 salutaris
1302 929 1371 963 est,
1414 930 1447 957 et
1472 924 1535 956 tibi
1563 925 1736 968 gloriosa,
1779 932 1851 959 tum
1881 939 1965 959 xero
1990 929 2104 968 nobis,

1115 973 1175 1017 qui
1205 974 1358 1006 restituti
1385 988 1506 1008 sumus
1535 974 1602 1008 lioc
1632 977 1798 1017 nomine,
1843 978 2039 1021 gratissima
2057 979 2103 1024 ²⁰)

1115 1036 1185 1056 esse
1211 1025 1354 1064 debeat,
1396 1027 1493 1071 quod
1518 1033 1578 1059 tuo
1604 1027 1734 1060 iudicio
1759 1041 1966 1062 excusamur
1990 1043 2008 1062 a
2033 1042 2104 1063 sce-

1114 1075 1195 1108 lere.
1248 1075 1409 1109 Primum
1430 1077 1522 1109 enim
1542 1078 1755 1121 reipublicae
1772 1080 1924 1112 salutare
1942 1087 2003 1120 est,
2030 1093 2103 1113 non

1113 1126 1219 1158 deleri
1251 1133 1432 1167 senatum,
1468 1141 1542 1161 non
1570 1129 1762 1169 barbaros,
1796 1143 1870 1163 non
1897 1132 2103 1175 peregrinos

1114 1177 1148 1209 in
1169 1183 1327 1210 senatum
1349 1176 1485 1219 induci,
1512 1186 1572 1212 aut
1590 1181 1634 1212 ad
1652 1193 1787 1214 summa
1807 1181 1954 1225 imperia
1981 1189 2014 1215 et
2039 1181 2103 1216 lio-

1113 1240 1216 1261 nores
1240 1227 1352 1262 evelli.
1418 1230 1555 1263 Deinde
1580 1243 1659 1264 culn
1685 1233 1787 1265 nobis
1811 1246 1885 1265 non
1909 1235 2017 1266 modo
2041 1247 2102 1278 pa-

1112 1280 1238 1317 triam,
1280 1281 1339 1313 sed
1370 1281 1475 1313 etiam
1508 1282 1715 1326 dignitatem
1751 1284 1937 1327 pristinam
1973 1286 2103 1325 reddis,

1111 1331 1284 1373 significat
1302 1338 1334 1364 te
1350 1331 1439 1364 hene
1459 1338 1492 1365 et
1510 1341 1672 1366 amanter
1689 1336 1730 1367 de
1749 1335 1851 1368 nobis
1873 1337 2022 1377 sentire,
2050 1336 2101 1369 xi-

1111 1382 1237 1414 dclicet
1252 1394 1316 1415 nos
1338 1395 1457 1415 errore
1478 1384 1595 1427 lapsos
1616 1398 1706 1426 esse,
1734 1399 1808 1419 non
1826 1387 1907 1419 odio
1927 1387 1998 1427 tui,
2026 1400 2100 1420 non

1978 1439 2101 1485 Neque

1111 1484 1203 1516 enim
1220 1484 1393 1527 improbis
1411 1491 1444 1518 et
1461 1486 1638 1519 sceleratis
1664 1487 1873 1531 dignitatem
1897 1490 2100 1525 redditurus

1110 1547 1198 1568 eras.
1251 1534 1368 1580 Atque
1388 1536 1434 1568 ita
1454 1538 1613 1580 profecto
1633 1551 1687 1572 res
1711 1552 1745 1572 se
1768 1538 1942 1587 lialiet‘ffl).
1995 1542 2100 1576 Fata-

1108 1586 1149 1619 lis
1184 1588 1358 1630 quaedam
1390 1588 1578 1622 necessitas
1603 1602 1668 1623 nos
1692 1591 1737 1622 ad
1760 1591 1818 1624 illa
1845 1604 1943 1625 arma
1969 1594 2099 1638 potius,

1108 1650 1214 1681 quam
1233 1637 1398 1671 voluntas
1415 1645 1534 1672 nostra
1555 1641 1679 1681 traxit,
1709 1649 1769 1675 aut
1785 1649 1877 1676 certe
1897 1655 2038 1685 errore,
2067 1654 2100 1680 et

1108 1688 1205 1720 inani
1230 1689 1387 1733 quodam
1416 1696 1513 1723 metu
1540 1691 1699 1737 plerique
1724 1702 1976 1736 peccaverunt,
2018 1709 2097 1731 cum

1110 1432 1275 1476 superbia
1301 1439 1334 1465 et
1360 1434 1565 1467 crudelitate
1589 1448 1687 1468 arma
1714 1438 1912 1483 cepissem).

1106 1739 1370 1783 suspicarentur
1393 1747 1426 1773 te
1450 1743 1616 1774 advenire
1638 1744 1740 1777 nobis
1766 1745 1916 1787 iratum,
1948 1754 1986 1780 ut
2011 1749 2095 1782 olim

1106 1790 1142 1821 in
1177 1791 1264 1822 urhe
1289 1790 1424 1824 Marius
1454 1793 1643 1826 trucidaxit
1676 1795 1872 1840 principes,
1910 1804 1969 1831 aut
1994 1807 2094 1843 rapta

1105 1841 1349 1873 dominatione
1369 1849 1588 1876 mutaturum
1608 1857 1679 1878 esse
1697 1848 1847 1879 sormam
1870 1849 2095 1893 reipublicae.

1105 1892 1179 1924 Hoc
1197 1893 1413 1925 consternati
1432 1901 1527 1927 metu
1547 1896 1657 1940 aliqui
1675 1898 1859 1931 celandum
1871 1900 1916 1945 ·3)
1941 1913 2011 1934 esse
2030 1915 2094 1946 pu-

1104 1949 1285 1981 taverunt3
1327 1956 1400 1976 non
1424 1953 1651 1989 sumpserunt
1679 1961 1777 1981 arma
1805 1952 2010 1985 crudelitate
2033 1954 2095 1986 ali-

1104 2006 1191 2038 qua,
1217 1994 1298 2039 quia
1319 2001 1350 2027 te
1368 1996 1533 2039 privatim
1553 1998 1719 2033 odissent.
1772 1999 1894 2046 Itaque
1917 2009 1950 2035 rt
1973 2016 2036 2047 ego
2062 2012 2095 2038 et

1102 2045 1262 2090 plerique
1282 2046 1340 2077 alii
1359 2060 1463 2091 saepe
1480 2061 1557 2081 cum
1575 2050 1732 2093 periculo
1755 2054 2020 2095 contendimus,
2056 2063 2094 2089 ut

1102 2097 1144 2129 de
1163 2109 1248 2140 pace
1268 2104 1443 2140 ageretur.
1494 2099 1584 2133 Nam
1605 2113 1668 2145 ego
1688 2103 1830 2147 quidem
1849 2117 1912 2137 nec
1932 2106 2014 2139 odio
2035 2120 2091 2140 cu-

1101 2147 1264 2193 iusquam
1284 2149 1436 2183 discessi.
1489 2150 1603 2185 Nullis
1622 2153 1714 2185 enim
1734 2154 1894 2189 civilibus
1912 2157 2010 2190 bellis
2026 2171 2091 2191 un-

1102 2211 1209 2243 quam
1231 2199 1422 2243 implicitus
1445 2201 1513 2240 sui;
1552 2204 1611 2236 sed
1636 2204 1803 2238 inclinata
1828 2206 1897 2238 iam
1920 2220 1976 2245 re,
2010 2221 2089 2242 cum

1101 2250 1229 2283 Caesar
1248 2258 1335 2284 esset
1353 2252 1512 2285 omnium
1533 2254 1702 2297 opinione
1720 2257 1893 2299 superior,
1921 2260 1964 2291 ad
1981 2259 2088 2292 Pom-

1099 2302 1218 2345 peium
1236 2303 1413 2345 profectus
1431 2316 1507 2336 511111
1519 2304 1565 2349 Ἡ)
1582 2306 1679 2338 nulla
1707 2319 1766 2350 spe
1792 2307 1976 2348 victoriae,
2012 2316 2087 2343 tan-

1099 2365 1206 2397 quam
1236 2353 1279 2385 ad
1309 2353 1492 2387 interitum
1524 2368 1631 2390 ruens
1660 2357 1922 2400 voluntarium,
1956 2361 2089 2405 privati

1130 2470 1177 2496 ⁸20]
1198 2470 1317 2493 restituti
1337 2477 1430 2494 sumus
1450 2471 1499 2494 hoc
1519 2471 1641 2498 nomine,
1661 2472 1831 2503 gratissima]
1846 2475 1886 2498 sic
1900 2476 2084 2509 Edftt.1553.,

1169 2505 1258 2530 1554st
1285 2506 1334 2527 Ed.
1354 2506 1425 2528 1565.
1445 2506 1567 2529 restituti
1586 2513 1695 2535 sunnis,
1720 2508 1770 2531 hoc
1789 2510 1897 2533 nomine
1916 2512 2083 2541 gratissima.

1129 2546 1176 2576 21)
1196 2547 1316 2576 cepisse]
1335 2548 1374 2571 sic
1393 2548 1441 2571 Ed,
1459 2549 1549 2578 1551.;
1573 2549 1656 2573 Ειίίίῑ.
1674 2550 1765 2578 1553.,
1787 2552 1861 2577 1568.
1880 2554 2015 2582 coepisse.

1129 2590 1177 2617 22)
1199 2596 1243 2612 res
1264 2597 1294 2613 se
1312 2591 1408 2619 hahet]
1428 2591 1468 2614 siu
1485 2591 1535 2614 Ed.
1553 2592 1643 2622 1568.;
1675 2593 1863 2625 E‹1itt.1553.‚
1890 2597 1963 2621 1554.
1988 2605 2019 2622 se
2036 2605 2083 2622 res

1163 2625 1251 2647 habet.

1127 2667 1176 2695 23)
1196 2666 1350 2695 celandum]
1370 2666 1409 2691 sic
1427 2667 1510 2692 Editt.
1525 2667 1611 2697 1553„
1632 2669 1724 2700 1554.;
1749 2671 1798 2694 Ed.
1816 2672 1889 2696 1568.
1910 2675 2080 2700 cessandum.

1127 2710 1176 2738 24)
1196 2710 1270 2739 sum]
1287 2709 1327 2734 sic
1344 2710 1428 2734 Editt.
1445 2710 1537 2742 1553.,
1558 2711 1649 2743 1554.3
1668 2712 1696 2736 in
1714 2713 1763 2737 Ed.
1779 2714 1853 2739 1565.
1873 2716 1959 2740 deest.
