2347 3000
223 152 296 187 303

219 240 383 271 fortunae
410 234 682 280 opprimuntur,
710 237 749 264 ut
771 228 957 266 Hercules,
985 226 1208 264 Palamedes,

220 287 397 326 Achilles,
433 287 615 323 Socrates,
651 282 840 316 Miltiades.
909 278 982 311 Hos
1013 277 1098 310 dicit
1135 288 1208 310 non

221 352 293 375 esse
310 339 477 377 miseros,
506 335 642 369 etiamsi
669 345 742 366 non
764 328 1109 375 pr‹›1mntiatl)e.‘1tos
1126 341 1211 361 esse.

222 392 291 426 Sed
309 396 428 423 tamen
448 388 529 434 quia
548 385 777 431 praecipuum
803 382 936 413 bonum
963 386 1102 420 tenent,
1129 381 1211 413 bea-

223 443 265 476 tis
290 441 450 486 proxime
476 434 736 472 annumerandi
758 439 859 472 sunt,
899 438 932 465 et
960 431 1129 465 discernit
1153 432 1213 464 ad-
1238 452 1242 488 1

224 506 341 527 versos
367 504 475 525 casus.
538 487 755 524 Mediovres,
791 483 927 528 inquit,
960 495 1033 516 non
1059 484 1215 516 obruunt
1239 492 1242 510 t

224 545 390 578 virtutem
411 548 469 574 ant
486 537 758 575 beatitudinem,
787 535 858 567 imo
884 535 995 567 virtus
1018 535 1053 567 in
1081 534 1215 567 medio-

225 597 274 630 cri
293 593 482 628 certamine
503 589 612 633 magis
638 586 872 632 conspicitur,
906 592 946 619 ut
969 585 1003 618 iu
1030 585 1213 629 tragoedia

227 647 372 680 dicitur:

354 703 466 730 Tamen
490 709 544 739 pet
568 700 644 739 ipsas
667 698 747 726 lucet
769 705 922 726 aerumnas
946 695 1043 724 decus.
1242 693 1244 724 Ι

226 757 270 790 Et
288 754 375 789 boni
396 752 463 785 viri
489 751 551 796 qui
573 752 659 784 tales
684 761 783 783 casus
807 747 1055 792 experiuntur,
1085 752 1123 779 ut
1140 745 1217 778 Ari-

226 808 353 845 stides,
390 803 579 842 Camillus,
621 814 695 834 non
731 806 916 845 propterea
950 798 1116 831 desinunt
1146 810 1245 841 esse¹

226 858 332 892 beati.
401 854 631 888 Sentiendum
665 859 716 886 est
744 852 836 884 enim
862 850 1119 882 beatitudinem
1145 860 1218 880 non

228 909 297 944 levi
322 920 404 942 casu
430 905 565 942 amitti,
603 917 665 936 nec
691 904 832 935 beatum
859 901 1008 935 similem
1039 912 1110 933 esse
1140 898 1219 931 clia-
1244 914 1246 922 ν

230 958 434 994 mac-leonti.
499 956 606 990 Cuius
626 955 825 998 exemplum
844 952 988 996 allegari
1004 952 1111 991 solet,
1139 964 1217 983 cum
1244 956 1248 1012 ἱ

230 1014 271 1046 de
290 1011 442 1044 maxime
461 1007 688 1040 mutabilibus
705 1005 841 1038 naturis
859 1004 1040 1049 loquimur
1051 1001 1087 1047 igi)
1101 1029 1109 1041 ,
1136 1002 1218 1047 quia
1244 1016 1248 1044 ι,

231 1062 460 1097 chamaeleon
478 1059 624 1092 subinde
646 1063 759 1090 mutat
777 1057 945 1093 colorem,
967 1054 1118 1087 maxime
1136 1065 1220 1085 xero
1245 1049 1248 1088 l,

230 1114 437 1148 mirandum
454 1117 523 1149 est,
553 1107 849 1155 quo‹1Ptiuius³³)
870 1106 1000 1151 inquit:
1029 1112 1121 1138 totos
1141 1117 1220 1136 eum

233 1166 353 1200 oculos
371 1164 609 1205 circumagere
628 1172 742 1204 posse.
796 1155 1022 1200 Philosophis
1046 1157 1088 1188 de
1112 1155 1222 1187 beati-

234 1217 356 1252 tudine
386 1212 658 1260 quaerentibus,
703 1210 811 1243 multa
840 1209 991 1241 absurda
1020 1213 1223 1245 occurrunt,
1248 1211 1249 1231 l

234 1282 313 1303 cum
329 1273 457 1300 natura
474 1262 661 1297 hominum
681 1261 725 1294 sit
742 1258 1057 1305 praestantissima,
1085 1269 1146 1290 cur
1162 1269 1224 1300 op-
1249 1293 1250 1299 ἵ

236 1331 352 1365 pressa
386 1323 437 1350 est
465 1313 629 1348 maximis
662 1311 859 1350 aerumnis,
901 1321 991 1354 quae
1026 1304 1252 1353 impediunt}

234 1371 364 1404 multos
377 1395 385 1408 ,
413 1380 456 1400 ne
474 1367 580 1399 finem
599 1369 843 1409 assequantur.
898 1361 1000 1394 Unde
1019 1367 1069 1394 cst
1085 1359 1225 1392 virtutis
1250 1379 1252 1410 ι

236 1417 479 1456 imbecillitas?
534 1416 606 1450 Cur
630 1415 753 1448 virtuti
776 1425 878 1457 saepe
902 1412 1037 1445 duriter
1063 1412 1226 1443 adversa-
1250 1425 1252 1438 ι

236 1480 293 1507 tur
310 1469 478 1506 fortuna?

236 1531 309 1564 sta,
341 1519 549 1555 tristissimis
575 1517 710 1550 casibus
735 1514 1010 1560 opprimuntur?

239 1573 451 1621 quantulum
471 1570 583 1603 virtus
599 1568 745 1613 prodest
763 1565 919 1604 homini,
948 1577 1025 1598 cum
1045 1577 1141 1598 mors
1160 1570 1228 1597 sta-

239 1627 304 1660 tim
337 1625 527 1666 abrumpat
552 1619 672 1653 onmia
696 1617 843 1652 consilia
868 1616 1049 1661 praeclare
1076 1614 1228 1657 agendi?

239 1678 302 1711 His
321 1673 587 1722 quaestionibus
605 1671 678 1705 sola
696 1669 858 1703 doctrina
877 1666 1065 1700 christiana
1085 1678 1229 1710 respon-

239 1730 315 1768 det,
343 1728 470 1760 fatetur
488 1729 660 1760 mortem,
689 1728 722 1755 et
739 1726 894 1753 caeteras
919 1718 1134 1751 calamitates
1159 1729 1229 1750 esse
1253 1736 1256 1772 Ι

533 1468 604 1501 Cur
625 1466 730 1499 etiam
752 1464 895 1508 optimi,
922 1462 1079 1501 utAbel,
1105 1461 1227 1505 Bapti-
1252 1481 1253 1484 =

1065 1513 1227 1558 Denique
1252 1550 1253 1559 ἵ

1252 1589 1254 1602 1

1252 1606 1254 1619 4

1253 1637 1254 1651 l

240 1779 354 1817 mala,
384 1776 465 1823 quia
485 1781 567 1809 sunt
587 1785 723 1818 poenae
745 1770 939 1804 aversionis
965 1782 982 1802 a
1002 1769 1078 1802 Deo
1105 1769 1141 1801 in
1169 1780 1231 1800 na-

242 1838 320 1865 tura
349 1826 527 1866 hominis,
570 1825 649 1857 ideo
683 1824 766 1856 dum
795 1820 917 1854 haeret
941 1820 976 1853 in
1002 1819 1146 1853 homine
1173 1819 1230 1851 illa

241 1882 358 1927 prima
385 1880 500 1918 labes,
539 1882 686 1909 manent
708 1885 804 1907 mors
831 1879 864 1905 et
887 1872 975 1904 aliae
1003 1871 1232 1904 calamitates.

242 1933 317 1966 lmo
340 1931 436 1964 Deus
469 1928 543 1962 vult
569 1926 761 1960 Ecclesiam
794 1936 892 1958 suam
930 1922 1118 1967 praecipue
1153 1922 1233 1955 sub-

244 1985 369 2018 iectam
388 1993 459 2015 esse
478 1977 671 2018 aerumnis,
699 1982 845 2021 propter
864 1975 993 2008 multas
1010 1986 1143 2013 causas,
1169 1984 1234 2005 nec

243 2035 319 2069 mit
347 2046 423 2067 eam
455 2032 491 2064 in
513 2029 579 2063 hac
607 2029 677 2061 vita
711 2027 812 2060 aliter
843 2027 984 2058 beatam
1015 2037 1098 2058 esse.
1167 2024 1235 2057 Sed

244 2093 365 2131 postea
384 2083 516 2116 abolito
536 2087 678 2126 peccato
692 2106 699 2117 ,
734 2077 962 2122 respondebit
989 2076 1146 2120 integrae
1166 2075 1235 2107 xir-

244 2137 312 2171 tuti
329 2137 465 2179 integra
485 2131 735 2177 tranquillitas.

349 2187 483 2220 Causae
503 2190 619 2216 autem
640 2194 701 2214 cur
723 2190 915 2213 aerumnae
932 2184 1099 2210 maneant
1117 2177 1152 2209 in
1169 2174 1235 2209 hac

246 2239 337 2278 vita,
372 2236 438 2270 hac
462 2242 554 2269 sunt.
614 2233 755 2271 Prima,
791 2230 873 2276 quia
898 2236 1019 2262 manet
1041 2234 1236 2274 peccatum,

245 2295 391 2323 manent
425 2297 580 2332 poenae,
622 2291 655 2317 et
678 2282 822 2315 Diaboli
846 2293 996 2314 morsus.
1064 2280 1237 2317 Secunda,

248 2341 330 2387 quia
350 2340 444 2373 Deus
462 2339 496 2370 in
515 2336 668 2370 Ecclesia
687 2333 876 2379 praecipue
898 2332 973 2365 vult
996 2331 1138 2376 agnosci
1160 2343 1238 2375 pec—

249 2399 386 2430 catum,
421 2391 500 2422 ideo
518 2400 594 2421 eam
614 2383 886 2420 commonefacit
906 2383 1040 2427 poenis.
1101 2382 1238 2421 Tertio,

249 2449 288 2476 ut
305 2441 457 2475 Ecclesia
479 2445 625 2472 vocetur
642 2438 685 2470 ad
703 2434 971 2481 poenitentiam.
1022 2434 1172 2479 QuartO,
1200 2439 1238 2466 ut

249 2494 319 2528 sint
345 2491 507 2526 exercitia
532 2490 613 2523 fidei
636 2495 670 2522 et
694 2485 947 2525 invocationis,
982 2492 1015 2518 et
1040 2487 1239 2530 deponatur

251 2544 376 2577 fiducia
395 2541 518 2575 nostri.
571 2541 706 2585 Quinto
720 2565 729 2579 ‚
755 2544 794 2572 ut
812 2543 1023 2582 agnoscatur
1039 2536 1238 2581 praesentia

251 2596 328 2629 Dei.
389 2594 513 2631 Sexto,
541 2597 579 2624 ut
605 2589 826 2635 conspectior
850 2589 911 2622 fiat
927 2587 994 2621 Dei
1020 2588 1177 2632 potentia
1206 2587 1241 2620 in

254 2653 372 2679 nostra
399 2642 616 2676 infirmitate.
682 2641 858 2685 SeptimO,
898 2646 937 2672 ut
961 2640 1086 2673 siamus
1111 2639 1240 2673 similes

289 2721 320 2751 ss)
342 2719 490 2749 loquimur]
511 2718 549 2741 sic
567 2717 615 2740 Ed.
638 2716 729 2743 1545.·,
756 2716 804 2740 Ed.
826 2715 901 2739 1546.
922 2715 1048 2745 loquitur.

289 2753 336 2783 33)
360 2754 427 2778 Ptin.
449 2753 512 2775 hist.
532 2753 587 2775 nat.
609 2751 677 2774 vul.
701 2750 725 2779 S.
741 2751 783 2774 51.

491 144 692 182 SCRIPTA
719 144 793 178 PH,
822 142 933 176 MEL.
960 141 1024 175 AD
1052 138 1260 174 ETHICEN
1288 138 1352 173 ET
1379 138 1636 174 POLITICEN
1664 138 1978 174 SPECTANTIA.

1244 849 1245 852 ’
1271 847 1447 874 monstrat
1464 867 1473 880 ,

1250 1444 1253 1476 l
1277 1449 1483 1483 Aristoteles
1504 1447 1622 1491 posuit
1638 1446 1794 1478 medium
1812 1446 1972 1489 gradum.

2175 141 2249 176 304

1263 224 1323 258 filii
1341 225 1420 259 Dei.
1483 226 1639 266 Octavo,
1675 232 1713 259 ut
1733 226 1951 270 optimorum
1972 237 2164 258 aerumnae
2182 226 2250 261 sint

1266 276 1506 310 testimonium
1524 277 1706 310 doctrinae
1726 284 1758 310 et
1774 278 1913 310 suturae.
1933 276 2035 310 vitae.
2078 276 2153 309 Hae
2172 288 2250 310 cau-

1264 340 1321 361 sae
1336 340 1409 360 non
1425 329 1615 361 traduntur
1633 328 1668 361 in
1686 326 1910 373 philosophia
1923 355 1931 368 ‚
1965 328 2024 361 sed
2042 327 2076 360 in
2092 327 2252 372 Evange-

1264 380 1311 412 lio
1324 405 1333 419 ,
1361 379 1457 424 quod
1476 379 1603 413 clarius
1623 380 1856 413 concionatur
1879 381 1920 412 de
1940 379 2051 413 causis
2075 377 2253 412 humanae

1266 430 1499 470 infirmitatis,
1528 437 1561 463 et
1577 431 1620 463 dc
1636 437 1779 464 aeterna
1797 432 1881 465 vita.
1933 430 1992 464 Est
2012 443 2095 473 ergo
2111 429 2254 463 interim

1265 482 1467 522 beatitudo,
1505 487 1545 514 ut
1566 481 1712 522 Esaiae,
1755 489 1815 515 aut
1841 481 2029 521 ieremiac,
2066 492 2256 525 agnoscere

1267 533 1402 572 Deum,
1431 532 1514 565 etei
1538 532 1701 573 obedire,
1728 539 1762 565 et
1788 539 1906 565 tamen
1932 533 2157 566 circumferre
2179 543 2256 566 cor-

1269 598 1332 629 pus
1348 583 1540 616 obnoxium
1561 584 1763 627 ingentibus
1780 584 1902 623 malis,
1930 584 1964 616 id
1983 591 2045 623 est,
2068 583 2196 623 morti,
2223 589 2259 616 et

1269 635 1346 668 aliis
1364 636 1543 668 aerumnis
1561 635 1596 668 in
1614 633 1678 667 hac
1696 635 1788 675 xita,
1815 648 1832 667 a
1851 634 1978 680 quilius
1997 642 2115 667 tamen
2134 640 2257 679 postea

1270 687 1401 719 abolito
1430 693 1572 730 peccato
1600 686 1806 719 liberamur.
1875 684 1923 718 [ta
1949 686 2077 719 fatetur
2097 686 2258 729 Evange-

1243 741 1244 758 ἶ
1270 738 1376 777 lium,
1405 737 1441 770 iu
1458 735 1524 770 hac
1543 737 1614 770 vita
1631 737 1843 770 beatitudini
1867 736 2032 770 adiuncta
2055 749 2126 770 esse
2151 736 2260 776 mala,

1270 787 1336 822 lioc
1362 795 1432 829 est,
1474 795 1626 822 mortem
1651 795 1685 821 et
1707 790 1792 821 alias
1823 800 2032 828 aerumnas,
2076 794 2108 820 et
2139 799 2260 821 causas

1526 853 1613 885 quas
1658 840 1842 879 recensui,
1895 841 1955 872 sed
1992 846 2112 883 postea
2146 838 2262 883 inquit

1271 899 1472 925 secuturam
1500 904 1573 925 esse
1603 891 1879 931 beatitudinem,
1917 891 1951 923 in
1988 904 2056 936 qua
2095 887 2182 923 nihil
2217 889 2261 922 sit

1272 955 1542 977 aerumnarum.

1655 1057 1791 1111 Caput
1811 1058 1883 1098 XI.

1375 1137 1614 1184 Philosophus
1631 1139 1810 1173 constituit
1832 1138 2088 1172 beatitudinem
2107 1151 2178 1174 csse
2195 1140 2265 1173 vir-

1274 1193 1359 1227 tutis
1393 1199 1427 1226 et
1456 1193 1634 1225 bonorum
1658 1192 1823 1223 fortunae
1849 1190 2154 1231 coniunctionem,
2200 1191 2264 1226 etsi

1274 1244 1465 1290 praecipua
1481 1249 1531 1276 est
1548 1242 1670 1275 vlrtus.
1723 1241 1859 1274 Deinde
1882 1241 2057 1274 existimat
2076 1242 2265 1276 absurdam

1277 1296 1482 1340 opinionem
1501 1306 1594 1333 esse,
1621 1293 1648 1326 si
1667 1292 1744 1337 quis
1763 1293 1955 1325 arbitretur
1978 1306 2052 1326 non
2077 1306 2178 1337 posse
2203 1291 2266 1327 ho-

1276 1348 1388 1380 mines
1411 1344 1504 1379 hunc
1531 1346 1636 1377 finem
1662 1343 1818 1388 assequi,
1854 1344 2066 1377 annitentes.
2122 1344 2267 1377 Utrum-

1278 1411 1345 1444 que
1362 1397 1463 1431 multi
1485 1396 1589 1429 etiam
1609 1395 1784 1439 sapientes
1802 1407 1875 1427 non
1891 1395 2146 1441 adsequuntur.
2183 1394 2266 1428 Ideo

2027 1446 2120 1479 Dicit
2136 1446 2268 1479 Miltia-

1252 1507 1253 1517 *
1278 1503 1356 1534 dem
1377 1499 1568 1544 captivum,
1592 1510 1662 1530 esse
1683 1503 1849 1530 ornatum
1867 1497 2047 1529 excellenti
2066 1497 2207 1537 virtute,
2235 1504 2269 1530 et

1280 1564 1485 1598 quanquam
1502 1562 1575 1582 non
1594 1549 1793 1587 sitbcatus,
1830 1554 1949 1580 tamen
1972 1561 2046 1581 non
2071 1561 2143 1581 esse
2165 1548 2269 1582 mise-

1280 1616 1370 1637 rum.
1439 1602 1510 1636 Nec
1544 1606 1659 1644 potest
1692 1597 1915 1643 philosophia
1942 1600 2024 1632 satis
2047 1597 2137 1633 lianc
2163 1611 2269 1645 quae-

1280 1655 1430 1688 stionem
1467 1652 1660 1696 explicare,
1698 1651 1779 1695 quia
1800 1650 1920 1683 xirtuti
1956 1652 2097 1683 fortuna
2125 1662 2270 1695 respon-

1280 1707 1362 1739 dere
1379 1705 1540 1737 debebat.
1594 1702 1698 1747 Quod
1726 1714 1786 1734 cur
1810 1714 1884 1733 nou
1909 1702 1986 1741 fiat,
2021 1714 2122 1735 causa
2149 1702 2270 1746 ignota

1281 1764 1331 1790 est
1356 1752 1623 1800 philosophiae,
1667 1753 1748 1798 quia
1775 1751 1931 1785 humana
1964 1759 2090 1786 natura
2126 1760 2177 1787 est
2209 1766 2271 1798 op-

1282 1820 1400 1853 pressa
1420 1812 1582 1850 peccato,
1611 1816 1649 1837 ac
1674 1810 1863 1848 propterea
1889 1804 2042 1837 subiecta
2071 1804 2272 1848 ingentibus

1283 1858 1482 1897 aerumnis,
1524 1856 1583 1889 sed
1605 1855 1838 1897 Evangelium
1863 1856 1966 1887 docet
1988 1856 2110 1889 beatos
2140 1855 2176 1887 in
2206 1853 2271 1889 hac

1282 1911 1353 1943 vita
1370 1922 1462 1948 esse,
1490 1905 1660 1940 habentes
1682 1904 1883 1939 inchoatam
1904 1907 2016 1939 lucem
2043 1913 2076 1939 et
2101 1906 2272 1940 iustitiam

1284 1969 1317 1995 et
1340 1961 1432 1993 vitae
1458 1965 1621 1992 aeternae
1645 1957 1841 2002 primitias,
1878 1970 1916 1990 ac
1932 1957 2046 1990 Deum
2074 1958 2272 2001 gubernan-

1284 2020 1354 2046 tem
1379 2018 1411 2044 et
1435 2011 1693 2044 defendentem.
1748 2007 1892 2041 Interim
1918 2015 2038 2042 tamen
2064 2009 2273 2044 sustinentes

1285 2064 1455 2097 acerrima
1482 2061 1675 2094 certamina
1701 2067 1731 2093 ct
1755 2060 1983 2094 calamitates.
2037 2061 2164 2094 Postea
2189 2074 2273 2094 vero

1286 2115 1418 2148 abolito
1454 2119 1597 2158 peccato
1634 2118 1667 2144 et
1701 2117 1835 2152 morte,
1878 2109 2062 2145 habituros
2099 2112 2272 2157 integram

1286 2165 1599 2212 tranquillitatem,
1628 2175 1667 2195 ac
1682 2164 1812 2196 fatetur
1828 2162 2082 2208 Evangelium,
2108 2175 2181 2196 non
2202 2176 2274 2197 esse

1287 2219 1323 2250 in
1343 2223 1516 2262 potestate
1541 2213 1696 2248 hominis
1723 2215 1758 2246 in
1783 2212 1848 2247 hac
1871 2215 1962 2254 vita,
2003 2225 2094 2259 quae
2120 2221 2170 2248 est
2194 2215 2275 2248 sub-

1288 2270 1375 2302 iecta
1397 2267 1506 2301 morti
1529 2273 1563 2299 et
1585 2266 1761 2299 morsibus
1776 2265 1942 2305 Diaboli,
1967 2264 2105 2310 assequi
2128 2266 2275 2300 coniun-

1288 2321 1442 2354 ctionem
1463 2325 1594 2351 certam
1613 2317 1753 2351 virtutis
1771 2324 1805 2350 et
1824 2318 2000 2350 fortunae.

1391 2370 1445 2404 Ex
1462 2368 1529 2403 hoc
1545 2370 1641 2402 sonte
1657 2369 1756 2402 facile
1781 2374 1832 2402 est
1854 2367 2022 2401 iudicium
2048 2367 2090 2400 de
2115 2367 2276 2412 sequenti

1289 2422 1512 2469 quaestione:
1548 2421 1604 2454 An
1638 2420 1749 2466 Cyrus
1777 2420 1820 2453 sit
1843 2420 1984 2459 beatus,
2013 2431 2092 2451 cum
2112 2416 2277 2452 habuerit

1290 2475 1400 2508 filium
1420 2475 1648 2517 degenerem,
1684 2478 1717 2505 et
1733 2471 1839 2505 filiam
1857 2471 2021 2504 miseram
2032 2469 2091 2515 Μ).
2149 2469 2276 2504 Facilis

1292 2533 1342 2560 est
1366 2525 1549 2570 responsio
1574 2524 1668 2557 iuxta
1689 2522 1941 2566 Evangelium,
1971 2522 2066 2567 quod
2093 2521 2136 2554 de
2158 2521 2277 2555 liberis

1291 2578 1415 2611 eodem
1442 2577 1548 2610 modo
1573 2575 1722 2614 iudicat,
1762 2580 1801 2607 ut
1834 2574 1875 2606 de
1905 2574 2035 2607 nostris
2058 2573 2278 2616 corporibus,

1327 2680 1375 2708 3⁴)
1396 2680 1444 2703 nic
1463 2679 1537 2703 fitius
1563 2679 1605 2702 est
1624 2677 1776 2707 Cambyses
1803 2679 1956 2707 tyrannus,

1362 2715 1460 2738 coniux
1485 2714 1564 2737 istius
1587 2713 1698 2736 fratris.

1360 2751 1422 2772 cata
1442 2750 1490 2772 est.

1989 2675 2046 2699 filia
2068 2677 2158 2699 autem
2176 2676 2277 2705 Meroe,

1735 2713 1811 2735 cuius
1844 2710 2019 2735 acerbissima
2052 2709 2197 2734 vexatione
2229 2716 2277 2734 ne-
