2347 3000
227 149 300 185 247

229 235 332 267 ticam
364 241 576 278 potestatem
619 236 696 268 ideo
730 236 866 275 valere,
912 234 994 279 qnia
1023 234 1217 267 intellectus

228 286 313 329 legis
339 293 371 318 et
396 287 530 320 ordinis
556 287 591 319 in
617 285 781 325 bomine,
815 287 858 319 sit
885 298 973 328 opus
1002 284 1078 318 Dei.
1142 284 1216 317 Hoc

229 338 290 370 etsi
312 350 432 370 verum
452 344 514 377 est,
543 344 661 370 tamen
678 338 789 379 magis
809 336 1024 379 conspicitur
1044 337 1216 369 autoritas

229 389 549 431 gubernationum,
577 402 654 421 cum
673 388 871 421 ostenditur
888 399 1049 431 expressa
1077 388 1216 421 institu—

230 440 279 471 tio
311 446 343 471 et
377 441 598 472 confirmatio
634 439 825 483 potestatis.
892 439 941 470 Ac
966 451 1087 471 vocem
1115 452 1215 473 suam

229 490 324 523 Deus
345 490 424 522 ideo
443 491 558 529 addit,
586 497 623 522 ut
646 496 814 534 utrosque
842 490 1000 523 erudiret
1023 491 1066 524 de
1092 491 1216 523 volun-

231 548 300 574 tate
311 569 319 581 ,
347 542 599 585 gubernatores
619 547 652 573 et
666 541 837 575 subditos.

229 634 287 667 De.
324 633 587 667 discrimine
620 633 876 667 edictorum
914 633 1138 673 civilium,
1180 640 1218 667 et

231 685 554 725 traditionum,
605 698 716 730 quae
752 685 965 718 conditae
1001 692 1105 718 sunt
1137 683 1217 718 ltu-

361 748 487 768 mana
518 736 770 769 autoritate
799 736 843 768 in
871 735 1082 770 Ecclesia.

329 811 511 845 Differunt
535 811 760 845 latrocinium
789 819 822 845 et
847 812 1086 855 magistratus.
1145 812 1218 846 'Nec

229 870 321 896 recte
341 863 430 896 dixit
453 863 567 907 pirata
596 865 639 895 ad
658 864 918 896 Alexandrum:
955 863 1026 897 Cur
1051 863 1115 896 tibi
1139 864 1218 896 licet

229 915 266 948 in
302 922 395 948 terra
430 914 615 958 praedari,
656 913 744 947 milii
776 928 849 948 non
873 915 952 947 licet
980 915 1015 947 in
1045 914 1217 961 mari'2'78)

228 966 320 1000 Nam
338 966 564 999 latrocinium
589 973 640 999 est
661 967 851 999 destructio
872 967 1007 999 ordinis
1024 966 1155 1006 ‹lix-ini,
1185 972 1217 998 et

229 1018 377 1062 dissipat
397 1030 620 1050 communem
647 1018 871 1057 societatem,
900 1031 963 1051 nec
988 1024 1128 1062 peccat,
1157 1017 1217 1062 qui

228 1070 361 1102 latroni
378 1069 536 1113 poscenti
557 1069 742 1113 pecuniam
764 1082 837 1102 non
863 1070 943 1109 dat,
971 1070 1032 1102 sed
1054 1069 1217 1108 elabitur,

229 1127 289 1154 aut
308 1121 471 1165 reprimit
487 1134 584 1159 eum,
614 1133 690 1153 cum
709 1127 835 1164 potest.
880 1120 1035 1153 licontra
1056 1132 1140 1153 vero
1161 1133 1216 1152 or-

227 1173 408 1206 dinarium
426 1178 459 1204 et
476 1172 672 1215 legitimum
702 1172 889 1215 imperium
919 1178 969 1205 est
994 1171 1216 1204 conservatio

229 1223 364 1257 ordinis
381 1223 505 1264 divini,
534 1230 565 1255 et
582 1224 678 1255 fovet
696 1235 922 1255 communem
942 1223 1158 1261 societatem,
1184 1228 1217 1254 et

227 1282 349 1320 peccat
372 1275 431 1319 qui
452 1274 696 1317 magistratum
721 1274 964 1318 imponentem
990 1286 1079 1306 onus
1105 1273 1216 1316 legiti-

228 1339 325 1359 mum
351 1326 460 1365 fallit,
500 1332 560 1357 aut
586 1338 665 1358 eum
693 1325 851 1369 impedit.
912 1325 1006 1357 Haec
1032 1325 1215 1368 perspicua

227 1384 309 1411 sunt
331 1390 372 1409 ex
397 1377 490 1409 dicto
516 1376 639 1421 (Rom.
658 1376 715 1416 13,
732 1374 802 1421 5.):
839 1376 986 1410 Necesse
1006 1382 1056 1409 est
1073 1376 1216 1408 obedire

227 1435 376 1473 propter
395 1428 661 1461 conscientiam.

328 1479 375 1512 Et
393 1492 599 1524 quanquam
615 1480 685 1511 duo
703 1484 784 1512 sunt
807 1490 933 1522 genera
956 1477 1073 1519 legum
1098 1477 1217 1521 politi-

227 1543 287 1564 cae
304 1531 502 1575 potcstatis:
532 1530 631 1563 Aliae
648 1536 729 1563 sunt
745 1529 953 1574 simpliciter
972 1529 1133 1569 divinae,
1161 1536 1216 1561 nt:

227 1583 309 1617 Non
329 1583 484 1621 occides,
513 1581 595 1615 Non
612 1579 875 1621 moechaberis,
902 1580 984 1614 Non
1007 1581 1141 1613 furtum
1166 1581 1216 1613 sa-

228 1634 315 1673 cies,
343 1634 447 1679 quia,
473 1640 512 1666 ut
534 1633 668 1666 dictum
698 1639 768 1671 est,
802 1631 1029 1675 magistratus
1059 1623 1215 1676 primum

228 1686 272 1719 sit
287 1698 355 1718 vox
372 1692 405 1718 et
423 1691 588 1718 executor
610 1684 767 1727 decalogi
792 1683 828 1716 in
851 1690 992 1716 externa
1019 1682 1217 1727 disciplina.

227 1737 327 1770 Aliae
344 1737 436 1780 leges
454 1743 535 1770 sunt
557 1736 600 1769 ab
625 1735 708 1780 ipsis
731 1734 908 1779 probabili
934 1734 1072 1767 ratione
1097 1734 1218 1767 condi-

228 1796 295 1822 tae.
349 1788 481 1820 Verum
499 1794 550 1820 est
565 1787 679 1827 enim,
712 1786 876 1831 politicos
904 1785 1131 1829 magistratus
1156 1784 1216 1818 ba-

227 1841 309 1873 bere
330 1846 540 1883 potestatem
561 1838 735 1871 condendi
754 1839 846 1881 leges
866 1837 1043 1881 probabili
1064 1837 1218 1877 ratione,

230 1903 320 1937 quae
336 1891 408 1923 sint
428 1890 744 1923 determinationes
761 1889 961 1934 aliquarum
989 1888 1218 1921 circumstan-

230 1944 359 1975 tiarum
382 1942 417 1974 in
436 1942 570 1986 legibus
588 1941 718 1974 divinis
734 1953 795 1974 scu
812 1940 1045 1973 naturalibus.
1079 1939 1216 1972 Tamen

229 1995 410 2027 sciendum
441 2000 509 2033 est,
553 1993 712 2038 utrisque
740 1992 860 2024 deberi
890 1991 1148 2031 obedientiam,
1185 1997 1219 2023 et

229 2046 412 2090 utriusque
430 2044 567 2088 generis
586 2044 797 2076 violationes
814 2049 955 2087 peccata
972 2055 1056 2075 esse.

329 2097 398 2129 Sed
423 2097 465 2128 de
494 2102 666 2140 potestate
692 2094 923 2127 ecclesiastica
948 2093 1130 2127 sciendum
1155 2100 1217 2133 est,

231 2148 438 2181 mandatum
464 2147 531 2180 Dei
555 2160 646 2187 esse,
681 2152 720 2179 ut
743 2147 868 2179 doceat
887 2145 1144 2188 Evangelium,
1186 2151 1219 2177 et

229 2199 453 2232 administret
475 2204 714 2237 sacramenta,
743 2204 776 2230 et
792 2197 911 2229 deberi
931 2197 961 2229 ei
979 2196 1217 2229 obedientiam

230 2251 264 2284 in
284 2249 356 2289 liis,
381 2264 470 2296 quae
492 2256 574 2283 sunt
592 2249 678 2283 iuris
696 2248 820 2282 divini.
875 2247 1060 2281 Caeterum
1084 2248 1217 2281 nullam

230 2309 428 2336 creaturam
451 2314 553 2346 posse
580 2313 673 2334 nova
700 2301 866 2344 dogmata
896 2300 938 2332 de
963 2299 1038 2332 Deo
1064 2299 1218 2343 gignere,

230 2361 416 2387 autnovos
435 2354 547 2386 cultus
564 2353 766 2391 instituere,
795 2352 855 2385 sed
882 2358 1047 2395 oportere
1074 2363 1138 2383 nos
1167 2350 1217 2382 in-

230 2411 283 2437 tra
317 2412 426 2437 metas
456 2404 640 2437 doctrinae
671 2416 688 2436 a
715 2402 791 2435 Deo
817 2403 920 2436 nobis
949 2403 1218 2435 commendatae

230 2468 393 2495 manere,
424 2455 516 2489 iuxta
536 2456 620 2489 illud
646 2455 780 2500 (Galat.
801 2455 833 2494 1,
856 2454 924 2499 8.):
960 2454 995 2485 Si
1019 2454 1097 2499 quis
1122 2453 1216 2486 aliud

229 2507 461 2549 Evangelium
480 2508 600 2547 docet,
629 2504 817 2539 anathema
837 2505 892 2538 sit.
946 2504 1028 2537 ldeo
1047 2505 1215 2548 refragari

231 2571 370 2591 necesse
387 2565 457 2598 est,
486 2571 563 2591 cum
580 2559 647 2591 alia
667 2559 833 2600 dogmata
858 2563 892 2589 et
916 2557 975 2588 alii
999 2557 1111 2589 cultus
1136 2569 1217 2600 pro-

231 2616 425 2654 ponuntur.
460 2609 528 2642 Sed
547 2616 704 2653 pastores
720 2608 805 2641 boni
825 2608 961 2641 ordinis
979 2620 1080 2641 causa
1102 2608 1218 2641 distri-

266 2728 313 2755 78)
334 2726 476 2755 Angustia.
496 2726 528 2748 de
547 2725 619 2748 civit.
639 2724 687 2747 Dei
709 2724 724 2748 1.
740 2724 788 2748 iv.
808 2730 829 2747 c.
845 2725 868 2748 4.
894 2724 943 2747 hoc
969 2724 1067 2747 dietum
1086 2723 1166 2748 affert
1185 2731 1216 2747 ex

302 2762 444 2787 Ciceronis
464 2760 538 2784 1.111.
560 2760 592 2783 de
611 2759 714 2789 republ.

503 148 703 183 SCRwTA
728 149 803 184 PH.
830 148 941 184 MEL.
968 149 1033 182 AD
1059 146 1267 182 ETHICEN
1295 147 1360 181 ET
1387 147 1641 184 POLITICEN
1669 148 1978 185 SPECTANTIA.

2178 150 2253 186 248

1270 233 1377 267 buere
1401 234 1569 269 lectiones
1594 242 1627 268 et
1651 242 1833 281 tempora,
1870 242 1903 269 et
1927 234 2054 269 similia
2079 235 2253 280 quaedam

1268 292 1427 329 possunt.
1481 286 1545 319 Hic
1563 293 1682 320 tamen
1699 289 1883 321 retinenda
1911 293 1961 321 est.
1982 286 2177 326 sententia,
2206 292 2256 319 ta-

1270 337 1317 369 les
1341 337 1428 369 ritus
1452 349 1515 369 nec
1543 338 1712 371 iustitiam
1737 352 1800 372 nec
1823 339 1935 372 cultus
1960 338 2025 371 Dei
2055 350 2149 379 esse,
2191 349 2255 370 nec

1270 401 1283 419 x
1296 387 1499 420 iolationem
1518 395 1613 421 extra
1633 402 1750 423 casum
1769 390 1943 431 scandali,
1972 395 2153 434 peccatum
2171 400 2257 429 esse,

1271 439 1365 471 iuxta
1386 439 1472 471 illud
1490 438 1628 484 (C01.2‚
1650 441 1742 485 16.):
1770 442 1883 475 Nemo
1902 454 1963 474 vos
1981 447 2106 485 arguat
2124 440 2159 472 in
2178 440 2255 473 cibo

1270 496 1330 523 aut
1349 496 1447 534 potu.
1498 490 1593 523 Haec
1614 491 1756 526 libertas
1773 499 1916 525 maneat
1940 493 1975 525 in
1991 491 2167 532 Ecclesia,
2193 503 2258 524 nec

1270 542 1305 573 in
1342 542 1551 574 alterutram
1592 549 1730 586 partem
1771 544 1912 576 x‘incula
1947 543 2170 578 conscientiis
2205 543 2257 575 in-

1272 599 1450 625 nciantur.

1372 643 1544 676 I’oliticae
1577 643 1761 689 potestatis
1786 644 1919 687 legibus
1945 646 2148 689 obligantur
2173 657 2257 679 con-

1270 693 1457 734 scientiae,
1497 695 1587 728 sicut
1611 695 1743 728 dictum
1770 702 1840 735 est,
1882 696 1964 742 quia
1987 696 2082 730 Deus
2110 695 2178 730 hoc
2209 697 2257 729 ita

1271 746 1397 779 sanxit.
1449 745 1495 778 Et
1518 747 1590 778 vult
1616 744 1682 778 boc
1706 748 1814 779 modo
1839 747 1947 780 vitam
1970 745 2158 781 bominum
2181 760 2258 781 cor-

1273 797 1429 840 poralem
1449 797 1533 840 regi.
1572 797 1726 830 Econtra
1746 805 1900 842 potestas
1917 799 2162 839 ecclesiastica,
2184 810 2258 832 non

1272 848 1405 892 obligat
1427 848 1658 882 conscientias
1683 850 1838 894 propriis
1861 850 2015 893 legibus,
2058 851 2140 897 quia
2166 848 2258 884 hanc

1271 899 1468 932 libertatem
1480 900 1574 933 Deus
1591 901 1717 934 sanxit.
1770 901 1815 933 Et
1832 902 2067 935 ministerium
2087 908 2154 942 est,
2175 914 2259 946 pro-

1272 951 1347 994 prie
1372 963 1445 983 non
1471 952 1652 995 pertinens
1676 953 1719 984 ad
1747 953 1855 985 vitam
1884 954 2119 998 corporalem.
2181 953 2258 986 Hoc

1270 1002 1459 1035 discrimen
1480 1004 1595 1046 legum
1612 1003 1766 1036 civilium
1792 1011 1825 1036 et
1849 1005 2162 1038 ecclesiasticarum
2180 1016 2258 1049 per-

1270 1054 1430 1097 spicuum
1465 1060 1528 1087 est.
1607 1054 1809 1100 Gcrsonw)
1840 1056 1944 1100 longe
1979 1056 2065 1089 alias
2100 1056 2259 1090 rationes

1271 1104 1487 1148 astringendi
1513 1111 1545 1137 et
1569 1105 1711 1138 laxandi
1736 1107 1893 1151 quaerit,
1926 1107 2053 1152 quibus
2080 1107 2259 1140 conscien-

1271 1156 1340 1187 tiae
1366 1155 1476 1199 magis
1501 1157 1691 1189 turbantur
1718 1164 1751 1190 et
1779 1158 2029 1203 illaqueantur.
2083 1158 2178 1191 Haec
2202 1170 2259 1192 ex-

1272 1206 1436 1250 plicatio,
1466 1220 1573 1251 quam
1592 1208 1757 1248 recitavi,
1786 1222 1868 1242 vera
1888 1216 1921 1242 et
1939 1209 2125 1254 perspicua
2141 1215 2204 1244 est.

1269 1292 1421 1325 Ius-tene
1447 1288 1647 1325 mandavit
1673 1291 1899 1337 Nehemias,
1937 1299 1980 1329 ut
2013 1295 2169 1330 Iudaeis
2194 1297 2258 1330 lu-

1410 1339 1494 1376 daei
1520 1342 1684 1377 reddant
1708 1354 1846 1378 usuras
1872 1345 2123 1381 centesimas?

1372 1407 1411 1440 In
1427 1410 1581 1442 secundo
1599 1410 1690 1443 libro
1706 1410 1893 1457 Esdrae⁸⁰)
1916 1413 2051 1446 mentio
2072 1414 2111 1446 fit
2134 1424 2259 1447 usura-

1271 1472 1350 1493 rum
1369 1460 1659 1501 centesimarum,
1688 1463 1730 1494 de
1750 1463 1877 1507 quibus
1895 1465 1980 1496 etin
1997 1465 2142 1498 Graecis
2165 1471 2199 1497 et
2222 1465 2259 1497 in

1272 1511 1445 1544 Romanis
1472 1512 1606 1555 legibus
1631 1526 1736 1557 saepe
1761 1514 1901 1548 dicitur.
1970 1516 2120 1549 Prodest
2151 1515 2259 1559 igitur

1271 1563 1432 1595 enarrari
1463 1564 1696 1604 vocabulum,
1737 1572 1770 1598 et
1798 1566 2015 1600 considerari
2037 1566 2260 1612 antiquitatis

1272 1614 1578 1648 consuetudinem.

1372 1664 1477 1698 Initio
1509 1673 1627 1699 autem
1658 1666 1773 1710 ipsum
1801 1681 1934 1701 nomen
1958 1681 2087 1703 usurae
2112 1669 2258 1702 definia-

1272 1723 1345 1749 tur:
1386 1716 1501 1750 Usura
1529 1730 1589 1751 seu
1610 1718 1734 1751 foenus
1761 1726 1812 1753 est
1834 1720 1972 1754 lucrum
1995 1733 2102 1766 supra
2125 1727 2257 1755 sortem

1272 1774 1453 1808 exactum,
1495 1775 1633 1802 tantum
1662 1777 1808 1814 propter
1835 1772 1988 1805 officium
2012 1772 2259 1807 mutilationis.

1270 1820 1362 1853 Nam
1380 1832 1459 1852 cum
1477 1820 1617 1853 debitor
1634 1822 1809 1855 efficacem
1838 1835 1979 1857 causam
2004 1824 2127 1857 damni
2149 1823 2259 1864 dedit,

1271 1871 1421 1903 accessio
1451 1884 1525 1904 non
1555 1879 1606 1905 est
1640 1873 1801 1906 usuraria
1833 1881 1894 1907 aut
1919 1875 2057 1915 illicita,
2094 1887 2185 1921 quae
2208 1881 2260 1909 est

1271 1922 1393 1954 damni
1411 1923 1665 1966 compensatio.
1718 1924 1784 1957 Sed
1803 1925 1860 1957 illa
1883 1926 2033 1959 accessio
2058 1933 2110 1960 est
2132 1939 2258 1961 usura-

1272 1973 1322 2005 ria
1347 1980 1380 2005 et
1407 1973 1547 2013 illicita,
1587 1976 1629 2007 de
1654 1988 1722 2020 qua
1749 1977 1937 2020 paciscitur
1959 1978 2086 2023 aliquis
2110 1984 2259 2023 propter

1272 2025 1425 2057 officium
1444 2026 1695 2066 niutuationis,
1724 2028 1828 2060 etiam
1848 2041 1927 2061 cum
1945 2029 2085 2062 debitor
2102 2042 2175 2063 non
2197 2031 2258 2064 de-

1272 2076 1323 2108 dit
1338 2077 1513 2109 esficacem
1532 2078 1654 2110 damni
1671 2091 1825 2113 causam.

1374 2128 1468 2161 Haec
1485 2129 1643 2163 definitio
1661 2131 1904 2173 cognoscenda
1926 2137 1960 2164 et
1984 2132 2105 2165 dextre
2128 2131 2256 2165 intelli-

1272 2180 1384 2222 genda
1403 2186 1473 2220 est,
1500 2187 1540 2214 ut
1557 2188 1678 2225 postea
1699 2182 1790 2226 leges
1810 2189 1843 2215 et
1860 2182 2037 2223 rationes,
2065 2195 2156 2228 quae
2173 2195 2257 2227 pro-

1273 2229 1394 2263 bibent
1412 2245 1554 2272 usuras,
1584 2240 1676 2266 recte
1696 2234 1950 2278 intelligantur.
2003 2234 2058 2267 Sic
2082 2235 2176 2267 enim
2199 2247 2256 2269 ex-

1272 2294 1390 2326 presse
1412 2283 1543 2317 dictum
1571 2291 1621 2318 est
1637 2285 1743 2319 Dent.
1758 2286 1819 2326 23,
1839 2285 1951 2331 (19.):
1987 2285 2069 2320 Non
2093 2286 2256 2320 foenera-

1271 2334 1323 2367 bis
1340 2335 1443 2367 fratri
1458 2342 1518 2368 tuo
1537 2337 1724 2381 pecuniam
1750 2339 1795 2370 ad
1819 2349 1954 2371 usuras.
2007 2336 2111 2370 Item:
2138 2338 2258 2372 Fratri

1273 2392 1331 2418 tuo
1350 2386 1481 2432 absque
1500 2400 1604 2421 usura
1623 2389 1722 2423 dabis
1740 2395 1864 2422 mutuo
1874 2388 1931 2434 8¹).
1965 2386 2051 2422 Item
2070 2389 2105 2422 in
2114 2390 2256 2424 Psalmo

1272 2436 1349 2483 (15,
1366 2436 1436 2483 5.):
1466 2439 1535 2483 Qui
1551 2440 1739 2484 pecuniam
1757 2441 1800 2473 ad
1817 2452 1960 2474 usuram
1978 2453 2052 2474 non
2069 2441 2176 2476 dedit.
2211 2441 2257 2476 Et

1272 2488 1431 2523 Christus
1454 2490 1571 2536 inquit
1592 2491 1693 2536 (Luc.
1710 2492 1744 2532 6,
1761 2489 1856 2537 35,);
1885 2492 2049 2526 Mutuum
2076 2494 2175 2533 date,
2202 2493 2256 2526 ni-

1272 2539 1321 2573 bil
1340 2542 1420 2574 inde
1439 2550 1632 2586 sperantes.
1676 2543 1767 2577 Nam
1785 2556 1863 2576 cum
1882 2543 1948 2576 ait:
1979 2544 2144 2578 Mutuum
2163 2545 2255 2586 date,

1304 2637 1351 2662 79)
1371 2638 1448 2662 cons.
1472 2645 1496 2668 p.
1514 2639 1568 2662 111.
1588 2639 1652 2661 nota
1665 2637 1707 2662 83.

1303 2680 1350 2709 ιΝΟ)
1371 2680 1480 2704 Netteia.
1494 2681 1520 2704 5.
1540 2681 1577 2702 11.
1590 2692 1624 2696 -
1644 2680 1787 2703 Nehemiae
1807 2680 1875 2704 tiber
1895 2680 1922 2704 in
1938 2682 2020 2713 Yutg,
2034 2682 2182 2714 inscriptus
2199 2685 2254 2708 est:

1337 2714 1444 2737 Esdrae
1465 2714 1531 2736 tiber
1548 2715 1578 2737 11.

1303 2757 1352 2785 81)
1372 2757 1450 2781 cons.
1470 2757 1555 2781 Exod.
1572 2756 1616 2788 22,
1635 2757 1676 2782 25.
1705 2757 1792 2781 Levit.
1807 2757 1851 2784 25.
1871 2759 1991 2784 35—37.
2017 2760 2096 2785 Dent.
2112 2760 2152 2792 ¹5,
2171 2760 2195 2785 7.
