2347 3000
204 133 278 169 263

208 221 356 257 docent,
384 218 561 263 peculiare
578 230 665 263 opus
681 230 752 251 esse
769 216 934 254 iustitiae,
960 226 1033 246 non
1051 209 1191 245 laedere

210 269 378 315 hospites.

311 322 362 354 Ac
386 321 470 354 utile
496 328 547 355 est
572 321 737 353 omnihus
759 318 963 351 hominihus
992 314 1194 349 familiaris-

211 375 297 406 sime
316 379 439 405 notum
459 386 531 406 esse
549 373 738 406 discrimen
757 374 1002 402 mnu-actuum
1028 379 1069 400 ex
1094 372 1196 399 natu-

210 437 270 456 rae
287 424 443 457 sontibus
459 431 575 457 ortum
590 451 598 463 ‚
625 437 638 455 x
651 422 787 454 idelicet
804 425 1006 453 contractus
1022 418 1110 452 alios
1128 416 1197 449 dici

211 477 326 508 honae
345 476 444 515 fidei,
473 477 560 509 alios
579 474 688 508 stricti
708 473 803 506 iuris.
851 472 1062 505 Contractus
1080 470 1196 502 bonae

213 527 291 560 fidei
318 533 415 565 sunt,
452 527 486 558 in
512 526 639 571 quilius
664 525 781 569 aliqua
806 536 880 556 non
903 528 1106 566 nuncupata
1132 520 1198 553 lin-

211 591 290 621 gua,
313 585 430 611 tamen
448 584 592 621 propter
610 576 859 622 aequalitatem
876 575 1058 607 debentur.
1094 572 1198 605 Unde

212 628 299 662 haec
330 627 574 662 honestissima
608 630 723 660 forma
757 628 948 660 verborum
980 625 1074 669 apud
1106 629 1199 656 wete-

212 693 267 714 res
291 686 458 722 usurpata
485 686 554 713 est:
589 679 684 712 luter
705 680 819 712 bonos
842 675 1129 720 lwne'agicrffi),
1164 674 1199 706 id

215 738 283 769 est,
312 737 465 775 praestet
481 729 589 764 homo
609 729 776 764 honestus
797 742 856 769 ea,
885 741 975 774 quae
1001 725 1200 760 communis

213 782 304 815 ratio
330 781 463 815 iudicat
486 783 648 828 aequalia
674 794 758 815 esse.
824 780 869 813 lit
895 786 977 813 sunt
1000 783 1200 812 contractus

213 834 451 879 honae'lidei,
484 834 638 879 emptio,
671 833 848 871 venditio,
884 830 1033 870 locatio,
1070 829 1201 862 condu-

214 886 303 925 ctio,
346 885 566 930 depositum,
609 885 776 924 societas,
813 884 959 928 pignus,
998 881 1202 914 commoda-

215 944 289 970 tum
315 942 379 970 etc.

319 988 384 1021 Sed
403 987 512 1020 stricti
535 988 620 1021 iuris
637 993 840 1020 contractus
857 986 1043 1024 dicuutur,
1071 984 1108 1016 in
1126 982 1203 1027 qui-

213 1041 278 1073 hus
309 1045 447 1072 tantuin
475 1045 679 1084 nuncupata
710 1039 830 1081 lingua
859 1038 1051 1076 debentur,
1092 1041 1131 1068 ut
1167 1033 1202 1065 in

214 1097 351 1124 mutuo.
405 1090 497 1135 Quia
515 1092 603 1124 dans
623 1097 766 1129 mutuo,
795 1102 872 1122 cum
890 1087 1047 1133 potuerit
1063 1084 1130 1119 hoc
1154 1086 1204 1117 of-

215 1143 331 1175 ficium
352 1142 528 1181 omittere,
548 1154 774 1188 nequaquam
792 1141 870 1185 plus
892 1138 1099 1181 intelligitur
1115 1137 1203 1169 xelle

216 1200 251 1227 et
265 1194 392 1226 debere
410 1194 566 1238 recipere
578 1221 586 1234 ‚
615 1206 722 1239 quam
741 1198 914 1238 quamum
932 1190 1040 1229 dedit,
1067 1195 1101 1230 et
1116 1187 1205 1221 sicut

215 1252 337 1289 pactus
357 1251 418 1278 esi.

319 1296 524 1329 Conclusio:
567 1295 736 1335 Locatio,
773 1298 974 1326 contractus
1005 1296 1057 1324 est
1088 1290 1204 1322 bonae

214 1347 314 1387 fidei,
350 1354 384 1380 et
410 1353 449 1380 ut
475 1347 670 1392 aequalitas
694 1352 872 1385 servetur,
909 1343 1109 1376 conducens
1131 1352 1205 1373 non

216 1405 422 1443 corrul'npat
446 1410 503 1432 res
525 1399 677 1437 locatas,
704 1410 768 1431 nec
790 1396 975 1430 defraudet
998 1394 1204 1426 locatorem.

214 1449 298 1483 Ideo
318 1463 374 1484 res
391 1450 620 1483 conducentis
643 1450 694 1481 inx
706 1455 800 1482 ectae
820 1448 857 1480 in
874 1449 1021 1480 domum
1041 1445 1206 1483 locatam,

217 1502 393 1545 obligatae
418 1507 500 1534 sunt
523 1500 673 1534 locatori
700 1507 872 1545 tanquam
895 1498 1042 1542 pignus,
1068 1502 1101 1528 et
1125 1507 1206 1539 pro-

216 1560 296 1598 pter
314 1554 514 1586 mercedem
537 1552 743 1591 locationis,
778 1557 811 1584 et
834 1555 982 1595 propter
1006 1561 1062 1581 res
1087 1559 1206 1579 corru-

217 1611 307 1650 ptas.
351 1604 469 1637 Verba
489 1611 603 1637 textus
623 1604 657 1636 in
677 1602 829 1647 Digestis
844 1600 930 1635 haec
949 1606 1041 1634 sunt.
1069 1599 1129 1632 lib.
1145 1599 1206 1633 ΞΟ,

218 1656 255 1688 in
286 1656 390 1689 titulo
418 1655 458 1688 ln
493 1656 620 1701 quibus
635 1655 682 1701 28)
714 1654 826 1688 causis
867 1653 992 1697 pignus
1016 1651 1073 1683 vel
1095 1649 1207 1694 hypo-

218 1706 319 1740 theca
334 1707 437 1741 tacite
455 1706 698 1747 contrahitur,
721 1701 1088 1750 logeI‘01np0nius20)‚
1101 1702 1208 1734 Pom-

218 1759 347 1804 ponius
374 1759 511 1799 scribit,
546 1771 619 1791 non
643 1759 756 1791 solum
780 1769 845 1801 pro
870 1754 1120 1800 pensionibus,
1148 1753 1206 1786 sed

219 1810 324 1843 etiam
344 1810 428 1856 si30)
446 1810 658 1843 deteriorem
676 1807 935 1842 habitationem
960 1805 1082 1838 fecerit
1107 1805 1207 1847 culpa

219 1874 280 1896 sua
300 1862 516 1907 inquilinus,
539 1862 676 1894 invecta
687 1861 733 1905 31)
759 1866 792 1893 et
818 1859 915 1891 illata
940 1856 1082 1901 pignori
1106 1861 1210 1889 erunt

220 1913 387 1957 obligata.
438 1913 484 1946 Et
502 1913 538 1946 in
556 1913 684 1946 Codice
708 1913 745 1944 in
764 1911 866 1944 titulo
884 1911 925 1942 de
946 1910 1061 1941 locato
1079 1914 1112 1940 et
1129 1919 1210 1939 con-

219 1966 344 2004 ducto,
372 1965 447 2008 lege
466 1965 561 1998 Certi
578 1965 664 1998 iuris
683 1970 733 1998 est
744 1962 790 2008 32)
805 1989 813 2003 ,
844 1974 900 1995 res
918 1961 1032 1994 illatas
1050 1957 1211 2003 pignoris

221 2016 297 2049 iure
316 2016 441 2050 teneri.

432 269 505 302 [ino
526 282 590 314 pro
614 268 782 302 beneficio
800 268 948 300 reddere.
963 264 1144 297 beneficia.

255 2153 302 2184 27)
323 2152 378 2177 Cic.
398 2152 430 2175 de
450 2151 519 2175 offic.
539 2149 582 2173 111.
602 2155 624 2173 c.
642 2148 680 2173 15.
701 2148 726 2177 S.
747 2148 789 2172 61.
810 2146 891 2171 etiam
910 2146 989 2176 epist.
1002 2145 1037 2169 ad
1055 2144 1117 2168 sam.
1132 2143 1158 2175 7,
1175 2144 1214 2167 ¹2.

255 2203 303 2235 28)
324 2204 353 2226 111
379 2202 490 2233 quihus]
526 2201 566 2224 sic
598 2201 624 2223 in
650 2200 699 2223 hoe
726 2199 805 2222 titulo
831 2197 971 2228 Digestor.
998 2196 1130 2226 scriptum
1155 2197 1214 2225 θεῖς

291 2238 375 2262 Editt.
394 2237 498 2261 Ethic.:
525 2242 557 2259 ex
574 2235 678 2265 quihus

257 2290 305 2314 29]
326 2289 432 2319 Dignst.
452 2288 471 2311 1.
489 2287 550 2311 XX.
574 2286 616 2310 tit.
629 2286 654 2310 2.
680 2285 740 2316 iege
754 2285 780 2309 2.
806 2283 902 2314 (Corp.
930 2283 980 2307 iur.
1007 2282 1058 2307 civ.
1084 2282 1125 2306 ed.
1142 2281 1215 2305 Beck

292 2325 322 2347 Τ.
336 2324 354 2347 l.
373 2323 402 2346 P.
421 2323 440 2346 1.
459 2329 484 2352 1).
501 2321 585 2349 7790.

258 2375 306 2402 30)
327 2373 407 2397 etiam
427 2373 467 2401 si]
488 2372 528 2395 sie
547 2371 631 2395 Editt.
651 2370 753 2401 Ethic.;
779 2370 808 2393 in
826 2369 932 2399 Digest.
950 2367 1069 2399 legitur:
1097 2368 1123 2391 et
1144 2367 1175 2391 si.

257 2426 305 2454 31)
327 2424 488 2455 inquilinus,
515 2423 637 2451 invecta]
663 2422 702 2445 sic
722 2421 804 2445 Editt.
825 2421 927 2444 Ethie.:
959 2420 1074 2449 Digesta
1102 2419 1214 2442 habent:

295 2459 459 2489 inquitinuS,
491 2464 543 2488 quo
567 2458 673 2481 noniine
693 2463 725 2480 ex
744 2457 834 2480 locato
854 2462 913 2479 cnm
933 2460 964 2478 eo
984 2454 1036 2478 erit
1055 2453 1142 2485 aetio,
1171 2453 1215 2476 in-

295 2496 374 2517 vecta
394 2510 399 2515 .
415 2511 420 2516 .
438 2511 443 2516 .

259 2545 306 2575 32)
327 2544 392 2567 eod.
407 2543 453 2566 lv.
473 2542 512 2565 tit.
527 2542 569 2564 65,
589 2542 650 2567 leae
663 2541 687 2565 5.
720 2541 817 2569 (Corn.
837 2540 887 2563 iuv.
907 2540 958 2563 civ.
979 2540 1018 2562 ed.
1039 2540 1110 2562 Beck
1138 2539 1166 2562 T.
1184 2538 1214 2561 ll.

295 2580 323 2602 P.
343 2579 360 2602 Ι,
382 2585 405 2606 p.
421 2577 492 2605 412.)
514 2577 643 2604 seriptum
663 2578 720 2599 est:
747 2576 823 2599 Coi-ti
843 2575 910 2597 iuris
932 2576 987 2597 est.
1009 2581 1056 2598 ea.
1077 2580 1145 2603 quae
1165 2580 1215 2595 vo-

294 2614 398 2637 luntate
426 2611 592 2634 dominorum
620 2611 707 2632 rotoni
734 2610 759 2632 in
787 2610 894 2633 seudum
920 2610 1080 2631 viniductum
1100 2608 1214 2630 induxe-

295 2648 366 2673 rint,
395 2645 516 2675 pignoris
542 2644 598 2667 iure
624 2644 740 2667 dominis
767 2644 939 2673 praediorum
967 2643 1063 2666 teneri.
1102 2642 1214 2671 Quando

294 2683 384 2706 autem
405 2680 499 2703 doinus
518 2679 638 2702 iocatur.
665 2685 717 2701 mm
738 2680 779 2701 est
798 2678 956 2701 necessaria
977 2678 1002 2700 in
1029 2678 1110 2700 rebus
1136 2677 1214 2699 inau-

295 2716 347 2740 ctis
367 2715 410 2738 vel
430 2714 514 2737 illatis
533 2713 646 2737 scicntia
666 2713 782 2743 (lomini;
815 2718 875 2736 nain
902 2718 933 2736 ea.
959 2718 1065 2742 quoque
1089 2710 1213 2742 pignoris

295 2751 356 2775 iure
375 2751 511 2773 tenentur.

466 130 667 166 SCRIPTA
693 130 769 165 PH.
797 128 910 164 MEL.
937 127 1001 161 AD
1035 123 1243 161 ETHICEN
1272 126 1336 162 ET
1363 126 1621 163 POLITICEN
1648 124 1957 162 SPECTANTIA.

2157 123 2232 161 264

1348 215 1467 260 Quare
1484 215 1590 249 etiam
1608 226 1687 248 cum
1707 213 1767 247 alii
1791 212 1983 247 creditores
2007 209 2155 244 retineri
2173 222 2233 255 pe-

1249 271 1327 298 tunt
1344 279 1399 300 res
1415 279 1538 300 eorum
1550 293 1558 306 ‚
1587 266 1648 312 qui
1665 265 1748 311 ipsis
1765 266 1913 304 debent,
1946 269 2067 296 tamen
2082 261 2234 295 locatori

1250 316 1346 361 prius
1362 330 1418 351 res
1437 318 1555 350 illatae
1574 318 1610 350 in
1627 318 1775 350 domum
1792 316 1968 360 obligatae
1983 320 2077 348 sunt.
2125 312 2234 346 Prae·

1249 368 1349 412 cipue
1367 369 1460 401 enim
1478 369 1570 402 ratio
1586 366 1730 413 hospitii
1748 366 1910 401 habenda
1928 372 1991 406 est,
2019 365 2102 411 quia
2120 364 2235 397 domi-

1250 419 1321 452 cilii
1337 419 1613 453 communicatio
1631 426 1701 459 est,
1726 419 1778 452 rei
1802 419 2002 453 carissimae
2025 428 2127 450 usum
2151 428 2236 449 con-

1251 472 1393 512 cedere,
1420 478 1581 515 utsupra
1602 471 1735 503 dictum
1759 477 1827 504 est:
1863 471 1933 503 Sua
1957 469 2084 514 cuique
2108 468 2236 501 domus

1252 530 1410 567 receptus
1427 523 1471 556 sit
1488 534 1562 555 non
1579 522 1776 555 violandus.
1829 521 1930 566 Quae
1948 521 2053 553 verba
2075 531 2116 552 ex
2131 518 2238 562 septi-

1254 588 1310 606 mo
1337 575 1427 607 libro
1445 571 1692 618 Xenophontis
1715 573 1752 605 in
1773 572 1905 606 Paedia
1924 570 2062 617 Cyri33)
2088 582 2107 603 a
2134 570 2237 605 iuris-

1253 626 1420 659 consultis
1435 625 1481 671 31)
1513 631 1653 669 sumpta
1678 630 1773 657 sunt:
1810 623 1934 669 Reque
1955 623 2110 657 sanctior
2140 621 2238 657 locus

1253 675 1458 710 hominibus
1475 683 1544 716 est,
1571 688 1686 721 neque
1702 675 1855 719 gratior,
1882 686 1997 720 neque
2018 673 2131 717 magis
2155 687 2239 719 pro-

1770 726 1886 759 Verba
1904 724 1989 759 haec
2012 730 2110 759 sunt:
2141 722 2239 761 Οὐδὲ

1254 777 1451 825 ὁσιώτερον
1480 778 1621 824 χωρίον
1657 779 1696 814 ἐν
1728 774 1963 825 ἀνθρώποις,
2004 772 2091 812 οὐδὲ
2118 775 2240 822 ἥδιον,

1255 829 1340 866 οὐδὲ
1359 828 1577 878 οἰκειότερόν
1597 830 1695 864 ἐστιν
1712 827 1822 865 οὐδὲν
1839 829 1942 864 οἴκου
1958 825 2058 864 ἰδίου
2067 827 2126 874 ³⁵).

1256 729 1332 772 pius
1360 742 1421 762 sua
1446 729 1572 774 cuique
1597 729 1717 761 domo.

1256 918 1311 952 An
1338 915 1542 951 conductor
1569 918 1757 961 integram
1778 914 1985 948 mercedem
2006 912 2153 956 debeat,
2180 924 2241 949 re-

1370 969 1541 1013 l1'nquens
1566 978 1641 1001 rem
1669 968 1834 1000 locatam
1861 971 1950 1000 anie
1979 970 2126 1011 tempus

1620 1020 1872 1052 constitutum.

1357 1086 1648 1120 Familiarissime
1677 1091 1762 1118 nota
1793 1085 1838 1119 sit
1866 1085 2008 1129 regula,
2050 1082 2243 1129 aequalita-

1258 1145 1326 1171 tem
1345 1152 1417 1172 esse
1435 1140 1570 1171 sontem
1596 1137 1759 1170 iustitiae.
1812 1137 1904 1181 Quia
1930 1136 2157 1169 manifestum
2181 1140 2244 1175 est,

1258 1189 1396 1234 aequali
1415 1188 1703 1232 compensatione
1719 1200 1791 1222 serx
1801 1188 1854 1220 ari
1870 1186 2045 1221 homines.
2097 1186 2189 1221 Nam
2215 1186 2245 1220 si

1258 1253 1428 1284 unapars
1445 1238 1711 1279 exhauriretur,
1738 1239 1855 1283 perire
1881 1252 1957 1273 eam
1982 1250 2120 1272 necesse
2144 1243 2244 1272 esset.

1257 1291 1303 1324 Et
1329 1292 1425 1325 Deus
1454 1289 1544 1323 lianc
1573 1291 1824 1336 aequalitatem
1861 1290 2033 1331 instituit,
2078 1290 2244 1336 inquiens

1260 1341 1404 1389 (Mauh.
1435 1342 1500 1383 19,
1530 1341 1629 1388 19.);
1682 1341 1814 1385 Diliges
1850 1341 2052 1385 proximum
2088 1341 2178 1376 sicut
2211 1346 2245 1373 te

1260 1395 1395 1439 ipsum,
1431 1400 1470 1427 ut
1496 1406 1727 1438 agnoscamus
1752 1399 1786 1425 et
1812 1392 1925 1437 ipsum
1951 1392 2135 1438 aequalem
2161 1403 2247 1432 esse,

1260 1459 1332 1479 non
1351 1453 1563 1491 tyrannum,
1590 1451 1624 1478 et
1647 1445 1735 1477 x‘elle
1760 1442 1922 1478 homines
1948 1451 1982 1477 et
2004 1444 2148 1488 angelos
2172 1454 2247 1476 non

1260 1512 1331 1531 esse
1356 1504 1547 1542 tyrannos,
1583 1496 1616 1529 id
1642 1503 1712 1536 est,
1747 1508 1820 1528 non
1838 1497 1988 1541 superbe
2011 1496 2099 1529 alios
2126 1494 2247 1540 oppri-

1261 1562 1375 1589 mere,
1403 1549 1474 1581 imo
1494 1548 1607 1592 angeli
1626 1548 1703 1580 Deo
1730 1548 1923 1592 placentes,
1960 1558 2166 1594 quanquam
2189 1558 2249 1579 eo-

1262 1614 1339 1634 rum
1359 1607 1485 1633 natura
1512 1599 1750 1644 praestantior
1776 1605 1826 1632 est
1853 1612 1958 1644 quam
1984 1597 2164 1638 humana,
2196 1604 2249 1630 ta-

1262 1665 1343 1685 men
1361 1652 1450 1684 insra
1469 1650 1632 1684 homiues
1649 1664 1721 1685 sese
1739 1650 1929 1690 abiiciunt,
1957 1650 2040 1696 quia
2057 1649 2160 1683 nobis
2176 1660 2248 1683 ser-

1264 1705 1382 1744 xiunt,
1409 1709 1529 1736 nostra
1549 1715 1719 1747 corpora,
1748 1708 1855 1741 tecta,
1884 1702 2050 1741 lectulos,
2075 1702 2172 1735 socos
2191 1713 2248 1734 cu-

1262 1756 1421 1790 stodiunt
1447 1761 1510 1788 etc.
1572 1755 1684 1798 Magis
1711 1753 1817 1787 etiam
1840 1753 1968 1785 abiecit
1990 1766 2025 1786 se
2046 1753 2157 1787 Filius
2181 1751 2249 1786 Dei

1264 1807 1506 1852 omnipotens,
1557 1806 1617 1851 qui
1648 1818 1713 1850 pro
1746 1805 1849 1838 nobis
1879 1811 2031 1837 mortem
2071 1803 2250 1838 sustinuin

1264 1860 1357 1891 Haec
1386 1864 1586 1901 congruunt
1609 1871 1687 1890 cum
1716 1857 1808 1889 dicto
1833 1856 1980 1901 (Psalm.
2004 1856 2094 1896 113,
2116 1852 2151 1889 5.
2179 1854 2249 1901 6.);

1264 1911 1359 1943 Deus
1383 1910 1442 1955 qui
1464 1911 1500 1941 in
1523 1909 1602 1942 altis
1626 1907 1781 1947 habitat,
1816 1914 1849 1940 ct
1873 1905 2023 1940 humilia
2046 1907 2189 1952 respicit
2213 1907 2251 1940 in

1265 1963 1362 1995 coelo
1381 1968 1414 1994 et
1432 1962 1468 1993 in
1487 1967 1593 1994 terra.

1368 2013 1456 2046 Cum
1475 2012 1582 2057 igitur
1603 2009 1798 2057 aequalitas
1823 2009 1860 2043 in
1883 2010 2122 2044 contractibus
2144 2022 2252 2056 quae-

1266 2065 1375 2098 renda
1391 2065 1453 2105 sit,
1480 2062 1536 2098 hic
1553 2063 1659 2096 etiam
1678 2062 1921 2095 consideretur
1939 2061 2134 2107 aequalitas
2159 2062 2252 2095 inter

1266 2118 1464 2150 mercedem
1488 2122 1522 2149 et
1545 2116 1698 2148 fructum
1726 2113 1966 2147 conducentis.
2020 2113 2142 2159 Sitque
2166 2111 2252 2146 haec

1268 2169 1381 2214 prima
1408 2167 1612 2213 responsio:
1649 2166 1738 2200 Cum
1762 2166 1962 2199 conducens
1983 2164 2154 2210 relinquit
2174 2176 2251 2198 rem

1267 2222 1420 2254 locatam
1441 2220 1515 2254 sine
1533 2231 1636 2253 causa
1660 2217 1877 2258 necessaria,
1904 2216 2104 2262 pertinente
2131 2216 2175 2248 ad
2200 2216 2252 2250 lo-

1268 2279 1446 2312 catorem,
1486 2278 1547 2305 aut
1569 2283 1664 2310 rem,
1705 2270 1808 2303 debet
1836 2269 2009 2312 integram
2041 2268 2253 2309 mercedem,

1269 2325 1351 2370 quia
1367 2323 1492 2358 similis
1510 2329 1560 2356 est
1576 2321 1819 2361 desraudanti,
1845 2319 1906 2366 qui
1922 2319 2066 2364 praebet
2082 2319 2253 2353 damnum

1268 2376 1437 2416 locatori,
1473 2376 1527 2408 cui
1550 2376 1677 2407 domus
1699 2379 1761 2406 aut
1780 2373 1908 2405 fundus
1931 2371 1970 2404 fit
1991 2370 2125 2404 inutilis
2150 2372 2252 2416 culpa

1269 2427 1515 2467 conducentis,
1543 2427 1616 2469 lege
1635 2425 1804 2465 Colonus,
1821 2423 2048 2467 Digestorum
2074 2422 2180 2456 locati
2193 2422 2253 2469 3⁰).

1301 2546 1348 2573 33)
1368 2544 1492 2574 Xenoph.
1513 2540 1668 2572 Cyropaed.
1688 2539 1747 2563 5⁷11.
1767 2544 1789 2562 c.
1805 2538 1830 2561 5.
1851 2536 1876 2567 S.
1895 2537 1934 2560 19.

1301 2590 1350 2617 34)
1370 2588 1449 2612 Couf.
1469 2592 1553 2617 supra
1572 2593 1596 2615 p.
1611 2585 1670 2609 202.
1690 2586 1754 2607 nota
1774 2582 1813 2607 19.

1300 2632 1347 2662 35)
1369 2627 1435 2654 Οὐδὲ
1451 2643 1483 2647 -
1502 2626 1597 2655 ῐι)ἰόι·,]
1617 2627 1656 2649 sic
1671 2625 1752 2649 Editt.
1768 2622 1870 2648 Eunt-,2
1895 2620 2085 2651 Xenophontis
2105 2621 2188 2646 verba
2203 2627 2253 2653 ge-

1337 2666 1419 2689 nuina
1439 2670 1523 2693 supra
1543 2667 1568 2692 μ’.
1583 2662 1641 2685 262.
1660 2662 1724 2684 nota
1745 2660 1782 2681 1⁸.
1803 2657 2008 2687 exscripsimus

1299 2708 1346 2737 36]
1368 2709 1473 2734 Dim-st.
1493 2706 1569 2730 xlx.
1589 2705 1628 2728 tit.
1643 2704 1668 2727 2.
1689 2701 1782 2726 boi-ati
1802 2700 1942 2731 conducti,
1969 2700 2013 2724 lex
2025 2699 2068 2725 61.
2088 2697 2183 2731 (Corp.
2201 2698 2252 2723 iur,

1336 2744 1386 2768 civ.
1410 2743 1450 2766 eti.
1467 2742 1538 2766 neck
1558 2741 1586 2765 T.
1602 2739 1620 2763 1.
1641 2739 1670 2763 Ρ.
1689 2738 1708 2762 1.
1727 2744 1751 2767 p.
1767 2736 1852 2762 7630.
