2347 3000
215 101 308 136 1271

318 185 404 229 Cap.

221 242 398 282 quaestor.

323 285 353 330 ξ.
376 287 409 320 8.
438 284 608 334 Edt'clum]
637 287 769 321 scilicet
786 289 827 321 de
846 287 1049 332 provInciis.
1120 289 1203 321 Ede·-

219 335 321 385 clum]
359 338 450 383 Quia
478 338 609 370 Brutus
634 344 667 371 et
693 338 832 372 Cassius
857 340 1000 372 suerunt
1024 344 1204 382 praetores

218 388 368 429 urbani,
397 395 430 421 et
455 390 598 421 suerunt
622 395 759 422 tmtum
787 390 898 422 edicta
925 389 1043 422 iudici:
1048 389 1118 422 ι1ἰι.ι

323 439 408 483 Cap.
426 438 483 472 IV.
512 437 542 482 ἓ.
560 438 594 473 9.
629 443 738 486 Atque
755 453 811 485 eyo
827 438 997 488 edm-iter]
1027 440 1204 472 timenus

221 490 406 534 descripsit
433 490 654 523 occisionem
679 492 751 524 sixe
778 504 919 525 ειειιι5ιιιι
937 492 1082 530 leditus,
1111 502 1204 524 nunc

221 542 263 573 de
289 541 416 576 ιυιὶἰίιι.
525 539 617 587 Vidi]
649 541 779 576 Plenus
814 549 863 576 est
895 543 1027 576 doloris
1061 543 1096 574 in
1130 542 1203 586 ipsi

219 592 403 625 brevitate.
482 590 592 638 Facti]
619 593 749 626 scilicet
768 594 1020 627 intersectionis
1035 593 1206 626 Caesaris.

220 641 271 675 Ita
298 643 489 685 cogebatur
513 643 650 686 publice
684 645 798 677 dicere
822 645 944 677 Cicero
981 651 1015 677 et
1040 644 1207 689 probare,

224 695 319 739 quod
348 695 476 726 lituum]
507 700 568 727 ist.

327 745 433 784 §.10
462 741 614 791 Pisonis]
642 745 773 778 s(1licet
789 747 831 778 d(
849 746 1068 791 diponendis
1088 745 1207 779 armis.

225 760 358 841 Oratio]
393 795 524 828 scilicet
553 797 595 828 de
629 796 822 830 retinendis
856 798 892 830 in
925 799 1012 831 urbe
1037 798 1150 830 Bruto
1175 803 1208 830 et

225 845 357 878 Cassio.
412 845 450 878 L.
476 846 558 879 Piso
578 845 623 891 16)
653 847 720 880 suit
753 855 857 881 2¹1ut01
890 849 1004 893 pacis,
1043 855 1077 881 et
1109 860 1208 882 socel

225 895 396 929 Caesaris.
498 897 666 940 Perficere
680 896 744 946 17)]
771 899 901 933 scilicet
927 912 1094 933 revocare
1118 899 1209 932 Bru-

223 953 298 980 tum
324 954 358 979 et
382 946 554 981 Cassium.

327 996 357 1041 {-
388 999 445 1032 11.
474 1000 638 1040 Quoniam
662 998 850 1048 utriusque]
879 1000 968 1034 Cum
987 1002 1102 1034 oratio
1121 999 1209 1034 haec

226 1049 271 1083 sit
295 1049 434 1088 senilis,
464 1055 498 1081 et
523 1048 651 1083 habeat
673 1063 754 1085 suos
778 1064 917 1091 sensus,
953 1065 1106 1097 suosque
1133 1065 1209 1085 ιιιο-

226 1105 300 1138 tus,
351 1100 428 1133 finis
460 1100 533 1134 eius
576 1101 642 1133 erit
684 1100 880 1146 patheticus
922 1109 956 1135 et
997 1102 1207 1136 rhetoricus.

226 1150 359 1183 Omnia
389 1157 505 1184 autem
542 1152 747 1185 brevissime
787 1154 973 1194 dicuntur,
1014 1161 1047 1187 et
1088 1161 1209 1187 tamen

226 1201 450 1240 suavissime,
477 1214 550 1235 non
573 1209 655 1236 sunt
672 1205 864 1248 pendentes
879 1206 1086 1239 sententiae.
1138 1205 1209 1238 Ah-

226 1252 342 1286 soluto
372 1253 449 1286 loco
483 1253 537 1286 sui
568 1253 738 1288 discessus
769 1262 801 1289 et
831 1256 985 1296 reditus,
1026 1270 1121 1290 nunc
1153 1269 1210 1290 ex-

226 1304 383 1347 postulat
408 1317 487 1337 cum
511 1304 691 1346 Antonio,
724 1308 820 1352 quod
850 1319 924 1340 non
957 1309 1129 1353 receperit
1153 1321 1210 1342 ex-

227 1354 467 1394 cusationem,
517 1369 587 1401 quo
628 1357 746 1391 minus
784 1359 922 1392 venerit
960 1359 995 1391 in
1035 1366 1209 1394 senatum.

225 1405 402 1439 Antonius
426 1406 568 1451 quidem
590 1407 627 1440 in
651 1409 815 1444 omnibus
837 1409 987 1451 negotiis
1010 1411 1209 1445 civilissime

227 1456 331 1499 gessit
347 1469 382 1490 se
407 1458 655 1502 obtemperans
673 1461 823 1495 senatui.
878 1461 964 1494 Cum
985 1469 1102 1495 autem
1122 1463 1208 1495 vidit

221 1507 420 1551 desiderari
453 1509 658 1551 Caesarem,
693 1517 726 1544 et
755 1512 869 1557 ct‘iepit
901 1513 1095 1557 respirare,
1131 1514 1206 1546 tulit

227 1558 410 1592 seditiosas
427 1560 518 1602 leges
538 1562 580 1593 ad
598 1561 736 1596 animos
755 1564 848 1607 vulgi
867 1563 932 1597 sibi
958 1565 1208 1599 conciliandos.

226 1607 266 1641 In
290 1616 414 1642 senatu
437 1617 552 1643 actum
581 1619 631 1645 est
653 1613 807 1656 primum
833 1617 875 1647 de
892 1616 1209 1658 supplicationibus

228 1661 458 1694 decernendis
490 1662 642 1696 Caesari.
695 1663 833 1697 Deinde
868 1679 1009 1710 quoque
1042 1668 1084 1699 de
1114 1679 1208 1700 nova

228 1711 368 1744 decuria
395 1712 563 1746 iudicum.
618 1713 740 1747 Cicero
765 1729 839 1749 non
863 1717 960 1750 venit
983 1717 1017 1749 in
1035 1724 1209 1759 senatum,

227 1759 295 1795 hoe
325 1763 416 1795 male
447 1761 573 1797 habuit
597 1763 807 1800 Antonium.
912 1766 1093 1816 Quoniam]
1122 1769 1210 1802 Pro-

225 1813 367 1858 positio.

333 1864 418 1908 Cap.
439 1864 481 1898 V.
509 1863 537 1909 ἓ.
558 1867 615 1900 11.
644 1868 733 1909 Quid
751 1870 903 1914 iumlem]
930 1869 1091 1903 Primum
1107 1882 1210 1915 argu-

228 1922 386 1949 mentum
414 1916 674 1959 insectationis,
713 1932 784 1965 quo
808 1920 955 1953 Antonii
980 1922 1208 1955 autoritatem

226 1968 350 2006 elevat,
374 1967 523 2011 petitum
544 1975 627 2002 esta
644 1981 746 2003 causa
769 1983 910 2012 morae,
939 1985 1047 2017 quare
1072 1973 1211 2006 licuerit

227 2018 259 2051 ei
280 2018 419 2057 abesse,
449 2019 549 2064 quasi
573 2020 683 2054 dicat:
710 2021 794 2055 Non
817 2022 882 2055 fuit
907 2029 1004 2056 ῒῖῑιιιῐι
1029 2035 1145 2064 causa,
1171 2031 1210 2058 ut

229 2081 284 2102 me
316 2071 515 2113 oportuerit
548 2072 678 2106 adesse.
781 2075 837 2106 Λη
868 2076 948 2120 note]
995 2074 1208 2109 Extenuatio

228 2132 269 2153 ex
285 2118 462 2160 antithesi,
481 2122 581 2167 quasi
596 2135 680 2156 xero
699 2124 805 2158 fuerit
818 2137 851 2156 ιιι
857 2137 985 2169 ignum
1000 2126 1209 2169 periculum.

227 2173 268 2204 1³1
255 2173 373 2216 yrrlei]
406 2170 565 2216 Pyrrhus
590 2186 669 2207 cum
687 2175 798 2210 xictus
815 2182 921 2217 esset,
948 2177 1061 2210 wluit
1086 2190 1209 2222 pacem

228 2224 342 2255 facere
381 2235 460 2256 cum
498 2225 632 2269 populo
664 2225 850 2265 Romano,
893 2228 1030 2272 Appius
1047 2228 1090 2275 18)
1125 2242 1209 2263 vero

229 2273 393 2307 dissuasit
425 2272 516 2307 hanc
554 2288 688 2320 pacem.
764 2279 920 2325 Antiqua
963 2278 1108 2313 historia
1149 2288 1210 2316 est.

229 2326 372 2365 Senem,
398 2326 558 2371 delatum]
585 2328 715 2362 scilicet
738 2329 859 2363 lectica
883 2331 918 2363 ιἰι
942 2338 1116 2365 senatum.

332 2375 362 2420 ἓ.
382 2377 439 2411 12.
466 2380 519 2410 De
535 2380 847 2426 supplicationibus]
874 2382 1003 2415 scilicet
1020 2384 1211 2416 decernen-

229 2426 282 2460 dis
298 2433 441 2461 mortuo
460 2427 613 2464 Caesari.
716 2434 794 2480 ZYon
815 2434 1028 2479 piynoribus]
1056 2435 1210 2479 Quando

782 99 910 146 run..

437 184 492 219 ΙΙΙ.
539 184 569 230 ἓ.
595 186 629 220 7.
671 183 880 233 Syracusas]
932 185 1025 231 Quia
1061 185 1108 218 ihi
1136 185 1201 218 suit

266 2549 312 2575 16]
332 2548 361 2571 Ι.
382 2547 545 2577 Calpurnius
565 2548 630 2574 Piso
653 2550 841 2578 Caesoninus.
866 2553 898 2576 de
917 2559 969 2583 quo
989 2553 1050 2577 vide
1069 2554 1166 2578 Orelli?
1186 2556 1212 2578 et

296 2581 397 2605 Baiteri
418 2583 559 2608 onomast.
578 2585 693 2609 Tullian.
712 2585 741 2609 P.
759 2586 791 2609 Π.
811 2593 835 2616 p.
859 2588 907 2611 123
925 2595 966 2618 sq.

266 2633 310 2660 17)
332 2631 484 2663 Perficere]
502 2634 542 2657 sic
561 2635 610 2658 Ed.
631 2636 725 2667 1568&
744 2637 793 2660 Ed.
815 2637 900 2662 Orell.
917 2638 1094 2670 proficerem.

266 2683 309 2710 ιδ)
329 2683 396 2711 App.
415 2681 544 2707 Claudius
565 2685 670 2710 Caecus
687 2687 742 2711 vid.
762 2693 846 2718 supra
865 2695 890 2718 p.
911 2689 984 2713 1116.

945 99 1058 135 MEL.
1092 99 1294 135 SCRIPTA
1329 98 1663 134 PHILOLOGICA.

1231 1632 1239 2718 m
1232 909 1238 1621 -—..-.—.-————————-—-—

2142 103 2239 138 1272

1256 185 1416 218 consules
1441 185 1631 219 voluerunt
1665 198 1792 220 vocare
1823 194 2022 220 senatorem
2047 189 2243 222 detrectan-

1257 242 1347 276 tem,
1375 243 1586 280 aeceperunt
1610 237 1756 281 pignus,
1785 236 1899 271 haben
1927 237 2034 271 ilmen
2055 240 2169 273 lassen
2187 240 2244 272 ein

1256 287 1363 330 psand
1381 288 1503 330 geben.
1564 289 1700 332 Gratia]
1730 289 1762 321 id
1781 296 1842 329 est,
1870 290 2028 323 xolentes
2044 291 2191 324 veniunt
2207 290 2244 323 in

1258 337 1408 379 gratiam
1437 340 1736 384 e01·nm,'‹piiims
1763 341 2045 374 decernebantur
2069 341 2243 386 supplica-

1258 389 1383 422 tiones.
1444 387 1511 422 Ista
1545 402 1600 423 res
1633 391 1699 425 suit
1730 389 1936 425 lionorilica.
2043 393 2242 437 Triumpho]

1258 439 1389 473 scilicet
1412 440 1507 473 ultro
1531 441 1690 475 veniunt.
1792 444 1896 487 Misi]
1919 443 2049 476 scilicet
2072 443 2244 482 Antonio,

1259 491 1358 535 quasi
1383 491 1492 524 dicat:
1520 491 1692 526 Excusavi
1716 505 1784 526 me.
1888 494 2124 539 Aeclificulum]
2153 494 2244 528 scili-

1259 548 1312 574 cet
1345 542 1536 576 Ciceronis.
1654 546 1736 584 Quis
1767 545 1892 588 aedem]
1935 544 1988 578 De
2022 544 2098 589 ipso
2132 557 2244 579 more.

1260 593 1517 635 Argumentum
1544 606 1561 626 a
1586 595 1767 627 couununi
1793 596 2063 628 consuetudine:
2092 596 2173 630 Non
2194 602 2245 629 est

1260 657 1336 678 mos
1354 651 1553 677 senatorem
1572 645 1641 677 alio
1662 647 1767 677 modo
1787 658 1930 688 rogere,
1959 658 2065 692 quam
2083 647 2245 691 pignore,

1261 701 1322 728 aut
1346 695 1471 735 gratia.
1564 694 1724 740 Got‘yiQ]
1753 697 1787 729 id
1813 703 1882 737 est,
1910 698 2061 732 vocavit.
2147 699 2245 732 Mn!-

1259 743 1377 793 1u1n?]
1423 746 1553 779 scilieet
1584 748 1834 790 pecuniarum,
1870 760 1943 781 non
1975 754 2162 793 propterea
2192 749 2245 782 vis

1261 797 1292 829 ei
1318 798 1474 831 affertur.
1575 799 1786 843 In'emisisxel]
1823 798 2062 844 Reprehensio
2086 806 2243 833 senatus-

1262 848 1423 882 consulti.
1476 847 1618 891 Colligit
1646 856 1762 882 aulem
1788 849 1888 890 inde,
1925 852 2021 896 quod
2052 850 2097 884 sit
2120 857 2243 884 contra

1261 899 1481 941 religionem.
1535 899 1737 933 Parentalia
1755 900 1954 943 signIficant
1970 901 2126 942 inferias,
2155 913 2245 946 quae

1262 948 1438 983 hahentur
1462 951 1630 989 mortuis,
1663 951 1883 987 Todtensest.
1935 952 1998 986 Illa
2024 959 2106 986 sunt
2130 952 2246 985 irreli-

1263 1002 1381 1043 giosa,
1411 1002 1516 1035 simul
1535 1002 1687 1046 aliquem
1707 1004 1844 1036 afficere
1868 1005 1932 1037 isto
1958 1002 2094 1037 honore
2116 1014 2243 1048 paren-

1263 1052 1406 1091 talium,
1443 1058 1476 1085 et
1501 1054 1688 1085 decernere
1711 1054 1997 1097 supplicationes.

1365 1102 1450 1147 Cap.
1465 1102 1523 1137 Vl.
1553 1102 1659 1146 3113.
1685 1105 1900 1150 Ρανεηίιιῖῖα]
1928 1105 1964 1138 id
1981 1111 2042 1145 est,
2069 1105 2244 1140 funebria.

1261 1155 1506 1199 lizexpiccbiles]
1524 1155 1558 1186 id
1576 1161 1638 1194 est,
1655 1156 1823 1196 nefariae,
1846 1169 1935 1202 quae
1955 1157 2098 1189 irritant
2115 1154 2245 1196 Deum,

1264 1211 1409 1248 propter
1426 1218 1512 1250 quas
1529 1205 1636 1238 sumit
1646 1205 1741 1239 Deus
1755 1208 1964 1251 supplicium
1977 1209 2019 1241 de
2030 1213 2104 1240 toto
2117 1219 2244 1251 genere

1263 1253 1432 1290 humano.
1533 1259 1721 1301 Reliye'onis
1737 1257 1799 1303 19)]
1834 1257 2029 1292 Insectatur
2053 1259 2244 1292 decretum.

1262 1308 1362 1340 Nihil
1376 1309 1464 1352 dico]
1478 1306 1708 1352 παρένθέσις,
1728 1309 1827 1353 quasi
1846 1311 1955 1343 dicat:
1983 1317 2110 1344 utnon
2127 1309 2241 1342 dicam

1264 1358 1405 1390 interim
1424 1360 1610 1392 Caesarem
1627 1359 1702 1392 iure
1718 1359 1940 1395 intersectum
1960 1374 2045 1401 esse,
2072 1367 2243 1406 tanquam

1264 1415 1475 1453 tyrannum,
1501 1416 1534 1442 et
1557 1410 1750 1451 nefarium,
1779 1417 1916 1446 tantum
1943 1414 2060 1452 abest,
2092 1418 2132 1445 ut
2155 1412 2244 1445 divi-

1263 1472 1327 1493 nos
1352 1459 1506 1494 honores
1539 1468 1729 1496 mereatur.
1788 1463 1990 1508 Metalepsis
2020 1476 2084 1508 per
2119 1475 2245 1497 conse-

1264 1524 1392 1556 quens,
1420 1513 1516 1545 aliud
1539 1512 1718 1558 loquitur,
1743 1520 1777 1546 et
1799 1515 1895 1548 aliud
1917 1516 1991 1549 vult
2015 1513 2180 1559 intelligi,
2208 1526 2246 1547 er

1263 1563 1306 1596 ist
1330 1563 1411 1595 iihel
1433 1565 1571 1608 geriist‚
1606 1561 1674 1597 hoc
1703 1571 1772 1604 est,
1806 1578 1844 1598 er
1875 1564 1937 1600 hat
1968 1566 2088 1609 wenig
2115 1567 2244 1609 geriist.

1261 1615 1428 1658 Stirpem]
1458 1614 1588 1648 scilicet
1618 1615 1667 1649 M.
1693 1615 1837 1651 Brutus.
1939 1617 2127 1662 Reliyiorve]
2165 1616 2243 1650 Pri-

1262 1727 1367 1749 nores
1392 1717 1676 1750 decernerentur.

1263 1779 1327 1810 pus
1351 1766 1423 1800 eius
1453 1768 1520 1801 suit
1549 1775 1756 1801 crematum.

1262 1823 1302 1850 ut
1331 1824 1492 1851 cantetur
1524 1818 1556 1850 ei
1586 1819 1766 1864 requiem,

1263 1868 1405 1912 vigilien
1422 1867 1553 1902 lialten.
1658 1872 1726 1913 Eyo
1744 1873 1834 1916 vero]
1860 1872 1960 1916 quasi
1977 1872 2087 1905 dicat:
2115 1870 2241 1904 Timeo

1262 1920 1440 1959 futurum,
1475 1927 1514 1953 ut
1535 1920 1630 1954 Deus
1653 1921 1778 1965 puniat
1810 1923 1893 1956 istas
1922 1936 2033 1957 novas
2055 1922 2242 1966 religiones

1263 1971 1360 2004 clade
1385 1971 1502 2016 aliqua
1529 1972 1686 2015 publica:
1716 1985 1800 2017 ergo
1826 1986 1890 2017 ego
1916 1974 2078 2008 dixissem
2104 1980 2243 2007 contra-

1262 2022 1351 2054 riam
1376 2022 1598 2063 sententiam,
1626 2030 1664 2056 ut
1688 2025 1879 2068 potuissem
1906 2038 1962 2059 me
1984 2038 2159 2065 excusare,
2187 2038 2243 2058 me

1263 2085 1335 2106 non
1361 2086 1433 2107 esse
1455 2081 1615 2108 autorem
1651 2075 1802 2108 cladium
1836 2077 2070 2120 publicarum.
2172 2078 2242 2110 lm-

1259 2127 1408 2168 pemlani
1423 2125 1486 2172 20)]
1514 2125 1721 2170 Impende‘re
1738 2139 1804 2171 pro
1821 2127 2022 2172 impendere
2041 2128 2241 2173 promiscue

1262 2183 1455 2220 usurpatur
1479 2189 1583 2221 saepe
1608 2190 1626 2210 a
1653 2178 1835 2212 Cicerone.
1887 2179 2008 2214 Noluit
2027 2186 2145 2212 tamen
2164 2191 2241 2212 cor-

1262 2227 1376 2271 rigere
1405 2227 1449 2261 D.
1478 2227 1569 2262 Phil.
1587 2228 1634 2274 ²¹)
1663 2229 1870 2273 impendant
1905 2244 1969 2276 pro
2002 2232 2240 2275 impendeant.
2264 2228 2273 2233 -

1262 2276 1456 2325 Iynoscuni]
1484 2280 1517 2312 id
1543 2286 1611 2319 (st,
1640 2281 1797 2315 decretus
1816 2281 1869 2315 ist
1872 2295 1898 2316 ns
1915 2296 1996 2315 nov
1992 2296 2025 2316 is
2041 2283 2127 2326 relig
2117 2283 2240 2316 iones.

1367 2328 1397 2373 ἓ.
1422 2330 1480 2364 14.
1516 2328 1629 2372 Quid?
1652 2334 1691 2365 de
1713 2330 1869 2380 reliquis]
1904 2331 2044 2378 πάθος,
2078 2345 2150 2379 quo
2182 2345 2239 2367 res

1263 2379 1428 2415 nonnihil
1445 2389 1644 2426 augeretur.
1713 2385 1807 2418 Mihi
1823 2381 1913 2432 vero]
1930 2382 2036 2430 πάθη
2050 2383 2241 2431 sumptam)

1263 2445 1303 2466 ex
1328 2432 1414 2467 locis
1446 2433 1712 2475 communibus,
1745 2447 1786 2468 ex
1815 2436 1929 2468 officio
1960 2436 2062 2470 sortis
2093 2442 2128 2470 et
2158 2447 2241 2470 con-

1779 1720 2015 1763 Sepulchrum]
2050 1718 2140 1764 Quia
2167 1730 2243 1751 cor-

1861 1771 2082 1814 Purenietur]
2115 1769 2148 1801 id
2181 1775 2244 1809 est,

1806 1821 1850 1853 da
1878 1833 1962 1853 man
1997 1819 2071 1853 ihm
2103 1817 2242 1853 miichte

1299 2561 1344 2588 19]
1364 2561 1543 2593 Reliqiom‘s]
1563 2560 1603 2584 sic
1621 2561 1670 2585 Ed.
1691 2561 1783 2592 1568.;
1800 2561 1849 2585 Ed.
1869 2562 1955 2587 orell.
1973 2563 2139 2594 reliyiones.

1294 2604 1342 2632 20)
1362 2604 1548 2635 Impendant]
1567 2603 1607 2628 sic
1625 2604 1672 2628 Ed.
1694 2604 1785 2635 1568.;
1803 2604 1851 2628 Ed.
1872 2605 1956 2630 orell.
1975 2606 2164 2637 impendeant.

1294 2648 1344 2675 21)
1363 2646 1430 2670 Phil.
1448 2647 1612 2670 Melanthon.

1293 2689 1342 2718 22)
1361 2691 1484 2720 sumpta]
1502 2690 1550 2714 Ed.
1571 2689 1645 2714 1568.
1666 2695 1762 2714 errore
1779 2690 1905 2722 typogr.:
1925 2690 2034 2721 sumpti.
