<?xml version="1.0" encoding="UTF-8"?>
<!DOCTYPE html PUBLIC "-//W3C//DTD XHTML 1.0 Transitional//EN"
    "http://www.w3.org/TR/xhtml1/DTD/xhtml1-transitional.dtd">
<html xmlns="http://www.w3.org/1999/xhtml" xml:lang="en" lang="en">
 <head>
  <title>
</title>
<meta http-equiv="Content-Type" content="text/html;charset=utf-8" />
  <meta name='ocr-system' content='tesseract 3.04.00' />
  <meta name='ocr-capabilities' content='ocr_page ocr_carea ocr_par ocr_line ocrx_word'/>
</head>
<body>
  <div class='ocr_page' id='page_1' title='image "./operaquaesupersu16melauoft/operaquaesupersu16melauoft_0037.png"; bbox 0 0 2347 3000; ppageno 0'>
   <div class='ocr_carea' id='block_1_1' title="bbox 64 120 638 160">
    <p class='ocr_par' dir='ltr' id='par_1_1' title="bbox 64 120 638 160">
     <span class='ocr_line' id='line_1_1' title="bbox 64 120 638 160; baseline -0.007 -1"><span class='ocrx_word' id='word_1_1' title='bbox 64 123 112 160; x_wconf 80' lang='lat'>45</span> <span class='ocrx_word' id='word_1_2' title='bbox 612 120 638 155; x_wconf 89' lang='lat'>1.</span> 
     </span>
    </p>
   </div>
   <div class='ocr_carea' id='block_1_2' title="bbox 61 206 1043 499">
    <p class='ocr_par' dir='ltr' id='par_1_2' title="bbox 61 206 1043 499">
     <span class='ocr_line' id='line_1_2' title="bbox 62 206 1042 256; baseline -0.003 -13"><span class='ocrx_word' id='word_1_3' title='bbox 62 209 322 256; x_wconf 74' lang='lat' dir='ltr'>propositiones</span> <span class='ocrx_word' id='word_1_4' title='bbox 331 206 368 254; x_wconf 38' lang='grc' dir='ltr'>ἔξ)</span> <span class='ocrx_word' id='word_1_5' title='bbox 385 208 426 240; x_wconf 89' lang='lat' dir='ltr'>de</span> <span class='ocrx_word' id='word_1_6' title='bbox 442 207 562 240; x_wconf 88' lang='lat' dir='ltr'>futuro</span> <span class='ocrx_word' id='word_1_7' title='bbox 579 206 795 250; x_wconf 79' lang='lat' dir='ltr'>contingenti</span> <span class='ocrx_word' id='word_1_8' title='bbox 810 219 883 239; x_wconf 92' lang='grc'>11011</span> <span class='ocrx_word' id='word_1_9' title='bbox 899 207 969 240; x_wconf 85' lang='grc'>51111</span> <span class='ocrx_word' id='word_1_10' title='bbox 984 208 1042 240; x_wconf 87' lang='grc'>(10-</span> 
     </span>
     <span class='ocr_line' id='line_1_3' title="bbox 62 255 1042 298; baseline -0.004 -4"><span class='ocrx_word' id='word_1_11' title='bbox 62 261 247 295; x_wconf 87' lang='lat' dir='ltr'>terminate</span> <span class='ocrx_word' id='word_1_12' title='bbox 265 271 366 293; x_wconf 87' lang='lat' dir='ltr'>verae</span> <span class='ocrx_word' id='word_1_13' title='bbox 383 265 442 292; x_wconf 88' lang='lat' dir='ltr'>aut</span> <span class='ocrx_word' id='word_1_14' title='bbox 458 259 583 298; x_wconf 85' lang='lat' dir='ltr'>falsae,</span> <span class='ocrx_word' id='word_1_15' title='bbox 610 270 735 291; x_wconf 86' lang='lat' dir='ltr'>verum</span> <span class='ocrx_word' id='word_1_16' title='bbox 751 258 956 291; x_wconf 84' lang='lat' dir='ltr'>Aristoteles</span> <span class='ocrx_word' id='word_1_17' title='bbox 975 255 1042 290; x_wconf 88' lang='lat' dir='ltr'>hoc</span> 
     </span>
     <span class='ocr_line' id='line_1_4' title="bbox 62 309 1043 356; baseline -0.005 -11"><span class='ocrx_word' id='word_1_18' title='bbox 62 313 237 351; x_wconf 83' lang='lat' dir='ltr'>declarat,</span> <span class='ocrx_word' id='word_1_19' title='bbox 279 310 341 356; x_wconf 92' lang='lat' dir='ltr'>qui</span> <span class='ocrx_word' id='word_1_20' title='bbox 374 316 496 342; x_wconf 88' lang='lat' dir='ltr'>monet</span> <span class='ocrx_word' id='word_1_21' title='bbox 530 309 716 342; x_wconf 77' lang='lat' dir='ltr'>veritatem</span> <span class='ocrx_word' id='word_1_22' title='bbox 751 309 851 354; x_wconf 89' lang='lat' dir='ltr'>sequi</span> <span class='ocrx_word' id='word_1_23' title='bbox 880 321 952 343; x_wconf 88' lang='lat' dir='ltr'>esse</span> <span class='ocrx_word' id='word_1_24' title='bbox 979 309 1043 348; x_wconf 90' lang='lat' dir='ltr'>rei,</span> 
     </span>
     <span class='ocr_line' id='line_1_5' title="bbox 62 359 1043 405; baseline -0.005 -8"><span class='ocrx_word' id='word_1_25' title='bbox 62 364 151 398; x_wconf 88' lang='lat' dir='ltr'>sicut</span> <span class='ocrx_word' id='word_1_26' title='bbox 168 375 220 395; x_wconf 89' lang='lat' dir='ltr'>res</span> <span class='ocrx_word' id='word_1_27' title='bbox 238 360 345 394; x_wconf 88' lang='lat' dir='ltr'>habet</span> <span class='ocrx_word' id='word_1_28' title='bbox 361 373 432 394; x_wconf 84' lang='lat' dir='ltr'>esse</span> <span class='ocrx_word' id='word_1_29' title='bbox 445 387 453 401; x_wconf 92' lang='lat'>,</span> <span class='ocrx_word' id='word_1_30' title='bbox 480 361 527 394; x_wconf 90' lang='lat' dir='ltr'>sic</span> <span class='ocrx_word' id='word_1_31' title='bbox 546 367 597 394; x_wconf 88' lang='lat' dir='ltr'>est</span> <span class='ocrx_word' id='word_1_32' title='bbox 614 372 696 393; x_wconf 87' lang='lat' dir='ltr'>vera</span> <span class='ocrx_word' id='word_1_33' title='bbox 722 360 933 405; x_wconf 82' lang='lat' dir='ltr'>propositio.</span> <span class='ocrx_word' id='word_1_34' title='bbox 974 359 1043 393; x_wconf 88' lang='lat' dir='ltr'>Fu-</span> 
     </span>
     <span class='ocr_line' id='line_1_6' title="bbox 63 409 1043 457; baseline -0.004 -9"><span class='ocrx_word' id='word_1_35' title='bbox 63 420 181 448; x_wconf 85' lang='lat' dir='ltr'>turum</span> <span class='ocrx_word' id='word_1_36' title='bbox 197 419 315 446; x_wconf 89' lang='lat' dir='ltr'>autem</span> <span class='ocrx_word' id='word_1_37' title='bbox 333 413 493 445; x_wconf 90' lang='lat' dir='ltr'>nondum</span> <span class='ocrx_word' id='word_1_38' title='bbox 508 409 614 445; x_wconf 89' lang='lat' dir='ltr'>habet</span> <span class='ocrx_word' id='word_1_39' title='bbox 628 424 700 446; x_wconf 89' lang='lat' dir='ltr'>esse</span> <span class='ocrx_word' id='word_1_40' title='bbox 711 439 720 452; x_wconf 94' lang='lat'>,</span> <span class='ocrx_word' id='word_1_41' title='bbox 743 424 783 445; x_wconf 88' lang='lat' dir='ltr'>ac</span> <span class='ocrx_word' id='word_1_42' title='bbox 798 411 962 457; x_wconf 86' lang='lat' dir='ltr'>possibile</span> <span class='ocrx_word' id='word_1_43' title='bbox 981 417 1043 451; x_wconf 89' lang='lat' dir='ltr'>est,</span> 
     </span>
     <span class='ocr_line' id='line_1_7' title="bbox 61 463 357 499; baseline -0.007 0"><span class='ocrx_word' id='word_1_44' title='bbox 61 471 101 499; x_wconf 91' lang='lat' dir='ltr'>ut</span> <span class='ocrx_word' id='word_1_45' title='bbox 116 476 189 497; x_wconf 91' lang='lat' dir='ltr'>non</span> <span class='ocrx_word' id='word_1_46' title='bbox 207 463 357 498; x_wconf 83' lang='lat' dir='ltr'>eveniat.</span> 
     </span>
    </p>
   </div>
   <div class='ocr_carea' id='block_1_3' title="bbox 244 549 858 592">
    <p class='ocr_par' dir='ltr' id='par_1_3' title="bbox 244 549 858 592">
     <span class='ocr_line' id='line_1_8' title="bbox 244 549 858 592; baseline -0.003 -10"><span class='ocrx_word' id='word_1_47' title='bbox 244 549 497 582; x_wconf 90' lang='lat' dir='ltr'>Secundum</span> <span class='ocrx_word' id='word_1_48' title='bbox 532 554 858 592; x_wconf 79' lang='lat' dir='ltr'>argumentum.</span> 
     </span>
    </p>
   </div>
   <div class='ocr_carea' id='block_1_4' title="bbox 59 614 1044 1169">
    <p class='ocr_par' dir='ltr' id='par_1_4' title="bbox 62 614 1044 754">
     <span class='ocr_line' id='line_1_9' title="bbox 163 614 1044 650; baseline -0.005 0"><span class='ocrx_word' id='word_1_49' title='bbox 163 617 297 650; x_wconf 77' lang='lat' dir='ltr'>Causae</span> <span class='ocrx_word' id='word_1_50' title='bbox 316 629 495 650; x_wconf 81' lang='lat' dir='ltr'>connexae</span> <span class='ocrx_word' id='word_1_51' title='bbox 510 616 706 649; x_wconf 84' lang='lat' dir='ltr'>necessario</span> <span class='ocrx_word' id='word_1_52' title='bbox 725 621 881 648; x_wconf 84' lang='lat' dir='ltr'>movent.</span> <span class='ocrx_word' id='word_1_53' title='bbox 910 614 1044 647; x_wconf 82' lang='lat' dir='ltr'>Omnes</span> 
     </span>
     <span class='ocr_line' id='line_1_10' title="bbox 62 666 1044 710; baseline -0.004 -8"><span class='ocrx_word' id='word_1_54' title='bbox 62 675 207 702; x_wconf 79' lang='lat' dir='ltr'>eventus</span> <span class='ocrx_word' id='word_1_55' title='bbox 231 669 320 701; x_wconf 84' lang='lat' dir='ltr'>fiunt</span> <span class='ocrx_word' id='word_1_56' title='bbox 345 680 363 701; x_wconf 85' lang='lat' dir='ltr'>a</span> <span class='ocrx_word' id='word_1_57' title='bbox 389 668 500 702; x_wconf 84' lang='lat' dir='ltr'>causis</span> <span class='ocrx_word' id='word_1_58' title='bbox 525 666 707 700; x_wconf 80' lang='lat' dir='ltr'>connexis:</span> <span class='ocrx_word' id='word_1_59' title='bbox 736 678 820 710; x_wconf 85' lang='lat' dir='ltr'>ergo</span> <span class='ocrx_word' id='word_1_60' title='bbox 847 666 966 700; x_wconf 88' lang='lat' dir='ltr'>omnia</span> <span class='ocrx_word' id='word_1_61' title='bbox 984 678 1044 699; x_wconf 92' lang='lat' dir='ltr'>ne-</span> 
     </span>
     <span class='ocr_line' id='line_1_11' title="bbox 62 719 409 754; baseline 0.003 -2"><span class='ocrx_word' id='word_1_62' title='bbox 62 720 210 754; x_wconf 82' lang='lat' dir='ltr'>cessario</span> <span class='ocrx_word' id='word_1_63' title='bbox 231 719 409 753; x_wconf 80' lang='lat' dir='ltr'>eveniunt.</span> 
     </span>
    </p>

    <p class='ocr_par' dir='ltr' id='par_1_5' title="bbox 59 776 1044 1169">
     <span class='ocr_line' id='line_1_12' title="bbox 162 776 1044 815; baseline -0.002 -4"><span class='ocrx_word' id='word_1_64' title='bbox 162 778 337 811; x_wconf 76' lang='lat' dir='ltr'>Maiorem</span> <span class='ocrx_word' id='word_1_65' title='bbox 356 778 536 811; x_wconf 89' lang='lat' dir='ltr'>declarant</span> <span class='ocrx_word' id='word_1_66' title='bbox 552 776 682 815; x_wconf 90' lang='lat' dir='ltr'>Stoici,</span> <span class='ocrx_word' id='word_1_67' title='bbox 709 782 749 809; x_wconf 88' lang='lat' dir='ltr'>ut</span> <span class='ocrx_word' id='word_1_68' title='bbox 767 776 802 809; x_wconf 93' lang='lat' dir='ltr'>in</span> <span class='ocrx_word' id='word_1_69' title='bbox 822 776 1044 810; x_wconf 87' lang='lat' dir='ltr'>naturalibus</span> 
     </span>
     <span class='ocr_line' id='line_1_13' title="bbox 62 827 1043 872; baseline -0.002 -10"><span class='ocrx_word' id='word_1_70' title='bbox 62 829 240 863; x_wconf 85' lang='lat' dir='ltr'>effectibus</span> <span class='ocrx_word' id='word_1_71' title='bbox 266 841 339 861; x_wconf 93' lang='grc'>11011</span> <span class='ocrx_word' id='word_1_72' title='bbox 363 830 401 861; x_wconf 90' lang='lat' dir='ltr'>fit</span> <span class='ocrx_word' id='word_1_73' title='bbox 425 829 606 872; x_wconf 83' lang='lat' dir='ltr'>generatio</span> <span class='ocrx_word' id='word_1_74' title='bbox 629 829 789 871; x_wconf 84' lang='lat' dir='ltr'>frugum,</span> <span class='ocrx_word' id='word_1_75' title='bbox 817 827 886 862; x_wconf 88' lang='lat' dir='ltr'>nisi</span> <span class='ocrx_word' id='word_1_76' title='bbox 911 834 1003 860; x_wconf 89' lang='lat' dir='ltr'>terra</span> <span class='ocrx_word' id='word_1_77' title='bbox 1024 838 1043 860; x_wconf 89' lang='lat' dir='ltr'>a</span> 
     </span>
     <span class='ocr_line' id='line_1_14' title="bbox 61 879 1043 924; baseline -0.002 -11"><span class='ocrx_word' id='word_1_78' title='bbox 61 881 158 913; x_wconf 90' lang='lat' dir='ltr'>coelo</span> <span class='ocrx_word' id='word_1_79' title='bbox 191 886 413 924; x_wconf 88' lang='lat' dir='ltr'>praeparata.</span> <span class='ocrx_word' id='word_1_80' title='bbox 474 879 622 912; x_wconf 89' lang='lat' dir='ltr'>Coelum</span> <span class='ocrx_word' id='word_1_81' title='bbox 652 890 727 912; x_wconf 90' lang='lat' dir='ltr'>non</span> <span class='ocrx_word' id='word_1_82' title='bbox 759 879 848 922; x_wconf 82' lang='lat' dir='ltr'>agit,</span> <span class='ocrx_word' id='word_1_83' title='bbox 876 879 944 912; x_wconf 88' lang='lat' dir='ltr'>nisi</span> <span class='ocrx_word' id='word_1_84' title='bbox 967 891 1043 911; x_wconf 91' lang='lat' dir='ltr'>mo-</span> 
     </span>
     <span class='ocr_line' id='line_1_15' title="bbox 60 928 1042 974; baseline -0.002 -11"><span class='ocrx_word' id='word_1_85' title='bbox 60 937 199 964; x_wconf 86' lang='lat' dir='ltr'>veatur:</span> <span class='ocrx_word' id='word_1_86' title='bbox 227 943 310 974; x_wconf 80' lang='lat' dir='ltr'>ergo</span> <span class='ocrx_word' id='word_1_87' title='bbox 338 928 444 963; x_wconf 88' lang='lat' dir='ltr'>habet</span> <span class='ocrx_word' id='word_1_88' title='bbox 461 943 602 963; x_wconf 85' lang='lat' dir='ltr'>causam</span> <span class='ocrx_word' id='word_1_89' title='bbox 620 936 836 964; x_wconf 87' lang='lat' dir='ltr'>moventem.</span> <span class='ocrx_word' id='word_1_90' title='bbox 888 930 1042 974; x_wconf 82' lang='lat' dir='ltr'>Propter</span> 
     </span>
     <span class='ocr_line' id='line_1_16' title="bbox 59 979 1042 1025; baseline -0.002 -10"><span class='ocrx_word' id='word_1_91' title='bbox 59 979 150 1015; x_wconf 90' lang='lat' dir='ltr'>hanc</span> <span class='ocrx_word' id='word_1_92' title='bbox 173 982 443 1015; x_wconf 89' lang='lat' dir='ltr'>similitudinem</span> <span class='ocrx_word' id='word_1_93' title='bbox 465 982 602 1025; x_wconf 82' lang='lat' dir='ltr'>fingunt</span> <span class='ocrx_word' id='word_1_94' title='bbox 625 982 844 1014; x_wconf 89' lang='lat' dir='ltr'>voluntatem</span> <span class='ocrx_word' id='word_1_95' title='bbox 869 981 975 1014; x_wconf 86' lang='lat' dir='ltr'>etiam</span> <span class='ocrx_word' id='word_1_96' title='bbox 999 981 1042 1013; x_wconf 88' lang='lat' dir='ltr'>ab</span> 
     </span>
     <span class='ocr_line' id='line_1_17' title="bbox 59 1032 1042 1071; baseline -0.001 -5"><span class='ocrx_word' id='word_1_97' title='bbox 59 1033 136 1066; x_wconf 85' lang='lat' dir='ltr'>aliis</span> <span class='ocrx_word' id='word_1_98' title='bbox 154 1033 320 1066; x_wconf 83' lang='lat' dir='ltr'>connexis</span> <span class='ocrx_word' id='word_1_99' title='bbox 338 1033 449 1066; x_wconf 92' lang='lat' dir='ltr'>causis</span> <span class='ocrx_word' id='word_1_100' title='bbox 465 1032 622 1071; x_wconf 87' lang='lat' dir='ltr'>moveri,</span> <span class='ocrx_word' id='word_1_101' title='bbox 650 1032 814 1065; x_wconf 87' lang='lat' dir='ltr'>videlieet</span> <span class='ocrx_word' id='word_1_102' title='bbox 831 1033 874 1065; x_wconf 87' lang='lat' dir='ltr'>ab</span> <span class='ocrx_word' id='word_1_103' title='bbox 897 1032 1042 1065; x_wconf 85' lang='lat' dir='ltr'>obiectis</span> 
     </span>
     <span class='ocr_line' id='line_1_18' title="bbox 59 1083 1043 1118; baseline -0.001 -1"><span class='ocrx_word' id='word_1_104' title='bbox 59 1090 120 1117; x_wconf 84' lang='lat' dir='ltr'>aut</span> <span class='ocrx_word' id='word_1_105' title='bbox 137 1084 426 1117; x_wconf 72' lang='lat' dir='ltr'>inclinationibus</span> <span class='ocrx_word' id='word_1_106' title='bbox 442 1084 674 1118; x_wconf 85' lang='lat' dir='ltr'>naturalibus.</span> <span class='ocrx_word' id='word_1_107' title='bbox 711 1083 807 1117; x_wconf 83' lang='lat' dir='ltr'>Haec</span> <span class='ocrx_word' id='word_1_108' title='bbox 825 1089 877 1118; x_wconf 85' lang='lat' dir='ltr'>est</span> <span class='ocrx_word' id='word_1_109' title='bbox 894 1083 931 1116; x_wconf 86' lang='lat' dir='ltr'>in</span> <span class='ocrx_word' id='word_1_110' title='bbox 949 1096 1043 1117; x_wconf 88' lang='lat' dir='ltr'>sum-</span> 
     </span>
     <span class='ocr_line' id='line_1_19' title="bbox 59 1135 586 1169; baseline 0.002 -1"><span class='ocrx_word' id='word_1_111' title='bbox 59 1147 116 1168; x_wconf 86' lang='lat' dir='ltr'>ma</span> <span class='ocrx_word' id='word_1_112' title='bbox 135 1136 244 1168; x_wconf 88' lang='lat' dir='ltr'>altera</span> <span class='ocrx_word' id='word_1_113' title='bbox 262 1135 463 1169; x_wconf 84' lang='lat' dir='ltr'>Stoicorum</span> <span class='ocrx_word' id='word_1_114' title='bbox 481 1135 586 1169; x_wconf 86' lang='lat' dir='ltr'>ratio.</span> 
     </span>
    </p>
   </div>
   <div class='ocr_carea' id='block_1_5' title="bbox 454 1219 646 1254">
    <p class='ocr_par' dir='ltr' id='par_1_6' title="bbox 454 1219 646 1254">
     <span class='ocr_line' id='line_1_20' title="bbox 454 1219 646 1254; baseline 0.005 -1"><span class='ocrx_word' id='word_1_115' title='bbox 454 1219 646 1254; x_wconf 90' lang='lat' dir='ltr'>Solutio.</span> 
     </span>
    </p>
   </div>
   <div class='ocr_carea' id='block_1_6' title="bbox 45 1284 1043 2597">
    <p class='ocr_par' dir='ltr' id='par_1_7' title="bbox 47 1284 1043 2288">
     <span class='ocr_line' id='line_1_21' title="bbox 158 1284 1043 1331; baseline -0.002 -11"><span class='ocrx_word' id='word_1_116' title='bbox 158 1287 256 1331; x_wconf 82' lang='lat' dir='ltr'>Nego</span> <span class='ocrx_word' id='word_1_117' title='bbox 290 1287 482 1326; x_wconf 88' lang='lat' dir='ltr'>maiorem,</span> <span class='ocrx_word' id='word_1_118' title='bbox 518 1293 552 1319; x_wconf 90' lang='lat' dir='ltr'>et</span> <span class='ocrx_word' id='word_1_119' title='bbox 579 1286 670 1319; x_wconf 89' lang='lat' dir='ltr'>ratio</span> <span class='ocrx_word' id='word_1_120' title='bbox 695 1291 762 1325; x_wconf 87' lang='lat' dir='ltr'>est,</span> <span class='ocrx_word' id='word_1_121' title='bbox 797 1285 879 1330; x_wconf 88' lang='lat' dir='ltr'>quia</span> <span class='ocrx_word' id='word_1_122' title='bbox 905 1284 969 1317; x_wconf 90' lang='lat' dir='ltr'>etsi</span> <span class='ocrx_word' id='word_1_123' title='bbox 993 1291 1043 1318; x_wconf 89' lang='lat' dir='ltr'>est</span> 
     </span>
     <span class='ocr_line' id='line_1_22' title="bbox 58 1337 1041 1383; baseline -0.003 -13"><span class='ocrx_word' id='word_1_124' title='bbox 58 1337 177 1383; x_wconf 81' lang='lat' dir='ltr'>aliqua</span> <span class='ocrx_word' id='word_1_125' title='bbox 209 1338 382 1371; x_wconf 78' lang='lat' dir='ltr'>connexio</span> <span class='ocrx_word' id='word_1_126' title='bbox 414 1337 633 1370; x_wconf 74' lang='lat' dir='ltr'>naturalium</span> <span class='ocrx_word' id='word_1_127' title='bbox 673 1347 880 1375; x_wconf 85' lang='lat' dir='ltr'>causarum,</span> <span class='ocrx_word' id='word_1_128' title='bbox 922 1341 1041 1367; x_wconf 87' lang='lat' dir='ltr'>tamen</span> 
     </span>
     <span class='ocr_line' id='line_1_23' title="bbox 58 1386 1040 1422; baseline -0.001 -2"><span class='ocrx_word' id='word_1_129' title='bbox 58 1400 132 1421; x_wconf 89' lang='lat' dir='ltr'>non</span> <span class='ocrx_word' id='word_1_130' title='bbox 167 1395 218 1422; x_wconf 86' lang='lat' dir='ltr'>est</span> <span class='ocrx_word' id='word_1_131' title='bbox 249 1388 329 1421; x_wconf 85' lang='lat' dir='ltr'>talis</span> <span class='ocrx_word' id='word_1_132' title='bbox 361 1388 534 1420; x_wconf 77' lang='lat' dir='ltr'>connexio</span> <span class='ocrx_word' id='word_1_133' title='bbox 558 1386 751 1420; x_wconf 88' lang='lat' dir='ltr'>voluntatis</span> <span class='ocrx_word' id='word_1_134' title='bbox 782 1399 861 1419; x_wconf 89' lang='grc'>011111</span> <span class='ocrx_word' id='word_1_135' title='bbox 889 1386 1040 1419; x_wconf 88' lang='lat' dir='ltr'>externis</span> 
     </span>
     <span class='ocr_line' id='line_1_24' title="bbox 58 1436 1040 1481; baseline -0.003 -9"><span class='ocrx_word' id='word_1_136' title='bbox 58 1439 181 1472; x_wconf 89' lang='lat' dir='ltr'>causis.</span> <span class='ocrx_word' id='word_1_137' title='bbox 232 1439 313 1472; x_wconf 86' lang='lat' dir='ltr'>Non</span> <span class='ocrx_word' id='word_1_138' title='bbox 330 1438 423 1471; x_wconf 89' lang='grc'>0111111</span> <span class='ocrx_word' id='word_1_139' title='bbox 441 1438 633 1481; x_wconf 85' lang='lat' dir='ltr'>impellitur</span> <span class='ocrx_word' id='word_1_140' title='bbox 649 1437 847 1469; x_wconf 88' lang='lat' dir='ltr'>necessario</span> <span class='ocrx_word' id='word_1_141' title='bbox 864 1436 1040 1475; x_wconf 79' lang='lat' dir='ltr'>voluntas,</span> 
     </span>
     <span class='ocr_line' id='line_1_25' title="bbox 55 1486 1039 1532; baseline -0.005 -9"><span class='ocrx_word' id='word_1_142' title='bbox 55 1490 116 1523; x_wconf 85' lang='lat' dir='ltr'>sed</span> <span class='ocrx_word' id='word_1_143' title='bbox 133 1489 242 1521; x_wconf 87' lang='lat' dir='ltr'>libere</span> <span class='ocrx_word' id='word_1_144' title='bbox 267 1489 358 1531; x_wconf 71' lang='lat' dir='ltr'>agit,</span> <span class='ocrx_word' id='word_1_145' title='bbox 387 1495 421 1521; x_wconf 91' lang='lat' dir='ltr'>et</span> <span class='ocrx_word' id='word_1_146' title='bbox 446 1488 711 1531; x_wconf 78' lang='lat' dir='ltr'>contingenter,</span> <span class='ocrx_word' id='word_1_147' title='bbox 740 1493 860 1532; x_wconf 82' lang='lat' dir='ltr'>estque</span> <span class='ocrx_word' id='word_1_148' title='bbox 878 1486 916 1518; x_wconf 89' lang='lat' dir='ltr'>in</span> <span class='ocrx_word' id='word_1_149' title='bbox 932 1487 1039 1519; x_wconf 91' lang='lat' dir='ltr'>actio-</span> 
     </span>
     <span class='ocr_line' id='line_1_26' title="bbox 55 1537 1039 1583; baseline -0.002 -11"><span class='ocrx_word' id='word_1_150' title='bbox 55 1540 158 1573; x_wconf 88' lang='lat' dir='ltr'>nibus</span> <span class='ocrx_word' id='word_1_151' title='bbox 175 1537 339 1572; x_wconf 91' lang='lat' dir='ltr'>humanis</span> <span class='ocrx_word' id='word_1_152' title='bbox 356 1550 458 1572; x_wconf 90' lang='lat' dir='ltr'>causa</span> <span class='ocrx_word' id='word_1_153' title='bbox 475 1538 736 1583; x_wconf 71' lang='lat' dir='ltr'>contingentiae</span> <span class='ocrx_word' id='word_1_154' title='bbox 752 1538 896 1571; x_wconf 90' lang='lat' dir='ltr'>libertas</span> <span class='ocrx_word' id='word_1_155' title='bbox 914 1538 1039 1570; x_wconf 92' lang='lat' dir='ltr'>volun-</span> 
     </span>
     <span class='ocr_line' id='line_1_27' title="bbox 53 1588 1038 1624; baseline -0.003 0"><span class='ocrx_word' id='word_1_156' title='bbox 53 1590 146 1624; x_wconf 87' lang='lat' dir='ltr'>tatis.</span> <span class='ocrx_word' id='word_1_157' title='bbox 201 1589 387 1623; x_wconf 80' lang='lat' dir='ltr'>Caeterum</span> <span class='ocrx_word' id='word_1_158' title='bbox 405 1596 440 1623; x_wconf 87' lang='lat' dir='ltr'>et</span> <span class='ocrx_word' id='word_1_159' title='bbox 456 1590 492 1623; x_wconf 91' lang='lat' dir='ltr'>in</span> <span class='ocrx_word' id='word_1_160' title='bbox 516 1590 782 1623; x_wconf 83' lang='lat' dir='ltr'>irrationalibus</span> <span class='ocrx_word' id='word_1_161' title='bbox 806 1588 962 1622; x_wconf 90' lang='lat' dir='ltr'>motibus</span> <span class='ocrx_word' id='word_1_162' title='bbox 988 1596 1038 1623; x_wconf 90' lang='lat' dir='ltr'>est</span> 
     </span>
     <span class='ocr_line' id='line_1_28' title="bbox 54 1640 1037 1685; baseline -0.002 -10"><span class='ocrx_word' id='word_1_163' title='bbox 54 1641 313 1685; x_wconf 79' lang='lat' dir='ltr'>contingentia,</span> <span class='ocrx_word' id='word_1_164' title='bbox 347 1641 444 1674; x_wconf 89' lang='lat' dir='ltr'>cuius</span> <span class='ocrx_word' id='word_1_165' title='bbox 470 1654 573 1675; x_wconf 89' lang='lat' dir='ltr'>causa</span> <span class='ocrx_word' id='word_1_166' title='bbox 605 1648 656 1675; x_wconf 86' lang='lat' dir='ltr'>est</span> <span class='ocrx_word' id='word_1_167' title='bbox 683 1641 853 1674; x_wconf 88' lang='lat' dir='ltr'>materiae</span> <span class='ocrx_word' id='word_1_168' title='bbox 885 1640 1037 1673; x_wconf 87' lang='lat' dir='ltr'>elemen-</span> 
     </span>
     <span class='ocr_line' id='line_1_29' title="bbox 53 1692 1036 1735; baseline -0.002 -9"><span class='ocrx_word' id='word_1_169' title='bbox 53 1692 138 1726; x_wconf 87' lang='lat' dir='ltr'>taris</span> <span class='ocrx_word' id='word_1_170' title='bbox 160 1692 388 1732; x_wconf 84' lang='lat' dir='ltr'>instabilitas,</span> <span class='ocrx_word' id='word_1_171' title='bbox 422 1692 511 1726; x_wconf 89' lang='lat' dir='ltr'>sicut</span> <span class='ocrx_word' id='word_1_172' title='bbox 535 1693 695 1726; x_wconf 89' lang='lat' dir='ltr'>videmus</span> <span class='ocrx_word' id='word_1_173' title='bbox 721 1692 837 1725; x_wconf 86' lang='lat' dir='ltr'>varias</span> <span class='ocrx_word' id='word_1_174' title='bbox 864 1703 937 1724; x_wconf 88' lang='lat' dir='ltr'>esse</span> <span class='ocrx_word' id='word_1_175' title='bbox 964 1692 1036 1735; x_wconf 82' lang='lat' dir='ltr'>agi-</span> 
     </span>
     <span class='ocr_line' id='line_1_30' title="bbox 53 1743 1033 1789; baseline -0.002 -12"><span class='ocrx_word' id='word_1_176' title='bbox 53 1743 204 1777; x_wconf 85' lang='lat' dir='ltr'>tationes</span> <span class='ocrx_word' id='word_1_177' title='bbox 227 1743 337 1783; x_wconf 81' lang='lat' dir='ltr'>ae&#39;ris,</span> <span class='ocrx_word' id='word_1_178' title='bbox 367 1749 401 1776; x_wconf 90' lang='lat' dir='ltr'>et</span> <span class='ocrx_word' id='word_1_179' title='bbox 427 1756 618 1789; x_wconf 86' lang='lat' dir='ltr'>corporum</span> <span class='ocrx_word' id='word_1_180' title='bbox 644 1744 681 1776; x_wconf 87' lang='lat' dir='ltr'>in</span> <span class='ocrx_word' id='word_1_181' title='bbox 698 1745 792 1777; x_wconf 83' lang='lat' dir='ltr'>ae&#39;re.</span> <span class='ocrx_word' id='word_1_182' title='bbox 847 1743 1033 1776; x_wconf 83' lang='lat' dir='ltr'>Caeterum</span> 
     </span>
     <span class='ocr_line' id='line_1_31' title="bbox 52 1795 1034 1841; baseline -0.002 -12"><span class='ocrx_word' id='word_1_183' title='bbox 52 1796 234 1841; x_wconf 76' lang='lat' dir='ltr'>quomodo</span> <span class='ocrx_word' id='word_1_184' title='bbox 262 1795 442 1828; x_wconf 83' lang='lat' dir='ltr'>naturales</span> <span class='ocrx_word' id='word_1_185' title='bbox 473 1807 597 1828; x_wconf 86' lang='lat' dir='ltr'>causae</span> <span class='ocrx_word' id='word_1_186' title='bbox 629 1801 754 1839; x_wconf 81' lang='lat' dir='ltr'>agant,</span> <span class='ocrx_word' id='word_1_187' title='bbox 790 1801 824 1828; x_wconf 89' lang='lat' dir='ltr'>et</span> <span class='ocrx_word' id='word_1_188' title='bbox 851 1795 1034 1840; x_wconf 89' lang='lat' dir='ltr'>quomodo</span> 
     </span>
     <span class='ocr_line' id='line_1_32' title="bbox 50 1842 1034 1892; baseline -0.001 -13"><span class='ocrx_word' id='word_1_189' title='bbox 50 1846 281 1890; x_wconf 84' lang='lat' dir='ltr'>impellantur</span> <span class='ocrx_word' id='word_1_190' title='bbox 306 1852 340 1879; x_wconf 88' lang='lat' dir='ltr'>et</span> <span class='ocrx_word' id='word_1_191' title='bbox 358 1842 417 1892; x_wconf 55' lang='grc' dir='ltr'>*ἢ</span> <span class='ocrx_word' id='word_1_192' title='bbox 447 1847 658 1880; x_wconf 85' lang='lat' dir='ltr'>adiuventur</span> <span class='ocrx_word' id='word_1_193' title='bbox 677 1845 861 1878; x_wconf 79' lang='lat' dir='ltr'>inferiores</span> <span class='ocrx_word' id='word_1_194' title='bbox 886 1856 906 1878; x_wconf 88' lang='lat' dir='ltr'>a</span> <span class='ocrx_word' id='word_1_195' title='bbox 932 1857 1034 1890; x_wconf 77' lang='lat' dir='ltr'>supe-</span> 
     </span>
     <span class='ocr_line' id='line_1_33' title="bbox 50 1895 1033 1942; baseline 0 -12"><span class='ocrx_word' id='word_1_196' title='bbox 50 1897 222 1938; x_wconf 86' lang='lat' dir='ltr'>rioribus,</span> <span class='ocrx_word' id='word_1_197' title='bbox 249 1897 416 1941; x_wconf 85' lang='lat' dir='ltr'>explicari</span> <span class='ocrx_word' id='word_1_198' title='bbox 434 1898 522 1930; x_wconf 90' lang='lat' dir='ltr'>solet</span> <span class='ocrx_word' id='word_1_199' title='bbox 537 1897 573 1930; x_wconf 91' lang='grc'>111</span> <span class='ocrx_word' id='word_1_200' title='bbox 589 1895 756 1942; x_wconf 84' lang='lat' dir='ltr'>physicis.</span> <span class='ocrx_word' id='word_1_201' title='bbox 788 1896 938 1930; x_wconf 82' lang='lat' dir='ltr'>Etiamsi</span> <span class='ocrx_word' id='word_1_202' title='bbox 955 1909 1033 1930; x_wconf 87' lang='lat' dir='ltr'>coe-</span> 
     </span>
     <span class='ocr_line' id='line_1_34' title="bbox 50 1946 1033 1988; baseline 0 -7"><span class='ocrx_word' id='word_1_203' title='bbox 50 1949 151 1982; x_wconf 88' lang='lat' dir='ltr'>lestes</span> <span class='ocrx_word' id='word_1_204' title='bbox 184 1960 307 1981; x_wconf 88' lang='lat' dir='ltr'>causae</span> <span class='ocrx_word' id='word_1_205' title='bbox 341 1948 502 1982; x_wconf 89' lang='lat' dir='ltr'>inserunt</span> <span class='ocrx_word' id='word_1_206' title='bbox 537 1949 785 1982; x_wconf 88' lang='lat' dir='ltr'>inclinationes</span> <span class='ocrx_word' id='word_1_207' title='bbox 816 1946 1033 1988; x_wconf 84' lang='lat' dir='ltr'>hominibus,</span> 
     </span>
     <span class='ocr_line' id='line_1_35' title="bbox 50 1999 1032 2044; baseline 0.001 -13"><span class='ocrx_word' id='word_1_208' title='bbox 50 2005 170 2032; x_wconf 80' lang='lat' dir='ltr'>tamen</span> <span class='ocrx_word' id='word_1_209' title='bbox 184 2005 266 2032; x_wconf 90' lang='lat' dir='ltr'>sunt</span> <span class='ocrx_word' id='word_1_210' title='bbox 282 2005 419 2032; x_wconf 89' lang='lat' dir='ltr'>tantum</span> <span class='ocrx_word' id='word_1_211' title='bbox 438 2000 604 2044; x_wconf 91' lang='lat' dir='ltr'>partiales</span> <span class='ocrx_word' id='word_1_212' title='bbox 625 2012 768 2040; x_wconf 88' lang='lat' dir='ltr'>causae,</span> <span class='ocrx_word' id='word_1_213' title='bbox 794 2006 834 2032; x_wconf 93' lang='lat' dir='ltr'>ut</span> <span class='ocrx_word' id='word_1_214' title='bbox 850 2005 966 2043; x_wconf 86' lang='lat' dir='ltr'>potest</span> <span class='ocrx_word' id='word_1_215' title='bbox 983 1999 1032 2032; x_wconf 87' lang='lat' dir='ltr'>eis</span> 
     </span>
     <span class='ocr_line' id='line_1_36' title="bbox 50 2050 1032 2094; baseline 0 -12"><span class='ocrx_word' id='word_1_216' title='bbox 50 2050 214 2083; x_wconf 85' lang='lat' dir='ltr'>voluntas</span> <span class='ocrx_word' id='word_1_217' title='bbox 237 2062 446 2094; x_wconf 79' lang='lat' dir='ltr'>repugnare.</span> <span class='ocrx_word' id='word_1_218' title='bbox 499 2050 550 2084; x_wconf 87' lang='lat' dir='ltr'>Ita</span> <span class='ocrx_word' id='word_1_219' title='bbox 575 2058 609 2084; x_wconf 90' lang='lat' dir='ltr'>et</span> <span class='ocrx_word' id='word_1_220' title='bbox 625 2051 748 2084; x_wconf 87' lang='lat' dir='ltr'>Cicero</span> <span class='ocrx_word' id='word_1_221' title='bbox 769 2050 909 2094; x_wconf 89' lang='lat' dir='ltr'>copiose</span> <span class='ocrx_word' id='word_1_222' title='bbox 927 2051 1032 2083; x_wconf 88' lang='lat' dir='ltr'>solvit</span> 
     </span>
     <span class='ocr_line' id='line_1_37' title="bbox 48 2099 1031 2136; baseline -0.001 -1"><span class='ocrx_word' id='word_1_223' title='bbox 48 2099 140 2135; x_wconf 88' lang='lat' dir='ltr'>hanc</span> <span class='ocrx_word' id='word_1_224' title='bbox 161 2100 336 2134; x_wconf 88' lang='lat' dir='ltr'>rationem</span> <span class='ocrx_word' id='word_1_225' title='bbox 363 2102 564 2136; x_wconf 88' lang='lat' dir='ltr'>Stoicorum</span> <span class='ocrx_word' id='word_1_226' title='bbox 589 2104 631 2136; x_wconf 88' lang='lat' dir='ltr'>de</span> <span class='ocrx_word' id='word_1_227' title='bbox 658 2102 770 2136; x_wconf 87' lang='lat' dir='ltr'>causis</span> <span class='ocrx_word' id='word_1_228' title='bbox 794 2102 1031 2135; x_wconf 89' lang='lat' dir='ltr'>antecedenti—</span> 
     </span>
     <span class='ocr_line' id='line_1_38' title="bbox 47 2153 1030 2198; baseline -0.001 -11"><span class='ocrx_word' id='word_1_229' title='bbox 47 2153 130 2192; x_wconf 86' lang='lat' dir='ltr'>bus,</span> <span class='ocrx_word' id='word_1_230' title='bbox 158 2164 198 2184; x_wconf 91' lang='lat' dir='ltr'>ac</span> <span class='ocrx_word' id='word_1_231' title='bbox 218 2158 325 2195; x_wconf 75' lang='lat' dir='ltr'>negat</span> <span class='ocrx_word' id='word_1_232' title='bbox 349 2153 569 2187; x_wconf 79' lang='lat' dir='ltr'>voluntatem</span> <span class='ocrx_word' id='word_1_233' title='bbox 593 2154 671 2198; x_wconf 83' lang='lat' dir='ltr'>cogi</span> <span class='ocrx_word' id='word_1_234' title='bbox 696 2166 796 2198; x_wconf 88' lang='lat' dir='ltr'>posse</span> <span class='ocrx_word' id='word_1_235' title='bbox 816 2153 861 2185; x_wconf 85' lang='lat' dir='ltr'>ab</span> <span class='ocrx_word' id='word_1_236' title='bbox 885 2153 1030 2186; x_wconf 89' lang='lat' dir='ltr'>obiectis</span> 
     </span>
     <span class='ocr_line' id='line_1_39' title="bbox 48 2202 1029 2245; baseline -0.002 -6"><span class='ocrx_word' id='word_1_237' title='bbox 48 2210 109 2238; x_wconf 82' lang='lat' dir='ltr'>aut</span> <span class='ocrx_word' id='word_1_238' title='bbox 131 2202 403 2244; x_wconf 88' lang='lat' dir='ltr'>inclinantibus,</span> <span class='ocrx_word' id='word_1_239' title='bbox 430 2216 511 2245; x_wconf 88' lang='lat' dir='ltr'>seu,</span> <span class='ocrx_word' id='word_1_240' title='bbox 538 2211 577 2239; x_wconf 87' lang='lat' dir='ltr'>ut</span> <span class='ocrx_word' id='word_1_241' title='bbox 602 2206 794 2245; x_wconf 85' lang='lat' dir='ltr'>vocabant,</span> <span class='ocrx_word' id='word_1_242' title='bbox 822 2204 866 2237; x_wconf 87' lang='lat' dir='ltr'>ab</span> <span class='ocrx_word' id='word_1_243' title='bbox 891 2210 1029 2237; x_wconf 84' lang='lat' dir='ltr'>antece—</span> 
     </span>
     <span class='ocr_line' id='line_1_40' title="bbox 47 2254 355 2288; baseline 0 0"><span class='ocrx_word' id='word_1_244' title='bbox 47 2254 212 2288; x_wconf 83' lang='lat' dir='ltr'>dentibus</span> <span class='ocrx_word' id='word_1_245' title='bbox 232 2255 355 2288; x_wconf 83' lang='lat' dir='ltr'>causis.</span> 
     </span>
    </p>

    <p class='ocr_par' dir='ltr' id='par_1_8' title="bbox 45 2305 1028 2504">
     <span class='ocr_line' id='line_1_41' title="bbox 147 2305 1028 2351; baseline 0 -13"><span class='ocrx_word' id='word_1_246' title='bbox 147 2305 242 2338; x_wconf 87' lang='lat' dir='ltr'>Haec</span> <span class='ocrx_word' id='word_1_247' title='bbox 265 2311 347 2339; x_wconf 89' lang='lat' dir='ltr'>sunt</span> <span class='ocrx_word' id='word_1_248' title='bbox 369 2306 558 2351; x_wconf 86' lang='lat' dir='ltr'>praecipua</span> <span class='ocrx_word' id='word_1_249' title='bbox 582 2307 782 2341; x_wconf 87' lang='lat' dir='ltr'>Stoicorum</span> <span class='ocrx_word' id='word_1_250' title='bbox 808 2312 1028 2351; x_wconf 84' lang='lat' dir='ltr'>argumenta,</span> 
     </span>
     <span class='ocr_line' id='line_1_42' title="bbox 47 2355 1027 2403; baseline 0.001 -13"><span class='ocrx_word' id='word_1_251' title='bbox 47 2355 173 2402; x_wconf 88' lang='lat' dir='ltr'>quibus</span> <span class='ocrx_word' id='word_1_252' title='bbox 197 2356 395 2401; x_wconf 85' lang='lat' dir='ltr'>explicatis,</span> <span class='ocrx_word' id='word_1_253' title='bbox 423 2357 551 2391; x_wconf 86' lang='lat' dir='ltr'>similia</span> <span class='ocrx_word' id='word_1_254' title='bbox 574 2359 675 2391; x_wconf 83' lang='lat' dir='ltr'>facile</span> <span class='ocrx_word' id='word_1_255' title='bbox 699 2358 849 2392; x_wconf 90' lang='lat' dir='ltr'>iudicari</span> <span class='ocrx_word' id='word_1_256' title='bbox 868 2363 1027 2403; x_wconf 86' lang='lat' dir='ltr'>possunt.</span> 
     </span>
     <span class='ocr_line' id='line_1_43' title="bbox 45 2407 1027 2449; baseline 0.002 -10"><span class='ocrx_word' id='word_1_257' title='bbox 45 2407 154 2440; x_wconf 89' lang='lat' dir='ltr'>Addit</span> <span class='ocrx_word' id='word_1_258' title='bbox 178 2407 301 2441; x_wconf 90' lang='lat' dir='ltr'>Cicero</span> <span class='ocrx_word' id='word_1_259' title='bbox 328 2408 471 2442; x_wconf 88' lang='lat' dir='ltr'>tertium</span> <span class='ocrx_word' id='word_1_260' title='bbox 500 2410 542 2442; x_wconf 86' lang='lat' dir='ltr'>de</span> <span class='ocrx_word' id='word_1_261' title='bbox 572 2410 867 2443; x_wconf 87' lang='lat' dir='ltr'>determinatione</span> <span class='ocrx_word' id='word_1_262' title='bbox 893 2408 1027 2449; x_wconf 75' lang='lat' dir='ltr'>divIna,</span> 
     </span>
     <span class='ocr_line' id='line_1_44' title="bbox 46 2458 974 2504; baseline 0.001 -12"><span class='ocrx_word' id='word_1_263' title='bbox 46 2459 142 2504; x_wconf 85' lang='lat' dir='ltr'>quod</span> <span class='ocrx_word' id='word_1_264' title='bbox 158 2458 341 2504; x_wconf 87' lang='lat' dir='ltr'>aliquanto</span> <span class='ocrx_word' id='word_1_265' title='bbox 355 2459 543 2494; x_wconf 89' lang='lat' dir='ltr'>dilucidius</span> <span class='ocrx_word' id='word_1_266' title='bbox 562 2462 715 2503; x_wconf 74' lang='lat' dir='ltr'>agitatur</span> <span class='ocrx_word' id='word_1_267' title='bbox 734 2473 751 2493; x_wconf 90' lang='lat' dir='ltr'>a</span> <span class='ocrx_word' id='word_1_268' title='bbox 770 2459 974 2504; x_wconf 81' lang='lat' dir='ltr'>Tlieologis.</span> 
     </span>
    </p>

    <p class='ocr_par' dir='ltr' id='par_1_9' title="bbox 45 2508 1027 2597">
     <span class='ocr_line' id='line_1_45' title="bbox 146 2508 1027 2551; baseline 0 -9"><span class='ocrx_word' id='word_1_269' title='bbox 146 2508 405 2543; x_wconf 81' lang='lat' dir='ltr'>Determinatio</span> <span class='ocrx_word' id='word_1_270' title='bbox 422 2511 541 2544; x_wconf 83' lang='lat' dir='ltr'>divina</span> <span class='ocrx_word' id='word_1_271' title='bbox 567 2519 617 2545; x_wconf 87' lang='lat' dir='ltr'>est</span> <span class='ocrx_word' id='word_1_272' title='bbox 640 2512 889 2551; x_wconf 88' lang='lat' dir='ltr'>immutabilis,</span> <span class='ocrx_word' id='word_1_273' title='bbox 918 2517 1027 2544; x_wconf 87' lang='grc'>01110-</span> 
     </span>
     <span class='ocr_line' id='line_1_46' title="bbox 45 2559 1026 2597; baseline 0.003 -6"><span class='ocrx_word' id='word_1_274' title='bbox 45 2559 194 2592; x_wconf 88' lang='lat' dir='ltr'>cessario</span> <span class='ocrx_word' id='word_1_275' title='bbox 230 2573 323 2595; x_wconf 87' lang='lat' dir='ltr'>vera.</span> <span class='ocrx_word' id='word_1_276' title='bbox 383 2561 514 2596; x_wconf 86' lang='lat' dir='ltr'>Omnia</span> <span class='ocrx_word' id='word_1_277' title='bbox 550 2564 718 2597; x_wconf 81' lang='lat' dir='ltr'>eveniunt</span> <span class='ocrx_word' id='word_1_278' title='bbox 751 2563 828 2596; x_wconf 90' lang='lat' dir='ltr'>Deo</span> <span class='ocrx_word' id='word_1_279' title='bbox 860 2561 1026 2596; x_wconf 89' lang='lat' dir='ltr'>determi-</span> 
     </span>
    </p>
   </div>
   <div class='ocr_carea' id='block_1_7' title="bbox 77 2676 979 2752">
    <p class='ocr_par' dir='ltr' id='par_1_10' title="bbox 77 2676 979 2752">
     <span class='ocr_line' id='line_1_47' title="bbox 79 2676 979 2711; baseline 0.006 -12"><span class='ocrx_word' id='word_1_280' title='bbox 79 2676 110 2708; x_wconf 74' lang='grc'>*)</span> <span class='ocrx_word' id='word_1_281' title='bbox 131 2677 351 2707; x_wconf 85' lang='lat' dir='ltr'>propositiones]</span> <span class='ocrx_word' id='word_1_282' title='bbox 372 2677 411 2702; x_wconf 86' lang='lat' dir='ltr'>sic</span> <span class='ocrx_word' id='word_1_283' title='bbox 431 2679 478 2702; x_wconf 89' lang='lat' dir='ltr'>Ed.</span> <span class='ocrx_word' id='word_1_284' title='bbox 502 2680 591 2709; x_wconf 74' lang='grc'>1540,;</span> <span class='ocrx_word' id='word_1_285' title='bbox 609 2680 658 2705; x_wconf 79' lang='lat' dir='ltr'>Ed.</span> <span class='ocrx_word' id='word_1_286' title='bbox 681 2680 755 2705; x_wconf 69' lang='lat'>1546.</span> <span class='ocrx_word' id='word_1_287' title='bbox 776 2677 979 2711; x_wconf 72' lang='lat' dir='ltr'>propositionis.</span> 
     </span>
     <span class='ocr_line' id='line_1_48' title="bbox 77 2719 669 2752; baseline 0.007 -9"><span class='ocrx_word' id='word_1_288' title='bbox 77 2719 129 2749; x_wconf 80' lang='grc'>**)</span> <span class='ocrx_word' id='word_1_289' title='bbox 152 2721 192 2750; x_wconf 83' lang='lat' dir='ltr'>et]</span> <span class='ocrx_word' id='word_1_290' title='bbox 211 2720 251 2744; x_wconf 82' lang='lat' dir='ltr'>sic</span> <span class='ocrx_word' id='word_1_291' title='bbox 269 2721 318 2745; x_wconf 75' lang='lat' dir='ltr'>Ed.</span> <span class='ocrx_word' id='word_1_292' title='bbox 339 2720 432 2752; x_wconf 74' lang='lat'>1546.;</span> <span class='ocrx_word' id='word_1_293' title='bbox 450 2721 499 2747; x_wconf 87' lang='lat' dir='ltr'>Ed.</span> <span class='ocrx_word' id='word_1_294' title='bbox 521 2722 595 2749; x_wconf 73' lang='lat'>1540.</span> <span class='ocrx_word' id='word_1_295' title='bbox 613 2725 669 2747; x_wconf 85' lang='lat' dir='ltr'>aut.</span> 
     </span>
    </p>
   </div>
   <div class='ocr_carea' id='block_1_8' title="bbox 684 118 1527 155">
    <p class='ocr_par' dir='ltr' id='par_1_11' title="bbox 684 118 1527 155">
     <span class='ocr_line' id='line_1_49' title="bbox 684 118 1527 155; baseline 0.001 -1"><span class='ocrx_word' id='word_1_296' title='bbox 684 119 1034 155; x_wconf 77' lang='lat' dir='ltr'><strong>PHILOSOPHIAE</strong></span> <span class='ocrx_word' id='word_1_297' title='bbox 1061 118 1272 154; x_wconf 83' lang='lat' dir='ltr'>MORALIS</span> <span class='ocrx_word' id='word_1_298' title='bbox 1298 118 1527 155; x_wconf 80' lang='lat' dir='ltr'>EPITOME.</span> 
     </span>
    </p>
   </div>
   <div class='ocr_carea' id='block_1_9' title="bbox 2037 123 2084 157">
    <p class='ocr_par' dir='ltr' id='par_1_12' title="bbox 2037 123 2084 157">
     <span class='ocr_line' id='line_1_50' title="bbox 2037 123 2084 157; baseline 0 0"><span class='ocrx_word' id='word_1_299' title='bbox 2037 123 2084 157; x_wconf 84' lang='lat'>46</span> 
     </span>
    </p>
   </div>
   <div class='ocr_carea' id='block_1_10' title="bbox 1096 205 2081 253">
    <p class='ocr_par' dir='ltr' id='par_1_13' title="bbox 1096 205 2081 253">
     <span class='ocr_line' id='line_1_51' title="bbox 1096 205 2081 253; baseline 0.003 -14"><span class='ocrx_word' id='word_1_300' title='bbox 1096 212 1214 240; x_wconf 86' lang='lat' dir='ltr'>nante.</span> <span class='ocrx_word' id='word_1_301' title='bbox 1266 206 1362 251; x_wconf 86' lang='lat' dir='ltr'>Ergo</span> <span class='ocrx_word' id='word_1_302' title='bbox 1388 205 1509 241; x_wconf 87' lang='lat' dir='ltr'>omnia</span> <span class='ocrx_word' id='word_1_303' title='bbox 1535 205 1703 240; x_wconf 89' lang='lat' dir='ltr'>eveniunt</span> <span class='ocrx_word' id='word_1_304' title='bbox 1717 207 1763 253; x_wconf 58' lang='grc'>47)</span> <span class='ocrx_word' id='word_1_305' title='bbox 1788 207 2002 242; x_wconf 83' lang='lat' dir='ltr'>immutabili</span> <span class='ocrx_word' id='word_1_306' title='bbox 2022 220 2081 242; x_wconf 84' lang='lat' dir='ltr'>ne-</span> 
     </span>
    </p>
   </div>
   <div class='ocr_carea' id='block_1_11' title="bbox 1097 257 1685 352">
    <p class='ocr_par' dir='ltr' id='par_1_14' title="bbox 1097 257 1685 352">
     <span class='ocr_line' id='line_1_52' title="bbox 1097 257 1265 292; baseline 0.012 -2"><span class='ocrx_word' id='word_1_307' title='bbox 1097 257 1265 292; x_wconf 85' lang='lat' dir='ltr'>cessitate.</span> 
     </span>
     <span class='ocr_line' id='line_1_53' title="bbox 1491 316 1685 352; baseline 0.01 -3"><span class='ocrx_word' id='word_1_308' title='bbox 1491 316 1514 349; x_wconf 92' lang='lat' dir='ltr'>S</span> <span class='ocrx_word' id='word_1_309' title='bbox 1524 329 1544 349; x_wconf 95' lang='lat' dir='ltr'>o</span> <span class='ocrx_word' id='word_1_310' title='bbox 1556 317 1596 350; x_wconf 91' lang='lat' dir='ltr'>lu</span> <span class='ocrx_word' id='word_1_311' title='bbox 1607 323 1620 350; x_wconf 92' lang='lat' dir='ltr'>t</span> <span class='ocrx_word' id='word_1_312' title='bbox 1630 317 1640 350; x_wconf 87' lang='lat' dir='ltr'>i</span> <span class='ocrx_word' id='word_1_313' title='bbox 1652 330 1685 352; x_wconf 90' lang='grc'>0.</span> 
     </span>
    </p>
   </div>
   <div class='ocr_carea' id='block_1_12' title="bbox 1080 384 2083 2473">
    <p class='ocr_par' dir='ltr' id='par_1_15' title="bbox 1093 384 2083 1450">
     <span class='ocr_line' id='line_1_54' title="bbox 1198 384 2080 429; baseline 0.002 -12"><span class='ocrx_word' id='word_1_314' title='bbox 1198 385 1359 418; x_wconf 87' lang='lat' dir='ltr'>Primum</span> <span class='ocrx_word' id='word_1_315' title='bbox 1377 385 1576 429; x_wconf 88' lang='lat' dir='ltr'>respondeo</span> <span class='ocrx_word' id='word_1_316' title='bbox 1596 385 1639 417; x_wconf 92' lang='lat' dir='ltr'>ad</span> <span class='ocrx_word' id='word_1_317' title='bbox 1661 384 1849 419; x_wconf 86' lang='lat' dir='ltr'>minorem.</span> <span class='ocrx_word' id='word_1_318' title='bbox 1904 385 2080 419; x_wconf 88' lang='lat' dir='ltr'>Determi-</span> 
     </span>
     <span class='ocr_line' id='line_1_55' title="bbox 1096 434 2083 482; baseline 0.004 -16"><span class='ocrx_word' id='word_1_319' title='bbox 1096 434 1194 467; x_wconf 89' lang='lat' dir='ltr'>natio</span> <span class='ocrx_word' id='word_1_320' title='bbox 1220 436 1339 468; x_wconf 83' lang='lat' dir='ltr'>divina</span> <span class='ocrx_word' id='word_1_321' title='bbox 1368 436 1546 470; x_wconf 86' lang='lat' dir='ltr'>dissimilis</span> <span class='ocrx_word' id='word_1_322' title='bbox 1571 442 1622 469; x_wconf 83' lang='lat' dir='ltr'>est</span> <span class='ocrx_word' id='word_1_323' title='bbox 1645 437 1681 469; x_wconf 90' lang='lat' dir='ltr'>in</span> <span class='ocrx_word' id='word_1_324' title='bbox 1709 434 1783 476; x_wconf 81' lang='lat' dir='ltr'>liis,</span> <span class='ocrx_word' id='word_1_325' title='bbox 1812 449 1902 482; x_wconf 89' lang='lat' dir='ltr'>quae</span> <span class='ocrx_word' id='word_1_326' title='bbox 1926 439 2083 481; x_wconf 87' lang='lat' dir='ltr'>pendent</span> 
     </span>
     <span class='ocr_line' id='line_1_56' title="bbox 1097 485 2081 533; baseline 0.004 -16"><span class='ocrx_word' id='word_1_327' title='bbox 1097 485 1240 530; x_wconf 83' lang='lat' dir='ltr'>proprie</span> <span class='ocrx_word' id='word_1_328' title='bbox 1272 487 1315 518; x_wconf 89' lang='lat' dir='ltr'>ab</span> <span class='ocrx_word' id='word_1_329' title='bbox 1346 487 1455 531; x_wconf 87' lang='lat' dir='ltr'>ipsius</span> <span class='ocrx_word' id='word_1_330' title='bbox 1490 488 1690 527; x_wconf 88' lang='lat' dir='ltr'>voluntate,</span> <span class='ocrx_word' id='word_1_331' title='bbox 1727 494 1759 520; x_wconf 89' lang='lat' dir='ltr'>et</span> <span class='ocrx_word' id='word_1_332' title='bbox 1792 487 1827 519; x_wconf 92' lang='grc'>111</span> <span class='ocrx_word' id='word_1_333' title='bbox 1860 488 1956 528; x_wconf 84' lang='grc'>111115,</span> <span class='ocrx_word' id='word_1_334' title='bbox 1991 501 2081 533; x_wconf 82' lang='lat' dir='ltr'>quae</span> 
     </span>
     <span class='ocr_line' id='line_1_57' title="bbox 1096 536 2080 581; baseline 0.006 -13"><span class='ocrx_word' id='word_1_335' title='bbox 1096 536 1341 581; x_wconf 85' lang='lat' dir='ltr'>principaliter</span> <span class='ocrx_word' id='word_1_336' title='bbox 1385 538 1550 571; x_wconf 90' lang='lat' dir='ltr'>oriuntur</span> <span class='ocrx_word' id='word_1_337' title='bbox 1593 551 1612 571; x_wconf 90' lang='lat' dir='ltr'>a</span> <span class='ocrx_word' id='word_1_338' title='bbox 1655 540 1786 572; x_wconf 89' lang='lat' dir='ltr'>nostris</span> <span class='ocrx_word' id='word_1_339' title='bbox 1827 539 2080 574; x_wconf 80' lang='lat' dir='ltr'>voluntatibus.</span> 
     </span>
     <span class='ocr_line' id='line_1_58' title="bbox 1098 588 2081 630; baseline 0.003 -10"><span class='ocrx_word' id='word_1_340' title='bbox 1098 588 1193 621; x_wconf 88' lang='lat' dir='ltr'>Deus</span> <span class='ocrx_word' id='word_1_341' title='bbox 1217 588 1319 621; x_wconf 88' lang='lat' dir='ltr'>aliter</span> <span class='ocrx_word' id='word_1_342' title='bbox 1341 588 1554 621; x_wconf 86' lang='lat' dir='ltr'>determinat</span> <span class='ocrx_word' id='word_1_343' title='bbox 1570 596 1755 623; x_wconf 79' lang='lat' dir='ltr'>venturam</span> <span class='ocrx_word' id='word_1_344' title='bbox 1772 591 2081 630; x_wconf 68' lang='lat' dir='ltr'>resurrectionem,</span> 
     </span>
     <span class='ocr_line' id='line_1_59' title="bbox 1098 639 2081 684; baseline 0.002 -13"><span class='ocrx_word' id='word_1_345' title='bbox 1098 645 1131 672; x_wconf 88' lang='lat' dir='ltr'>et</span> <span class='ocrx_word' id='word_1_346' title='bbox 1149 639 1297 679; x_wconf 81' lang='lat' dir='ltr'>similia,</span> <span class='ocrx_word' id='word_1_347' title='bbox 1326 650 1415 684; x_wconf 85' lang='lat' dir='ltr'>quae</span> <span class='ocrx_word' id='word_1_348' title='bbox 1433 640 1614 672; x_wconf 88' lang='lat' dir='ltr'>constituit</span> <span class='ocrx_word' id='word_1_349' title='bbox 1632 653 1667 673; x_wconf 91' lang='lat' dir='ltr'>se</span> <span class='ocrx_word' id='word_1_350' title='bbox 1685 642 1859 674; x_wconf 82' lang='lat' dir='ltr'>facturum</span> <span class='ocrx_word' id='word_1_351' title='bbox 1879 653 1963 676; x_wconf 83' lang='lat' dir='ltr'>esse.</span> <span class='ocrx_word' id='word_1_352' title='bbox 2009 641 2081 674; x_wconf 37' lang='lat' dir='ltr'>Ali-</span> 
     </span>
     <span class='ocr_line' id='line_1_60' title="bbox 1098 690 2081 735; baseline 0.001 -12"><span class='ocrx_word' id='word_1_353' title='bbox 1098 696 1150 723; x_wconf 90' lang='lat' dir='ltr'>ter</span> <span class='ocrx_word' id='word_1_354' title='bbox 1184 690 1367 735; x_wconf 79' lang='lat' dir='ltr'>praevidet</span> <span class='ocrx_word' id='word_1_355' title='bbox 1400 696 1434 723; x_wconf 89' lang='lat' dir='ltr'>et</span> <span class='ocrx_word' id='word_1_356' title='bbox 1465 691 1678 723; x_wconf 78' lang='lat' dir='ltr'>determinat</span> <span class='ocrx_word' id='word_1_357' title='bbox 1705 698 1846 734; x_wconf 84' lang='lat' dir='ltr'>peccata</span> <span class='ocrx_word' id='word_1_358' title='bbox 1880 690 2081 732; x_wconf 87' lang='lat' dir='ltr'>hominum,</span> 
     </span>
     <span class='ocr_line' id='line_1_61' title="bbox 1098 741 2080 786; baseline 0.002 -12"><span class='ocrx_word' id='word_1_359' title='bbox 1098 753 1186 786; x_wconf 87' lang='lat' dir='ltr'>quae</span> <span class='ocrx_word' id='word_1_360' title='bbox 1214 741 1398 786; x_wconf 86' lang='lat' dir='ltr'>permittit.</span> <span class='ocrx_word' id='word_1_361' title='bbox 1450 741 1545 774; x_wconf 90' lang='lat' dir='ltr'>Haec</span> <span class='ocrx_word' id='word_1_362' title='bbox 1564 742 1739 785; x_wconf 70' lang='lat' dir='ltr'>praevisio</span> <span class='ocrx_word' id='word_1_363' title='bbox 1756 755 1816 775; x_wconf 88' lang='lat' dir='ltr'>seu</span> <span class='ocrx_word' id='word_1_364' title='bbox 1832 743 2080 776; x_wconf 70' lang='lat' dir='ltr'>determinatio</span> 
     </span>
     <span class='ocr_line' id='line_1_62' title="bbox 1096 792 2082 836; baseline 0.002 -11"><span class='ocrx_word' id='word_1_365' title='bbox 1096 805 1242 836; x_wconf 89' lang='lat' dir='ltr'>prorsus</span> <span class='ocrx_word' id='word_1_366' title='bbox 1265 793 1400 826; x_wconf 86' lang='lat' dir='ltr'>nullam</span> <span class='ocrx_word' id='word_1_367' title='bbox 1427 792 1529 825; x_wconf 84' lang='lat' dir='ltr'>affert</span> <span class='ocrx_word' id='word_1_368' title='bbox 1550 792 1793 825; x_wconf 85' lang='lat' dir='ltr'>necessitatem</span> <span class='ocrx_word' id='word_1_369' title='bbox 1818 794 1992 827; x_wconf 84' lang='lat' dir='ltr'>voluntati</span> <span class='ocrx_word' id='word_1_370' title='bbox 2019 807 2082 827; x_wconf 92' lang='lat' dir='ltr'>no-</span> 
     </span>
     <span class='ocr_line' id='line_1_63' title="bbox 1097 843 2083 889; baseline 0.001 -12"><span class='ocrx_word' id='word_1_371' title='bbox 1097 850 1206 877; x_wconf 89' lang='lat' dir='ltr'>strae:</span> <span class='ocrx_word' id='word_1_372' title='bbox 1242 844 1425 887; x_wconf 70' lang='lat' dir='ltr'>praevidet</span> <span class='ocrx_word' id='word_1_373' title='bbox 1457 843 1570 883; x_wconf 86' lang='lat' dir='ltr'>enim,</span> <span class='ocrx_word' id='word_1_374' title='bbox 1605 843 1688 889; x_wconf 87' lang='lat' dir='ltr'>quia</span> <span class='ocrx_word' id='word_1_375' title='bbox 1721 850 1801 876; x_wconf 88' lang='lat' dir='ltr'>sunt</span> <span class='ocrx_word' id='word_1_376' title='bbox 1826 851 2015 886; x_wconf 84' lang='lat' dir='ltr'>eventura,</span> <span class='ocrx_word' id='word_1_377' title='bbox 2050 852 2083 878; x_wconf 87' lang='lat' dir='ltr'>et</span> 
     </span>
     <span class='ocr_line' id='line_1_64' title="bbox 1097 894 2082 940; baseline 0 -11"><span class='ocrx_word' id='word_1_378' title='bbox 1097 895 1329 935; x_wconf 79' lang='lat' dir='ltr'>determinat,</span> <span class='ocrx_word' id='word_1_379' title='bbox 1358 906 1542 940; x_wconf 84' lang='lat' dir='ltr'>quousque</span> <span class='ocrx_word' id='word_1_380' title='bbox 1567 894 1612 927; x_wconf 92' lang='lat' dir='ltr'>sit</span> <span class='ocrx_word' id='word_1_381' title='bbox 1638 894 1885 939; x_wconf 85' lang='lat' dir='ltr'>permissurus.</span> <span class='ocrx_word' id='word_1_382' title='bbox 1940 895 2011 928; x_wconf 84' lang='lat' dir='ltr'>lam</span> <span class='ocrx_word' id='word_1_383' title='bbox 2038 898 2082 929; x_wconf 91' lang='lat' dir='ltr'>ad</span> 
     </span>
     <span class='ocr_line' id='line_1_65' title="bbox 1096 945 2082 991; baseline 0 -12"><span class='ocrx_word' id='word_1_384' title='bbox 1096 946 1270 979; x_wconf 89' lang='lat' dir='ltr'>maiorem</span> <span class='ocrx_word' id='word_1_385' title='bbox 1290 946 1507 991; x_wconf 80' lang='lat' dir='ltr'>respondeo,</span> <span class='ocrx_word' id='word_1_386' title='bbox 1535 945 1786 979; x_wconf 86' lang='lat' dir='ltr'>determinatio</span> <span class='ocrx_word' id='word_1_387' title='bbox 1806 946 1926 978; x_wconf 85' lang='lat' dir='ltr'>divina</span> <span class='ocrx_word' id='word_1_388' title='bbox 1947 953 1994 980; x_wconf 87' lang='lat' dir='ltr'>est</span> <span class='ocrx_word' id='word_1_389' title='bbox 2019 946 2082 979; x_wconf 90' lang='lat' dir='ltr'>im-</span> 
     </span>
     <span class='ocr_line' id='line_1_66' title="bbox 1096 997 2081 1037; baseline 0 -6"><span class='ocrx_word' id='word_1_390' title='bbox 1096 997 1293 1037; x_wconf 86' lang='lat' dir='ltr'>mutabilis,</span> <span class='ocrx_word' id='word_1_391' title='bbox 1321 1003 1355 1029; x_wconf 90' lang='lat' dir='ltr'>et</span> <span class='ocrx_word' id='word_1_392' title='bbox 1378 997 1576 1030; x_wconf 83' lang='lat' dir='ltr'>necessario</span> <span class='ocrx_word' id='word_1_393' title='bbox 1594 1009 1696 1036; x_wconf 85' lang='lat' dir='ltr'>vera,</span> <span class='ocrx_word' id='word_1_394' title='bbox 1718 997 1848 1030; x_wconf 77' lang='lat' dir='ltr'>scillcet</span> <span class='ocrx_word' id='word_1_395' title='bbox 1877 997 2081 1031; x_wconf 84' lang='lat' dir='ltr'>necessitate</span> 
     </span>
     <span class='ocr_line' id='line_1_67' title="bbox 1096 1048 2079 1094; baseline 0.001 -12"><span class='ocrx_word' id='word_1_396' title='bbox 1096 1048 1366 1094; x_wconf 85' lang='lat' dir='ltr'>consequentiae</span> <span class='ocrx_word' id='word_1_397' title='bbox 1378 1075 1386 1089; x_wconf 91' lang='lat'>,</span> <span class='ocrx_word' id='word_1_398' title='bbox 1412 1060 1501 1094; x_wconf 87' lang='lat' dir='ltr'>quae</span> <span class='ocrx_word' id='word_1_399' title='bbox 1517 1060 1591 1081; x_wconf 91' lang='lat' dir='ltr'>non</span> <span class='ocrx_word' id='word_1_400' title='bbox 1609 1049 1721 1081; x_wconf 86' lang='lat' dir='ltr'>adfert</span> <span class='ocrx_word' id='word_1_401' title='bbox 1739 1048 1946 1091; x_wconf 87' lang='lat' dir='ltr'>simpliciter</span> <span class='ocrx_word' id='word_1_402' title='bbox 1962 1060 2079 1083; x_wconf 84' lang='lat' dir='ltr'>neces—</span> 
     </span>
     <span class='ocr_line' id='line_1_68' title="bbox 1096 1099 2080 1143; baseline -0.002 -9"><span class='ocrx_word' id='word_1_403' title='bbox 1096 1101 1247 1134; x_wconf 88' lang='lat' dir='ltr'>sitatem.</span> <span class='ocrx_word' id='word_1_404' title='bbox 1290 1099 1386 1133; x_wconf 89' lang='lat' dir='ltr'>Deus</span> <span class='ocrx_word' id='word_1_405' title='bbox 1404 1099 1588 1143; x_wconf 74' lang='lat' dir='ltr'>praevidet</span> <span class='ocrx_word' id='word_1_406' title='bbox 1605 1099 1719 1132; x_wconf 85' lang='lat' dir='ltr'>Saulis</span> <span class='ocrx_word' id='word_1_407' title='bbox 1738 1099 1889 1142; x_wconf 74' lang='lat' dir='ltr'>flagitia,</span> <span class='ocrx_word' id='word_1_408' title='bbox 1919 1106 1952 1132; x_wconf 90' lang='lat' dir='ltr'>et</span> <span class='ocrx_word' id='word_1_409' title='bbox 1967 1100 2080 1133; x_wconf 88' lang='lat' dir='ltr'>deter-</span> 
     </span>
     <span class='ocr_line' id='line_1_69' title="bbox 1095 1150 2082 1197; baseline -0.001 -13"><span class='ocrx_word' id='word_1_410' title='bbox 1095 1151 1226 1191; x_wconf 88' lang='lat' dir='ltr'>minat,</span> <span class='ocrx_word' id='word_1_411' title='bbox 1261 1163 1445 1197; x_wconf 88' lang='lat' dir='ltr'>quousque</span> <span class='ocrx_word' id='word_1_412' title='bbox 1479 1151 1714 1195; x_wconf 86' lang='lat' dir='ltr'>permissurus</span> <span class='ocrx_word' id='word_1_413' title='bbox 1744 1150 1798 1184; x_wconf 86' lang='lat' dir='ltr'>sit.</span> <span class='ocrx_word' id='word_1_414' title='bbox 1852 1150 1946 1184; x_wconf 89' lang='lat' dir='ltr'>Haec</span> <span class='ocrx_word' id='word_1_415' title='bbox 1981 1163 2082 1195; x_wconf 89' lang='lat' dir='ltr'>prae-</span> 
     </span>
     <span class='ocr_line' id='line_1_70' title="bbox 1096 1201 2082 1246; baseline 0 -11"><span class='ocrx_word' id='word_1_416' title='bbox 1096 1203 1185 1236; x_wconf 88' lang='lat' dir='ltr'>visio</span> <span class='ocrx_word' id='word_1_417' title='bbox 1211 1208 1244 1235; x_wconf 89' lang='lat' dir='ltr'>et</span> <span class='ocrx_word' id='word_1_418' title='bbox 1269 1201 1454 1246; x_wconf 89' lang='lat' dir='ltr'>permissio</span> <span class='ocrx_word' id='word_1_419' title='bbox 1478 1202 1613 1235; x_wconf 90' lang='lat' dir='ltr'>nullam</span> <span class='ocrx_word' id='word_1_420' title='bbox 1631 1202 1745 1234; x_wconf 84' lang='lat' dir='ltr'>adfert</span> <span class='ocrx_word' id='word_1_421' title='bbox 1761 1202 2003 1235; x_wconf 87' lang='lat' dir='ltr'>necessitatem</span> <span class='ocrx_word' id='word_1_422' title='bbox 2022 1214 2082 1235; x_wconf 90' lang='lat' dir='ltr'>vo-</span> 
     </span>
     <span class='ocr_line' id='line_1_71' title="bbox 1096 1251 2081 1298; baseline 0.001 -13"><span class='ocrx_word' id='word_1_423' title='bbox 1096 1254 1224 1286; x_wconf 90' lang='lat' dir='ltr'>luntati</span> <span class='ocrx_word' id='word_1_424' title='bbox 1241 1253 1366 1287; x_wconf 90' lang='lat' dir='ltr'>Saulis.</span> <span class='ocrx_word' id='word_1_425' title='bbox 1409 1251 1496 1286; x_wconf 84' lang='lat' dir='ltr'>Item</span> <span class='ocrx_word' id='word_1_426' title='bbox 1514 1253 1598 1286; x_wconf 89' lang='lat' dir='ltr'>Saul</span> <span class='ocrx_word' id='word_1_427' title='bbox 1617 1252 1783 1297; x_wconf 87' lang='lat' dir='ltr'>punitur,</span> <span class='ocrx_word' id='word_1_428' title='bbox 1811 1253 1892 1297; x_wconf 87' lang='lat' dir='ltr'>quia</span> <span class='ocrx_word' id='word_1_429' title='bbox 1912 1253 2081 1298; x_wconf 84' lang='lat' dir='ltr'>peccavit.</span> 
     </span>
     <span class='ocr_line' id='line_1_72' title="bbox 1095 1303 2079 1349; baseline 0.001 -14"><span class='ocrx_word' id='word_1_430' title='bbox 1095 1304 1228 1337; x_wconf 88' lang='lat' dir='ltr'>Verum</span> <span class='ocrx_word' id='word_1_431' title='bbox 1247 1309 1388 1348; x_wconf 84' lang='lat' dir='ltr'>poterat</span> <span class='ocrx_word' id='word_1_432' title='bbox 1404 1303 1487 1336; x_wconf 86' lang='lat' dir='ltr'>Saul</span> <span class='ocrx_word' id='word_1_433' title='bbox 1506 1304 1668 1336; x_wconf 89' lang='lat' dir='ltr'>omittere</span> <span class='ocrx_word' id='word_1_434' title='bbox 1687 1304 1746 1336; x_wconf 86' lang='lat' dir='ltr'>illa</span> <span class='ocrx_word' id='word_1_435' title='bbox 1763 1304 1906 1338; x_wconf 88' lang='lat' dir='ltr'>scelera.</span> <span class='ocrx_word' id='word_1_436' title='bbox 1960 1304 2079 1349; x_wconf 78' lang='lat' dir='ltr'>Quare</span> 
     </span>
     <span class='ocr_line' id='line_1_73' title="bbox 1095 1354 2081 1399; baseline 0.002 -13"><span class='ocrx_word' id='word_1_437' title='bbox 1095 1355 1276 1387; x_wconf 88' lang='lat' dir='ltr'>dialectica</span> <span class='ocrx_word' id='word_1_438' title='bbox 1298 1354 1356 1386; x_wconf 86' lang='lat' dir='ltr'>illa</span> <span class='ocrx_word' id='word_1_439' title='bbox 1374 1354 1560 1387; x_wconf 88' lang='lat' dir='ltr'>necessitas</span> <span class='ocrx_word' id='word_1_440' title='bbox 1577 1354 1868 1399; x_wconf 86' lang='lat' dir='ltr'>consequentiae,</span> <span class='ocrx_word' id='word_1_441' title='bbox 1896 1367 1970 1388; x_wconf 92' lang='lat' dir='ltr'>non</span> <span class='ocrx_word' id='word_1_442' title='bbox 1990 1355 2081 1388; x_wconf 88' lang='lat' dir='ltr'>tollit</span> 
     </span>
     <span class='ocr_line' id='line_1_74' title="bbox 1093 1404 1825 1450; baseline 0.001 -13"><span class='ocrx_word' id='word_1_443' title='bbox 1093 1417 1131 1438; x_wconf 92' lang='lat' dir='ltr'>re</span> <span class='ocrx_word' id='word_1_444' title='bbox 1148 1406 1222 1450; x_wconf 90' lang='lat' dir='ltr'>ipsa</span> <span class='ocrx_word' id='word_1_445' title='bbox 1242 1404 1519 1447; x_wconf 86' lang='lat' dir='ltr'>contingentiam</span> <span class='ocrx_word' id='word_1_446' title='bbox 1539 1411 1600 1437; x_wconf 89' lang='lat' dir='ltr'>aut</span> <span class='ocrx_word' id='word_1_447' title='bbox 1616 1405 1825 1439; x_wconf 84' lang='lat' dir='ltr'>libertatem.</span> 
     </span>
    </p>

    <p class='ocr_par' dir='ltr' id='par_1_16' title="bbox 1080 1454 2079 2473">
     <span class='ocr_line' id='line_1_75' title="bbox 1196 1454 2079 1499; baseline 0.002 -13"><span class='ocrx_word' id='word_1_448' title='bbox 1196 1454 1427 1498; x_wconf 83' lang='lat' dir='ltr'>Explodenda</span> <span class='ocrx_word' id='word_1_449' title='bbox 1455 1461 1506 1487; x_wconf 88' lang='lat' dir='ltr'>est</span> <span class='ocrx_word' id='word_1_450' title='bbox 1529 1454 1636 1498; x_wconf 85' lang='lat' dir='ltr'>igitur</span> <span class='ocrx_word' id='word_1_451' title='bbox 1659 1455 1860 1488; x_wconf 80' lang='lat' dir='ltr'>Stoicorum</span> <span class='ocrx_word' id='word_1_452' title='bbox 1888 1455 2010 1499; x_wconf 90' lang='lat' dir='ltr'>opinio</span> <span class='ocrx_word' id='word_1_453' title='bbox 2038 1456 2079 1489; x_wconf 81' lang='lat' dir='ltr'>de</span> 
     </span>
     <span class='ocr_line' id='line_1_76' title="bbox 1092 1505 2077 1550; baseline 0 -12"><span class='ocrx_word' id='word_1_454' title='bbox 1092 1505 1316 1545; x_wconf 88' lang='lat' dir='ltr'>necessitate,</span> <span class='ocrx_word' id='word_1_455' title='bbox 1345 1505 1553 1550; x_wconf 87' lang='lat' dir='ltr'>praesertim</span> <span class='ocrx_word' id='word_1_456' title='bbox 1571 1518 1648 1538; x_wconf 89' lang='grc'>011111</span> <span class='ocrx_word' id='word_1_457' title='bbox 1665 1506 1709 1539; x_wconf 88' lang='grc'>511</span> <span class='ocrx_word' id='word_1_458' title='bbox 1727 1506 1953 1539; x_wconf 89' lang='lat' dir='ltr'>incommoda</span> <span class='ocrx_word' id='word_1_459' title='bbox 1969 1506 2077 1539; x_wconf 89' lang='lat' dir='ltr'>mori-</span> 
     </span>
     <span class='ocr_line' id='line_1_77' title="bbox 1091 1557 2078 1601; baseline 0 -11"><span class='ocrx_word' id='word_1_460' title='bbox 1091 1558 1172 1590; x_wconf 89' lang='lat' dir='ltr'>bus:</span> <span class='ocrx_word' id='word_1_461' title='bbox 1226 1563 1266 1590; x_wconf 88' lang='lat' dir='ltr'>ut</span> <span class='ocrx_word' id='word_1_462' title='bbox 1300 1557 1452 1590; x_wconf 87' lang='lat' dir='ltr'>Zenonis</span> <span class='ocrx_word' id='word_1_463' title='bbox 1489 1557 1648 1590; x_wconf 69' lang='lat' dir='ltr'>serwilus</span> <span class='ocrx_word' id='word_1_464' title='bbox 1685 1557 1862 1590; x_wconf 83' lang='lat' dir='ltr'>excusavit</span> <span class='ocrx_word' id='word_1_465' title='bbox 1896 1563 2078 1601; x_wconf 87' lang='lat' dir='ltr'>peecatum</span> 
     </span>
     <span class='ocr_line' id='line_1_78' title="bbox 1090 1607 2078 1653; baseline 0 -11"><span class='ocrx_word' id='word_1_466' title='bbox 1090 1621 1214 1648; x_wconf 85' lang='lat' dir='ltr'>suum,</span> <span class='ocrx_word' id='word_1_467' title='bbox 1249 1609 1345 1653; x_wconf 90' lang='lat' dir='ltr'>quod</span> <span class='ocrx_word' id='word_1_468' title='bbox 1378 1607 1539 1651; x_wconf 81' lang='lat' dir='ltr'>magistri</span> <span class='ocrx_word' id='word_1_469' title='bbox 1561 1608 1634 1640; x_wconf 82' lang='lat' dir='ltr'>sato</span> <span class='ocrx_word' id='word_1_470' title='bbox 1667 1614 1826 1648; x_wconf 88' lang='lat' dir='ltr'>coactus,</span> <span class='ocrx_word' id='word_1_471' title='bbox 1862 1608 2078 1653; x_wconf 84' lang='lat' dir='ltr'>deliquisset,</span> 
     </span>
     <span class='ocr_line' id='line_1_79' title="bbox 1091 1658 2077 1703; baseline 0 -11"><span class='ocrx_word' id='word_1_472' title='bbox 1091 1666 1124 1692; x_wconf 89' lang='lat' dir='ltr'>et</span> <span class='ocrx_word' id='word_1_473' title='bbox 1146 1660 1312 1693; x_wconf 89' lang='lat' dir='ltr'>obscurat</span> <span class='ocrx_word' id='word_1_474' title='bbox 1336 1659 1486 1703; x_wconf 76' lang='lat' dir='ltr'>gloriam</span> <span class='ocrx_word' id='word_1_475' title='bbox 1502 1658 1587 1698; x_wconf 92' lang='lat' dir='ltr'>Dei,</span> <span class='ocrx_word' id='word_1_476' title='bbox 1616 1672 1694 1692; x_wconf 88' lang='grc'>011111</span> <span class='ocrx_word' id='word_1_477' title='bbox 1712 1659 1794 1692; x_wconf 84' lang='lat' dir='ltr'>facit</span> <span class='ocrx_word' id='word_1_478' title='bbox 1818 1671 1897 1692; x_wconf 89' lang='lat' dir='ltr'>eum</span> <span class='ocrx_word' id='word_1_479' title='bbox 1916 1666 2077 1693; x_wconf 87' lang='lat' dir='ltr'>autorem</span> 
     </span>
     <span class='ocr_line' id='line_1_80' title="bbox 1088 1709 2074 1756; baseline 0 -13"><span class='ocrx_word' id='word_1_480' title='bbox 1088 1710 1234 1755; x_wconf 86' lang='lat' dir='ltr'>peccati.</span> <span class='ocrx_word' id='word_1_481' title='bbox 1287 1710 1473 1744; x_wconf 84' lang='lat' dir='ltr'>Praeclare</span> <span class='ocrx_word' id='word_1_482' title='bbox 1506 1717 1624 1743; x_wconf 88' lang='lat' dir='ltr'>autem</span> <span class='ocrx_word' id='word_1_483' title='bbox 1651 1709 1839 1754; x_wconf 80' lang='lat' dir='ltr'>Euripides</span> <span class='ocrx_word' id='word_1_484' title='bbox 1872 1710 2001 1756; x_wconf 84' lang='lat' dir='ltr'>inquit:</span> <span class='ocrx_word' id='word_1_485' title='bbox 2038 1711 2074 1744; x_wconf 88' lang='lat' dir='ltr'>Si</span> 
     </span>
     <span class='ocr_line' id='line_1_81' title="bbox 1089 1759 2076 1807; baseline 0.002 -13"><span class='ocrx_word' id='word_1_486' title='bbox 1089 1762 1174 1807; x_wconf 88' lang='lat' dir='ltr'>quid</span> <span class='ocrx_word' id='word_1_487' title='bbox 1199 1768 1302 1805; x_wconf 88' lang='lat' dir='ltr'>turpe</span> <span class='ocrx_word' id='word_1_488' title='bbox 1326 1761 1459 1795; x_wconf 86' lang='lat' dir='ltr'>faciunt</span> <span class='ocrx_word' id='word_1_489' title='bbox 1476 1760 1556 1802; x_wconf 81' lang='lat' dir='ltr'>Dii,</span> <span class='ocrx_word' id='word_1_490' title='bbox 1585 1773 1658 1794; x_wconf 92' lang='lat' dir='ltr'>non</span> <span class='ocrx_word' id='word_1_491' title='bbox 1681 1768 1761 1794; x_wconf 87' lang='lat' dir='ltr'>sunt</span> <span class='ocrx_word' id='word_1_492' title='bbox 1778 1762 1857 1801; x_wconf 77' lang='lat' dir='ltr'>Dii,</span> <span class='ocrx_word' id='word_1_493' title='bbox 1884 1763 1928 1795; x_wconf 81' lang='grc' dir='ltr'>Εἰ</span> <span class='ocrx_word' id='word_1_494' title='bbox 1945 1759 2028 1796; x_wconf 73' lang='grc' dir='ltr'>θεοί</span> <span class='ocrx_word' id='word_1_495' title='bbox 2042 1775 2076 1796; x_wconf 78' lang='grc' dir='ltr'>τι</span> 
     </span>
     <span class='ocr_line' id='line_1_82' title="bbox 1087 1810 2075 1859; baseline -0.002 -12"><span class='ocrx_word' id='word_1_496' title='bbox 1087 1811 1228 1859; x_wconf 67' lang='grc' dir='ltr'><em>δρῶσιν</em></span> <span class='ocrx_word' id='word_1_497' title='bbox 1254 1810 1427 1858; x_wconf 76' lang='grc' dir='ltr'>αἰσχρὸν,</span> <span class='ocrx_word' id='word_1_498' title='bbox 1457 1811 1524 1847; x_wconf 76' lang='grc' dir='ltr'>οὐκ</span> <span class='ocrx_word' id='word_1_499' title='bbox 1551 1810 1643 1847; x_wconf 75' lang='grc' dir='ltr'><em>εἰσὶν</em></span> <span class='ocrx_word' id='word_1_500' title='bbox 1667 1810 1752 1847; x_wconf 72' lang='grc' dir='ltr'>θεοί</span> <span class='ocrx_word' id='word_1_501' title='bbox 1767 1812 1824 1857; x_wconf 61' lang='lat'>⁴³⁸).</span> <span class='ocrx_word' id='word_1_502' title='bbox 1887 1812 1990 1846; x_wconf 64' lang='lat' dir='ltr'>Nunc</span> <span class='ocrx_word' id='word_1_503' title='bbox 2019 1824 2075 1845; x_wconf 87' lang='lat' dir='ltr'>ac-</span> 
     </span>
     <span class='ocr_line' id='line_1_83' title="bbox 1087 1862 2073 1909; baseline -0.001 -12"><span class='ocrx_word' id='word_1_504' title='bbox 1087 1865 1172 1897; x_wconf 88' lang='lat' dir='ltr'>cedo</span> <span class='ocrx_word' id='word_1_505' title='bbox 1207 1864 1251 1896; x_wconf 89' lang='lat' dir='ltr'>ad</span> <span class='ocrx_word' id='word_1_506' title='bbox 1284 1862 1553 1907; x_wconf 80' lang='lat' dir='ltr'>Tlieologorum</span> <span class='ocrx_word' id='word_1_507' title='bbox 1585 1864 1883 1907; x_wconf 88' lang='lat' dir='ltr'>disputationem,</span> <span class='ocrx_word' id='word_1_508' title='bbox 1920 1874 2073 1909; x_wconf 85' lang='lat' dir='ltr'>quorum</span> 
     </span>
     <span class='ocr_line' id='line_1_84' title="bbox 1086 1913 2073 1961; baseline -0.001 -13"><span class='ocrx_word' id='word_1_509' title='bbox 1086 1915 1196 1961; x_wconf 87' lang='lat' dir='ltr'>aliqui</span> <span class='ocrx_word' id='word_1_510' title='bbox 1215 1927 1359 1960; x_wconf 86' lang='lat' dir='ltr'>prorsus</span> <span class='ocrx_word' id='word_1_511' title='bbox 1377 1916 1567 1948; x_wconf 82' lang='lat' dir='ltr'>voluerunt</span> <span class='ocrx_word' id='word_1_512' title='bbox 1585 1915 1707 1947; x_wconf 88' lang='lat' dir='ltr'>tollere</span> <span class='ocrx_word' id='word_1_513' title='bbox 1725 1915 1924 1947; x_wconf 81' lang='lat' dir='ltr'>libertatem</span> <span class='ocrx_word' id='word_1_514' title='bbox 1949 1913 2073 1948; x_wconf 79' lang='lat' dir='ltr'>liuma-</span> 
     </span>
     <span class='ocr_line' id='line_1_85' title="bbox 1085 1965 2072 2005; baseline 0 -6"><span class='ocrx_word' id='word_1_515' title='bbox 1085 1979 1152 2000; x_wconf 90' lang='lat' dir='ltr'>nae</span> <span class='ocrx_word' id='word_1_516' title='bbox 1169 1966 1381 2005; x_wconf 88' lang='lat' dir='ltr'>voluntatis,</span> <span class='ocrx_word' id='word_1_517' title='bbox 1409 1967 1470 1999; x_wconf 87' lang='lat' dir='ltr'>sed</span> <span class='ocrx_word' id='word_1_518' title='bbox 1488 1972 1605 1998; x_wconf 85' lang='lat' dir='ltr'>tamen</span> <span class='ocrx_word' id='word_1_519' title='bbox 1626 1966 1772 1999; x_wconf 76' lang='lat' dir='ltr'>diversis</span> <span class='ocrx_word' id='word_1_520' title='bbox 1792 1966 1917 2000; x_wconf 79' lang='lat' dir='ltr'>1iio(IIs.</span> <span class='ocrx_word' id='word_1_521' title='bbox 1972 1965 2072 1999; x_wconf 89' lang='lat' dir='ltr'>Unus</span> 
     </span>
     <span class='ocr_line' id='line_1_86' title="bbox 1085 2017 2070 2062; baseline -0.001 -12"><span class='ocrx_word' id='word_1_522' title='bbox 1085 2019 1212 2051; x_wconf 88' lang='lat' dir='ltr'>modus</span> <span class='ocrx_word' id='word_1_523' title='bbox 1236 2024 1287 2051; x_wconf 90' lang='lat' dir='ltr'>est</span> <span class='ocrx_word' id='word_1_524' title='bbox 1309 2017 1450 2057; x_wconf 70' lang='lat' dir='ltr'>Vallae,</span> <span class='ocrx_word' id='word_1_525' title='bbox 1486 2017 1547 2062; x_wconf 86' lang='lat' dir='ltr'>qui</span> <span class='ocrx_word' id='word_1_526' title='bbox 1575 2029 1686 2061; x_wconf 90' lang='lat' dir='ltr'>paene</span> <span class='ocrx_word' id='word_1_527' title='bbox 1707 2017 1825 2050; x_wconf 89' lang='lat' dir='ltr'>Stoico</span> <span class='ocrx_word' id='word_1_528' title='bbox 1855 2029 1954 2050; x_wconf 89' lang='lat' dir='ltr'>more</span> <span class='ocrx_word' id='word_1_529' title='bbox 1979 2017 2070 2049; x_wconf 89' lang='lat' dir='ltr'>tollit</span> 
     </span>
     <span class='ocr_line' id='line_1_87' title="bbox 1084 2068 2071 2113; baseline -0.002 -11"><span class='ocrx_word' id='word_1_530' title='bbox 1084 2069 1282 2102; x_wconf 87' lang='lat' dir='ltr'>libertatem</span> <span class='ocrx_word' id='word_1_531' title='bbox 1310 2074 1458 2113; x_wconf 86' lang='lat' dir='ltr'>propter</span> <span class='ocrx_word' id='word_1_532' title='bbox 1482 2068 1534 2100; x_wconf 68' lang='lat' dir='ltr'>dix</span> <span class='ocrx_word' id='word_1_533' title='bbox 1546 2069 1641 2101; x_wconf 86' lang='grc'>11111111</span> <span class='ocrx_word' id='word_1_534' title='bbox 1663 2068 1932 2112; x_wconf 80' lang='lat' dir='ltr'>praescientiam</span> <span class='ocrx_word' id='word_1_535' title='bbox 1956 2074 1988 2100; x_wconf 80' lang='lat' dir='ltr'>et</span> <span class='ocrx_word' id='word_1_536' title='bbox 2013 2068 2071 2100; x_wconf 86' lang='lat' dir='ltr'>de—</span> 
     </span>
     <span class='ocr_line' id='line_1_88' title="bbox 1084 2118 2070 2153; baseline -0.003 0"><span class='ocrx_word' id='word_1_537' title='bbox 1084 2120 1384 2153; x_wconf 88' lang='lat' dir='ltr'>terminationem.</span> <span class='ocrx_word' id='word_1_538' title='bbox 1445 2120 1513 2152; x_wconf 88' lang='lat' dir='ltr'>Sed</span> <span class='ocrx_word' id='word_1_539' title='bbox 1537 2118 1604 2152; x_wconf 89' lang='grc'>1100</span> <span class='ocrx_word' id='word_1_540' title='bbox 1629 2131 1703 2152; x_wconf 89' lang='grc'>11011</span> <span class='ocrx_word' id='word_1_541' title='bbox 1728 2125 1865 2152; x_wconf 83' lang='lat' dir='ltr'>tantuin</span> <span class='ocrx_word' id='word_1_542' title='bbox 1891 2125 1939 2152; x_wconf 87' lang='lat' dir='ltr'>est</span> <span class='ocrx_word' id='word_1_543' title='bbox 1966 2119 2070 2151; x_wconf 88' lang='lat' dir='ltr'>liber-</span> 
     </span>
     <span class='ocr_line' id='line_1_89' title="bbox 1084 2170 2069 2213; baseline -0.002 -9"><span class='ocrx_word' id='word_1_544' title='bbox 1084 2178 1191 2204; x_wconf 88' lang='lat' dir='ltr'>tatem</span> <span class='ocrx_word' id='word_1_545' title='bbox 1227 2170 1443 2210; x_wconf 81' lang='lat' dir='ltr'>voluntatis,</span> <span class='ocrx_word' id='word_1_546' title='bbox 1477 2172 1537 2204; x_wconf 90' lang='lat' dir='ltr'>sed</span> <span class='ocrx_word' id='word_1_547' title='bbox 1566 2171 1605 2203; x_wconf 79' lang='lat' dir='ltr'>in</span> <span class='ocrx_word' id='word_1_548' title='bbox 1629 2171 1835 2204; x_wconf 78' lang='lat' dir='ltr'>universum</span> <span class='ocrx_word' id='word_1_549' title='bbox 1864 2170 2069 2213; x_wconf 80' lang='lat' dir='ltr'>contingen-</span> 
     </span>
     <span class='ocr_line' id='line_1_90' title="bbox 1083 2221 2068 2261; baseline -0.002 -6"><span class='ocrx_word' id='word_1_550' title='bbox 1083 2223 1168 2256; x_wconf 88' lang='lat' dir='ltr'>tiam</span> <span class='ocrx_word' id='word_1_551' title='bbox 1196 2223 1319 2255; x_wconf 91' lang='lat' dir='ltr'>tollere</span> <span class='ocrx_word' id='word_1_552' title='bbox 1345 2223 1380 2254; x_wconf 92' lang='lat' dir='ltr'>in</span> <span class='ocrx_word' id='word_1_553' title='bbox 1397 2222 1561 2256; x_wconf 89' lang='lat' dir='ltr'>omnibus</span> <span class='ocrx_word' id='word_1_554' title='bbox 1582 2221 1797 2261; x_wconf 86' lang='lat' dir='ltr'>actionibus,</span> <span class='ocrx_word' id='word_1_555' title='bbox 1825 2234 1904 2254; x_wconf 91' lang='lat' dir='ltr'>cum</span> <span class='ocrx_word' id='word_1_556' title='bbox 1924 2227 2068 2253; x_wconf 64' lang='lat' dir='ltr'>natura·</span> 
     </span>
     <span class='ocr_line' id='line_1_91' title="bbox 1081 2271 2065 2320; baseline -0.002 -14"><span class='ocrx_word' id='word_1_557' title='bbox 1081 2274 1184 2313; x_wconf 85' lang='lat' dir='ltr'>libus,</span> <span class='ocrx_word' id='word_1_558' title='bbox 1203 2271 1325 2320; x_wconf 42' lang='grc' dir='ltr'>111111ἥ)</span> <span class='ocrx_word' id='word_1_559' title='bbox 1341 2273 1562 2313; x_wconf 86' lang='lat' dir='ltr'>voluntariis,</span> <span class='ocrx_word' id='word_1_560' title='bbox 1581 2273 1684 2306; x_wconf 88' lang='lat' dir='ltr'>bonis</span> <span class='ocrx_word' id='word_1_561' title='bbox 1700 2279 1731 2305; x_wconf 88' lang='lat' dir='ltr'>et</span> <span class='ocrx_word' id='word_1_562' title='bbox 1750 2272 1865 2305; x_wconf 85' lang='lat' dir='ltr'>malis:</span> <span class='ocrx_word' id='word_1_563' title='bbox 1886 2272 2065 2316; x_wconf 78' lang='lat' dir='ltr'>Scriptura</span> 
     </span>
     <span class='ocr_line' id='line_1_92' title="bbox 1082 2322 2064 2359; baseline -0.003 -1"><span class='ocrx_word' id='word_1_564' title='bbox 1082 2332 1199 2359; x_wconf 84' lang='lat' dir='ltr'>autem</span> <span class='ocrx_word' id='word_1_565' title='bbox 1216 2325 1383 2358; x_wconf 86' lang='lat' dir='ltr'>discernit</span> <span class='ocrx_word' id='word_1_566' title='bbox 1398 2324 1490 2357; x_wconf 87' lang='lat' dir='ltr'>inter</span> <span class='ocrx_word' id='word_1_567' title='bbox 1506 2325 1617 2357; x_wconf 87' lang='lat' dir='ltr'>bonas</span> <span class='ocrx_word' id='word_1_568' title='bbox 1635 2330 1667 2356; x_wconf 89' lang='lat' dir='ltr'>et</span> <span class='ocrx_word' id='word_1_569' title='bbox 1684 2324 1793 2356; x_wconf 82' lang='lat' dir='ltr'>malas</span> <span class='ocrx_word' id='word_1_570' title='bbox 1810 2323 1976 2356; x_wconf 75' lang='lat' dir='ltr'>actiones.</span> <span class='ocrx_word' id='word_1_571' title='bbox 2020 2322 2064 2355; x_wconf 76' lang='lat' dir='ltr'>Et</span> 
     </span>
     <span class='ocr_line' id='line_1_93' title="bbox 1080 2374 2064 2421; baseline -0.003 -12"><span class='ocrx_word' id='word_1_572' title='bbox 1080 2377 1184 2421; x_wconf 80' lang='lat' dir='ltr'>longe</span> <span class='ocrx_word' id='word_1_573' title='bbox 1207 2377 1274 2409; x_wconf 88' lang='lat' dir='ltr'>alia</span> <span class='ocrx_word' id='word_1_574' title='bbox 1301 2376 1459 2421; x_wconf 83' lang='lat' dir='ltr'>quaestio</span> <span class='ocrx_word' id='word_1_575' title='bbox 1486 2382 1535 2408; x_wconf 90' lang='lat' dir='ltr'>est</span> <span class='ocrx_word' id='word_1_576' title='bbox 1555 2377 1596 2407; x_wconf 91' lang='lat' dir='ltr'>de</span> <span class='ocrx_word' id='word_1_577' title='bbox 1625 2374 1822 2407; x_wconf 85' lang='lat' dir='ltr'>actionibus</span> <span class='ocrx_word' id='word_1_578' title='bbox 1843 2374 2006 2408; x_wconf 87' lang='lat' dir='ltr'>omnibus</span> <span class='ocrx_word' id='word_1_579' title='bbox 2029 2375 2064 2406; x_wconf 86' lang='lat' dir='ltr'>in</span> 
     </span>
     <span class='ocr_line' id='line_1_94' title="bbox 1081 2425 2065 2473; baseline -0.004 -12"><span class='ocrx_word' id='word_1_580' title='bbox 1081 2440 1228 2472; x_wconf 85' lang='lat' dir='ltr'>genere,</span> <span class='ocrx_word' id='word_1_581' title='bbox 1255 2440 1362 2473; x_wconf 84' lang='lat' dir='ltr'>quain</span> <span class='ocrx_word' id='word_1_582' title='bbox 1385 2427 1428 2460; x_wconf 90' lang='lat' dir='ltr'>de</span> <span class='ocrx_word' id='word_1_583' title='bbox 1451 2427 1554 2460; x_wconf 85' lang='lat' dir='ltr'>bonis</span> <span class='ocrx_word' id='word_1_584' title='bbox 1584 2425 1800 2465; x_wconf 86' lang='lat' dir='ltr'>actionibus,</span> <span class='ocrx_word' id='word_1_585' title='bbox 1828 2438 1873 2458; x_wconf 80' lang='lat' dir='ltr'>an</span> <span class='ocrx_word' id='word_1_586' title='bbox 1898 2437 1916 2458; x_wconf 86' lang='lat' dir='ltr'>a</span> <span class='ocrx_word' id='word_1_587' title='bbox 1942 2425 2065 2458; x_wconf 78' lang='lat' dir='ltr'>volun-</span> 
     </span>
    </p>
   </div>
   <div class='ocr_carea' id='block_1_13' title="bbox 1111 2542 2062 2749">
    <p class='ocr_par' dir='ltr' id='par_1_17' title="bbox 1113 2542 1880 2575">
     <span class='ocr_line' id='line_1_95' title="bbox 1113 2542 1880 2575; baseline -0.008 -4"><span class='ocrx_word' id='word_1_588' title='bbox 1113 2548 1160 2575; x_wconf 88' lang='grc'>47)</span> <span class='ocrx_word' id='word_1_589' title='bbox 1181 2546 1324 2574; x_wconf 70' lang='lat' dir='ltr'>eveniunt]</span> <span class='ocrx_word' id='word_1_590' title='bbox 1345 2546 1384 2569; x_wconf 84' lang='lat' dir='ltr'>sic</span> <span class='ocrx_word' id='word_1_591' title='bbox 1403 2546 1452 2569; x_wconf 80' lang='lat' dir='ltr'>Ed.</span> <span class='ocrx_word' id='word_1_592' title='bbox 1475 2544 1567 2568; x_wconf 65' lang='lat'>1540:</span> <span class='ocrx_word' id='word_1_593' title='bbox 1593 2543 1642 2568; x_wconf 79' lang='lat' dir='ltr'>Ed.</span> <span class='ocrx_word' id='word_1_594' title='bbox 1664 2543 1739 2569; x_wconf 69' lang='lat'><strong>1546.</strong></span> <span class='ocrx_word' id='word_1_595' title='bbox 1761 2542 1880 2566; x_wconf 79' lang='lat' dir='ltr'>veniunt.</span> 
     </span>
    </p>

    <p class='ocr_par' dir='ltr' id='par_1_18' title="bbox 1113 2576 2062 2711">
     <span class='ocr_line' id='line_1_96' title="bbox 1113 2576 2062 2612; baseline -0.003 -8"><span class='ocrx_word' id='word_1_596' title='bbox 1113 2580 1160 2612; x_wconf 67' lang='lat'>48)</span> <span class='ocrx_word' id='word_1_597' title='bbox 1188 2580 1280 2610; x_wconf 85' lang='lat' dir='ltr'>Eurip.</span> <span class='ocrx_word' id='word_1_598' title='bbox 1305 2581 1457 2609; x_wconf 81' lang='lat' dir='ltr'>Belleropti.</span> <span class='ocrx_word' id='word_1_599' title='bbox 1485 2581 1582 2609; x_wconf 74' lang='lat' dir='ltr'>fragm.</span> <span class='ocrx_word' id='word_1_600' title='bbox 1603 2578 1685 2607; x_wconf 80' lang='lat' dir='ltr'>XIX,</span> <span class='ocrx_word' id='word_1_601' title='bbox 1705 2579 1745 2603; x_wconf 76' lang='grc'>4.,</span> <span class='ocrx_word' id='word_1_602' title='bbox 1774 2578 1825 2601; x_wconf 71' lang='lat' dir='ltr'>vid.</span> <span class='ocrx_word' id='word_1_603' title='bbox 1846 2576 1982 2606; x_wconf 75' lang='lat' dir='ltr'>Euripidis</span> <span class='ocrx_word' id='word_1_604' title='bbox 2003 2579 2062 2601; x_wconf 77' lang='lat' dir='ltr'>tra—</span> 
     </span>
     <span class='ocr_line' id='line_1_97' title="bbox 1147 2611 2061 2645; baseline -0.003 -7"><span class='ocrx_word' id='word_1_605' title='bbox 1147 2615 1277 2645; x_wconf 72' lang='lat' dir='ltr'>goe—diae,</span> <span class='ocrx_word' id='word_1_606' title='bbox 1306 2615 1474 2644; x_wconf 74' lang='lat' dir='ltr'>fragmenta,</span> <span class='ocrx_word' id='word_1_607' title='bbox 1504 2614 1637 2642; x_wconf 75' lang='lat' dir='ltr'>epistolae</span> <span class='ocrx_word' id='word_1_608' title='bbox 1664 2619 1696 2635; x_wconf 85' lang='lat' dir='ltr'>ex</span> <span class='ocrx_word' id='word_1_609' title='bbox 1722 2611 1839 2635; x_wconf 84' lang='lat' dir='ltr'>editione</span> <span class='ocrx_word' id='word_1_610' title='bbox 1864 2612 2061 2635; x_wconf 72' lang='lat' dir='ltr'>Ios.liar11esii</span> 
     </span>
     <span class='ocr_line' id='line_1_98' title="bbox 1147 2645 2059 2677; baseline -0.005 -4"><span class='ocrx_word' id='word_1_611' title='bbox 1147 2656 1217 2673; x_wconf 83' lang='lat' dir='ltr'>nunc-</span> <span class='ocrx_word' id='word_1_612' title='bbox 1241 2654 1339 2672; x_wconf 86' lang='lat' dir='ltr'>recusa</span> <span class='ocrx_word' id='word_1_613' title='bbox 1363 2650 1390 2672; x_wconf 85' lang='lat' dir='ltr'>et</span> <span class='ocrx_word' id='word_1_614' title='bbox 1415 2649 1494 2671; x_wconf 71' lang='lat' dir='ltr'>aut-ta</span> <span class='ocrx_word' id='word_1_615' title='bbox 1518 2647 1665 2677; x_wconf 76' lang='lat' dir='ltr'>appendice</span> <span class='ocrx_word' id='word_1_616' title='bbox 1685 2648 1735 2671; x_wconf 69' lang='lat' dir='ltr'>etc.</span> <span class='ocrx_word' id='word_1_617' title='bbox 1775 2646 1849 2676; x_wconf 74' lang='lat' dir='ltr'>Lips,</span> <span class='ocrx_word' id='word_1_618' title='bbox 1872 2645 2059 2670; x_wconf 30' lang='lat'>1775—1783.</span> 
     </span>
     <span class='ocr_line' id='line_1_99' title="bbox 1145 2682 1533 2711; baseline -0.008 -4"><span class='ocrx_word' id='word_1_619' title='bbox 1145 2684 1162 2707; x_wconf 88' lang='grc'><strong>3</strong></span> <span class='ocrx_word' id='word_1_620' title='bbox 1181 2683 1263 2707; x_wconf 80' lang='lat' dir='ltr'>Tomi.</span> <span class='ocrx_word' id='word_1_621' title='bbox 1290 2684 1313 2706; x_wconf 77' lang='lat'>4.</span> <span class='ocrx_word' id='word_1_622' title='bbox 1343 2682 1414 2706; x_wconf 80' lang='lat' dir='ltr'>T.11,</span> <span class='ocrx_word' id='word_1_623' title='bbox 1436 2689 1459 2711; x_wconf 81' lang='lat' dir='ltr'>p.</span> <span class='ocrx_word' id='word_1_624' title='bbox 1475 2682 1533 2706; x_wconf 73' lang='lat'><strong>433.</strong></span> 
     </span>
    </p>

    <p class='ocr_par' dir='ltr' id='par_1_19' title="bbox 1111 2715 1723 2749">
     <span class='ocr_line' id='line_1_100' title="bbox 1111 2715 1723 2749; baseline -0.007 -7"><span class='ocrx_word' id='word_1_625' title='bbox 1111 2717 1144 2749; x_wconf 83' lang='lat'>*)</span> <span class='ocrx_word' id='word_1_626' title='bbox 1164 2719 1234 2747; x_wconf 77' lang='lat' dir='ltr'>tuin]</span> <span class='ocrx_word' id='word_1_627' title='bbox 1254 2716 1294 2742; x_wconf 91' lang='lat' dir='ltr'>sic</span> <span class='ocrx_word' id='word_1_628' title='bbox 1312 2717 1360 2742; x_wconf 85' lang='lat' dir='ltr'>Ed.</span> <span class='ocrx_word' id='word_1_629' title='bbox 1383 2717 1473 2748; x_wconf 71' lang='lat'>1540.;</span> <span class='ocrx_word' id='word_1_630' title='bbox 1491 2717 1539 2741; x_wconf 83' lang='lat' dir='ltr'>Ed.</span> <span class='ocrx_word' id='word_1_631' title='bbox 1562 2715 1635 2740; x_wconf 78' lang='lat'>1546.</span> <span class='ocrx_word' id='word_1_632' title='bbox 1656 2720 1723 2740; x_wconf 83' lang='lat' dir='ltr'>cum.</span> 
     </span>
    </p>
   </div>
  </div>
 </body>
</html>
