2347 3000
264 121 336 157 443

260 208 460 253 Aegyptum
485 206 521 239 in
543 206 802 240 acerbissimam
828 204 1032 238 servitutem
1049 205 1250 252 redegitffl).

263 262 382 304 Quare
400 258 611 303 dubitarim)
631 271 702 290 non
722 258 820 288 debet
835 282 843 294 ,
871 256 957 299 quin
984 256 1089 289 etiarn
1115 257 1251 290 tristior

262 310 403 355 imperii
437 310 571 349 forma,
613 309 642 341 si
677 315 793 340 tamen
827 304 916 338 1111111
941 313 1041 350 turpe
1066 309 1250 353 praecipit,

260 362 337 394 Deo
355 361 536 405 probetur.
595 359 718 402 1λ’011110
739 364 857 389 tamen
874 357 919 389 ita
941 358 1169 392 iudicandum
1188 366 1249 400 est,

262 413 356 457 apud
376 424 497 444 omnes
513 416 631 453 gentes
649 415 814 452 oportere
832 408 982 441 similem
1006 422 1077 443 esse
1101 411 1249 444 servitu—

262 471 345 497 tem.
414 462 482 495 Ubi
506 472 627 501 regum
655 465 807 503 potestas
828 460 962 502 legibus
986 461 1248 507 circumscripta

261 522 309 548 est
324 542 332 553 ,
360 526 450 558 quae
468 512 666 544 concedunt
682 510 829 544 subditis
845 517 963 544 tenere
983 513 1188 558 proprium,
1217 520 1250 546 et

260 566 337 598 aliis
355 563 565 608 quibusdam
583 562 761 595 beneliciis
778 562 951 596 libertatis
974 564 1061 603 frui,
1089 565 1249 608 1111111111-

261 617 353 660 cipes
371 619 528 658 peccant,
551 625 629 645 cnm
648 620 770 646 contra
792 626 871 647 suas
887 614 978 657 leges
995 615 1151 660 eripIunt
1168 628 1249 660 pro-

258 668 354 711 prias
371 665 552 698 facultates
568 665 735 704 subditis,
764 671 932 709 tanquam
952 667 1072 700 servis.
1126 665 1248 700 Achab

260 731 320 751 rex
345 715 584 750 lsraelitarum
620 715 747 749 iniuste
780 722 926 749 conatus
956 723 1007 751 est
1038 718 1174 762 eripere
1199 719 1249 751 vi-

258 782 364 802 neam
396 765 540 802 Naboth
560 766 618 812 66).
695 767 910 812 Quanquam
949 768 1043 801 0111111
1084 770 1250 813 probavit

258 822 354 853 Deus
371 819 533 852 acerbam
552 817 693 862 imperii
708 819 882 857 sormam,
916 825 954 851 ut
981 821 1085 852 verba
1104 821 1248 854 Samue-

259 872 300 905 lis
320 871 530 910 osteudunt,
558 875 678 901 tamen
699 869 734 901 in
760 870 824 902 isto
842 870 975 913 populo
998 871 1131 914 regiam
1150 879 1248 916 pote-

259 929 384 957 statem
407 922 481 965 lege
507 921 711 953 moderatus
738 927 798 954 est.
851 920 923 953 Lex
943 922 1036 954 0111111
1053 924 1248 956 tradiderat

258 973 404 1017 siugulis
422 984 502 1006 suas
525 971 781 1016 possessiones,
809 977 843 1003 et
870 972 1011 1006 volebat
1033 980 1072 1007 111
1094 975 1247 1007 familiae

258 1023 474 1070 patrimonia
489 1036 550 1056 sua
568 1023 773 1056 retinerent.
809 1022 864 1055 Ad
879 1020 972 1057 1111110
989 1026 1136 1058 modum
1153 1028 1247 1070 apud

257 1089 323 1110 nos
339 1076 417 1108 licet
441 1081 560 1107 tenere
579 1074 764 1118 proprium
790 1071 861 1113 1115,
897 1075 1023 1120 quibus
1048 1076 1082 1108 id
1107 1077 1246 1121 imperii

258 1129 357 1167 iura,
385 1139 426 1159 ex
443 1126 570 1170 quibus
590 1137 644 1158 res
663 1126 755 1169 apud
784 1137 848 1158 nos
873 1124 1096 1166 iudicantur,
1125 1140 1247 1160 conce-

259 1181 359 1212 dunt.
420 1177 543 1222 'Neque
568 1176 648 1208 licet
672 1175 889 1220 principibus
915 1174 1008 1209 bunc
1032 1177 1246 1221 reipublicae

257 1236 388 1264 statum
411 1235 541 1261 temere
565 1233 722 1265 mutare,
751 1233 784 1258 01
810 1226 860 1258 xis
879 1234 966 1259 esset
988 1229 1246 1271 possessionffln

257 1279 429 1314 libertatis
463 1278 598 1322 eripere
631 1274 705 1317 liis,
753 1277 814 1322 qui
846 1288 924 1309 eam
955 1278 1127 1313 beneficio
1160 1281 1247 1316 iuris

255 1331 427 1366 hactenus
449 1335 580 1363 tenent.

361 1382 548 1415 Caeterum
567 1379 627 1413 ubi
650 1392 732 1412 vera
759 1385 809 1413 est
831 1380 1000 1421 servitus,
1028 1388 1147 1416 tamen
1173 1396 1246 1417 non

256 1435 338 1469 licet
354 1432 508 1466 dominis
525 1431 643 1464 omnia
660 1442 796 1475 rapere.
850 1432 941 1465 'Nam
967 1433 1019 1466 ius
1044 1441 1192 1469 naturae
1213 1442 1247 1468 et

257 1498 376 1520 sacrae
394 1484 515 1516 literae
533 1483 654 1515 iubent
675 1482 784 1515 servis
806 1483 980 1528 relinqui,
1008 1487 1103 1529 quod
1127 1488 1171 1519 ad
1196 1487 1246 1519 vi-

257 1544 352 1571 ctum
368 1536 405 1568 in
422 1546 675 1580 unaquaquam
698 1533 831 1565 familia
850 1534 1009 1568 sul'liciat.
1069 1537 1124 1569 Sic
1151 1537 1244 1571 enim

257 1589 428 1632 scriptum
446 1592 496 1619 est
517 1585 553 1617 in
568 1584 812 1617 Ecclesiastico
837 1585 913 1630 (33,
931 1584 1026 1631 25.);
1056 1587 1196 1621 Cibaria
1213 1596 1245 1622 ct

258 1640 357 1683 virga
382 1645 414 1672 et
432 1650 520 1670 onus
537 1637 649 1669 asino.
698 1635 806 1668 Panis
832 1642 865 1668 01
890 1636 1074 1680 disciplina
1098 1646 1131 1672 et
1157 1652 1244 1684 opus

257 1702 372 1725 servo.
405 1688 543 1732 Et‘iura
563 1686 676 1719 civilia
697 1686 805 1719 servis
822 1687 998 1730 peculium
1014 1689 1168 1735 relinqui
1185 1704 1244 1724 vo—

258 1743 335 1775 lunt
353 1746 387 1773 et
407 1740 538 1783 ubique
555 1739 675 1771 favent
692 1737 858 1771 libertati.

359 1791 427 1824 Sed
456 1790 599 1822 libertas
624 1786 732 1821 habet
756 1795 868 1822 certos
895 1789 999 1829 fines,
1037 1790 1130 1824 intra
1156 1806 1244 1837 quos

256 1843 392 1877 xersari
417 1842 530 1874 debet.
590 1840 682 1874 Nam
711 1846 745 1872 et
770 1840 824 1873 ius
848 1846 996 1873 naturae
1024 1848 1056 1874 et
1080 1842 1132 1876 ius
1156 1844 1245 1876 divi-

256 1908 343 1928 num
364 1893 475 1926 multa
499 1903 608 1925 onera
630 1890 750 1923 liberis
777 1891 986 1935 imponunt,
1027 1893 1162 1927 solvere
1184 1895 1245 1927 tri-

256 1948 361 1984 buta,
395 1955 520 1988 parere
545 1941 785 1985 magistratui,
819 1943 978 1975 conferre
1002 1943 1185 1979 facultates
1212 1953 1245 1979 et

257 2008 385 2041 corpus
411 1996 453 2027 ad
478 1995 646 2027 tuendam
669 2005 893 2025 communem
910 1994 1131 2036 societatem,
1158 2011 1245 2042 quo-

257 2049 322 2082 ties
339 2059 426 2090 opus
446 2052 508 2085 est,
534 2052 567 2078 et
585 2044 653 2076 alia
672 2045 847 2088 quaedam
866 2044 940 2077 11110
957 2046 1142 2090 descripta.
1177 2047 1245 2082 Ita-

258 2112 325 2145 que
346 2098 544 2130 libertatem
571 2095 617 2127 ita
643 2095 918 2138 amplectamur,
956 2103 994 2128 ut
1016 2096 1151 2131 interea
1174 2113 1245 2132 me-

258 2149 467 2183 minerimus
488 2160 552 2180 1105
568 2152 601 2179 01
620 2158 637 2178 a
655 2145 731 2177 Deo
749 2153 782 2178 et
797 2158 816 2178 a
832 2152 959 2179 natura
986 2147 1060 2191 ipsa
1085 2151 1180 2191 cogi,
1207 2158 1244 2184 ut

258 2213 445 2246 pareamus
472 2197 754 2242 nwgistmtibus,
797 2203 837 2229 111
857 2197 1080 2232 facultatibus
1103 2202 1244 2239 nostris,

259 2259 292 2287 et
309 2252 379 2286 xita
396 2257 517 2284 nostra
536 2248 673 2282 cix‘ilem
693 2247 895 2281 societatem
916 2248 1086 2285 iuvemus.

613 2332 674 2366 De
702 2332 890 2376 legibus.

358 2404 399 2437 111
416 2409 570 2437 extrema
588 2407 688 2445 parte
705 2400 800 2433 tertii
816 2400 897 2432 libri
920 2400 1111 2445 disputatio
1135 2405 1245 2437 conti-

260 2463 382 2495 netur,
427 2461 548 2487 utrum
586 2452 694 2485 satius
728 2451 772 2484 sit
808 2452 1062 2495 rempublicam
1095 2456 1245 2488 admini-

262 2515 372 2542 strare
408 2517 448 2537 ex
480 2503 626 2536 arbitrio
660 2502 743 2535 boni
776 2503 964 2547 principis,
1009 2504 1082 2537 sine
1108 2507 1245 2552 scriptis

295 2627 344 2653 64)
362 2625 461 2648 Genes.
476 2621 516 2649 47,
539 2622 569 2644 19
584 2628 642 2651 sqq,

298 2676 344 2708 65)
366 2674 496 2700 dubitari]
518 2673 557 2695 sie
576 2673 659 2695 Editt.
677 2673 748 2696 1530.
771 2675 797 2696 ct
816 2672 912 2701 nasim
937 2673 1006 2698 Edit.
1024 2674 1097 2700 1535,
1117 2676 1244 2705 dubitare¹

297 2729 344 2755 6⁶)
367 2726 388 2751 l.
403 2725 469 2755 l'wg-
483 2724 526 2753 21,
545 2723 561 2747 ’2
575 2730 632 2753 sqq,

524 112 725 155 SCRIPTA
752 119 826 155 PH.
855 118 966 154 MEL.
993 118 1059 152 AD
1092 119 1301 156 ETHlCEN
1328 121 1393 166 ET
1420 123 1676 160 POLITICEN
1703 119 2011 160 SPECTANTIA.

2212 126 2290 162 444

1303 209 1436 253 legibus
1449 237 1457 250 ‚
1486 223 1531 244 an
1550 224 1590 244 ex
1607 212 1737 256 scripto
1756 224 1794 244 ac
1812 217 1907 245 certo
1926 211 2013 245 iure.
2073 211 2168 246 Haec
2185 226 2290 259 quae-

1303 261 1370 293 stio
1394 262 1498 294 etiam
1521 259 1645 295 ¹nostro
1670 270 1830 307 tempore
1856 275 1959 307 saepe
1983 262 2108 306 agitari
2134 263 2222 297 solet
2245 266 2288 298 ab

1304 311 1454 345 indoctis
1467 339 1475 352 ‚
1500 314 1561 358 qui
1581 326 1658 346 cum
1677 321 1859 347 exerceant
1878 314 2004 346 iudicia
2018 340 2027 353 ‚
2055 326 2157 357 aegre
2173 316 2289 348 ferunt

1304 364 1399 407 quod
1429 370 1597 408 tanquam
1635 365 1752 408 pueri,
1796 365 1924 398 dictata
1960 365 2290 399 iurisconsultorum

1303 414 1468 459 subsequi
1486 421 1679 458 coguntur,
1707 428 1769 447 nec
1789 417 1919 449 audent
1939 416 2134 461 quidquam
2160 417 2202 449 de
2227 428 2290 450 suo

1304 465 1450 498 consilio
1474 472 1639 500 statuere.
1692 466 1767 499 Hoc
1785 479 1933 511 regnum
1960 467 2291 500 iurisconsultorum

1303 514 1465 549 homines
1489 517 1695 549 ambitiosos
1722 517 1803 551 urit.
1869 518 1914 551 Et
1944 516 2072 551 borum
2097 518 2290 551 amentiam

1304 567 1472 600 adiuvant
1494 568 1656 601 nonnulli
1682 568 1832 608 literati,
1867 570 1925 601 sed
1955 569 1991 600 111
2015 570 2084 602 alio
2109 569 2291 602 doctrinae

1303 631 1429 662 genere
1454 619 1602 659 versati,
1644 619 1704 664 qui
1730 619 1910 663 disputant
1933 620 2065 662 legibus
2091 632 2164 653 non
2188 633 2289 664 posse

1303 682 1425 703 omnes
1445 683 1564 703 causas
1581 668 1854 714 comprehendi,
1882 677 1916 703 et
1933 682 2011 703 cum
2029 671 2217 716 pleraeque
2235 683 2290 705 res

1303 733 1343 753 ex
1361 721 1508 753 arbitrio
1526 721 1611 753 boni
1628 721 1696 754 xiri
1713 721 1922 753 iudicandae
1939 721 2020 761 51111,
2047 728 2189 755 censent
2206 722 2291 755 abo-

1303 772 1371 805 litis
1389 773 1521 815 legibus
1538 772 1656 805 onmia
1677 773 1913 816 permittenda
1933 785 2004 805 esse
2023 773 2230 816 prudentiae
2256 779 2290 806 et

1303 824 1472 868 aequitati
1492 824 1626 856 iudicis.
1679 824 1809 856 Yidont
1833 824 1937 856 etiam
1962 825 2114 856 sormam
2142 824 2290 857 iudicio-

1301 887 1379 907 rum
1399 888 1437 907 ac
1456 874 1542 915 sori,
1571 875 1631 907 ubi
1650 874 1981 908 iurisconsultorum
1999 875 2132 908 artibus
2154 875 2230 908 lites
2251 875 2289 907 in

1302 926 1477 958 inlinitum
1497 924 1741 959 extrahuntur.
1795 925 1833 958 ld
1861 939 1933 958 non
1962 928 2076 965 lieret,
2111 926 2140 958 si
2165 925 2288 959 iudiciS

1302 977 1473 1010 autoritas
1490 977 1623 1009 valeret
1640 983 1673 1009 et
1689 989 1762 1009 non
1784 983 1871 1010 esset
1890 977 2031 1009 astricta
2050 977 2196 1019 legibus.

1404 1028 1574 1061 Recenset
1598 1028 1803 1061 Aristoteles
1834 1028 1971 1072 aliquot
2001 1025 2205 1061 huiusmodi
2232 1039 2289 1060 ra-

1301 1079 1426 1119 tiones,
1452 1080 1510 1112 sed
1529 1080 1671 1111 tandem
1689 1078 1845 1110 decernit
1863 1078 1970 1110 tutius
1993 1090 2064 1110 0550
2076 1104 2084 1117 ,
2110 1084 2150 1111 ut.
2165 1090 2220 1112 res
2236 1079 2288 1111 iu-

1300 1129 1462 1162 dicentur
1486 1142 1526 1161 ex
1551 1128 1652 1161 certis
1679 1128 1812 1169 legibus
1841 1135 1874 1161 et
1905 1128 2036 1171 scripto
2068 1128 2162 1169 iure,
2203 1128 2286 1174 quia

1300 1192 1373 1212 non
1390 1192 1492 1224 saepe
1512 1179 1685 1223 contingit
1701 1180 1805 1212 iudex
1822 1185 1881 1212 aut
1896 1178 2086 1222 prudentia
2102 1185 2220 1220 tanta,
2246 1185 2287 1213 ut

1300 1231 1374 1264 sine
1392 1231 1526 1275 legibus
1543 1231 1678 1269 videat,
1716 1231 1800 1275 quid
1817 1231 1861 1264 sit
1878 1230 2130 1275 aequissimum
2151 1243 2191 1264 ac
2212 1243 2286 1264 nia-

1300 1282 1390 1315 xime
1406 1283 1491 1315 utile
1507 1282 1740 1326 reipublicae,
1769 1288 1829 1314 aut
1852 1287 1949 1314 tanta
1972 1281 2122 1322 iustitia,
2149 1289 2189 1316 ut
2211 1293 2286 1315 non

1299 1333 1343 1366 sit
1359 1346 1446 1377 opus
1463 1334 1536 1367 eius
1553 1339 1763 1378 potestatem
1781 1333 1914 1376 legibus
1932 1333 2124 1366 moderari.
2175 1334 2285 1377 Saepe

1300 1385 1394 1419 enim
1414 1385 1531 1419 virum
1550 1385 1766 1417 mediocrem
1785 1384 1903 1429 aliqua
1928 1384 2016 1416 recti
2038 1383 2170 1428 species
2194 1385 2285 1417 deci-

1299 1436 1368 1480 pit,
1397 1437 1457 1482 qui
1479 1436 1508 1470 si
1531 1436 1665 1480 legibus
1689 1441 1777 1469 esset
1803 1435 2026 1475 admonitus,
2053 1435 2178 1469 melius
2195 1435 2285 1469 iudi-

1300 1494 1440 1521 caturus
1465 1494 1551 1521 erat.
1618 1486 1801 1522 Interdum
1826 1487 1966 1527 animo,
2002 1487 2063 1532 qui
2089 1486 2202 1531 gratia
2224 1493 2285 1520 aut

1300 1539 1381 1571 odio
1401 1538 1591 1583 impeditus
1609 1545 1679 1578 est,
1706 1550 1843 1571 morem
1864 1537 1974 1582 gerit,
2001 1538 2084 1583 quia
2108 1538 2213 1571 nullis
2237 1538 2285 1571 10-

1298 1602 1379 1631 gum
1404 1590 1552 1623 vinculis
1579 1595 1728 1623 tenetur.
1795 1589 1887 1623 Nam
1916 1590 2030 1622 bonos
2060 1589 2165 1622 etiam
2190 1589 2284 1622 viros

1298 1641 1437 1673 licentia
1478 1641 1594 1673 reddit
1625 1640 1830 1673 deteriores.
1894 1640 2014 1684 Quare
2038 1640 2110 1673 15115
2135 1640 2283 1673 vinculis

1298 1704 1385 1734 opus
1403 1698 1470 1731 est,
1498 1704 1587 1736 quae
1604 1691 1709 1723 ctiam
1727 1691 1755 1724 si
1772 1697 2008 1735 perrumpunt
2023 1691 2214 1736 aliqnando
2233 1697 2284 1735 ty-

1298 1743 1424 1781 ramii,
1453 1749 1571 1774 tamen
1589 1749 1739 1786 prosunt
1757 1743 1801 1774 ad
1829 1743 1982 1785 regenda
2007 1748 2041 1774 01
2063 1740 2281 1774 cohercenda

1300 1793 1490 1826 mediocria
1510 1793 1660 1835 ingenia.
1714 1793 1875 1825 Praestat
1892 1798 2009 1824 autem
2034 1790 2100 1825 boc
2126 1793 2221 1838 quod
2246 1793 2281 1825 in

1298 1857 1485 1877 commune
1502 1846 1658 1888 prodest,
1687 1843 1825 1876 etiamsi
1843 1843 2020 1876 interdum
2038 1856 2135 1877 secus
2149 1844 2282 1889 aliquid

1298 1897 1434 1935 0101111,
1462 1902 1499 1927 111
1518 1895 1730 1927 medicinam
1749 1895 1915 1934 colimus,
1951 1895 2032 1940 quia
2059 1907 2161 1939 saepe
2183 1895 2282 1929 resti-

1298 1947 1364 1979 tuit
1382 1953 1562 1990 aegrotos,
1592 1946 1730 1978 tametsi
1745 1958 1818 1979 11011
1843 1959 1964 1979 onmes
1990 1947 2134 1980 morbos
2157 1947 2280 1980 tollere

1298 1998 1417 2042 possit.
1472 1998 1524 2029 Ad
1543 1996 1628 2030 haee
1643 1997 1780 2042 quoties
1798 1997 1889 2029 inter
1904 2009 1938 2030 50
1962 1997 2047 2029 110111
2069 1998 2136 2030 viri
2168 1999 2204 2031 in
2230 1999 2281 2031 iu-

1298 2050 1448 2081 dicando
1481 2048 1725 2088 dissentirent,
1763 2049 1791 2082 si
1815 2049 1949 2081 nullam
1975 2055 2104 2082 certam
2128 2050 2280 2083 sormam

1298 2099 1468 2133 baberent
1486 2099 1763 2144 praescriptam?
1815 2100 1930 2132 Facile
1950 2106 2000 2133 est
2026 2107 2143 2134 autem
2167 2113 2207 2134 ex
2230 2108 2278 2134 ta-

1298 2153 1387 2185 libus
1404 2151 1679 2185 dissensionibus
1697 2151 1780 2183 oriri
1804 2152 1975 2185 maximos
1991 2158 2107 2185 motus
2124 2152 2159 2184 in
2175 2153 2279 2185 rebus

1300 2203 1463 2247 publicis,
1493 2203 1589 2248 quod
1604 2215 1647 2235 ne
1666 2202 1816 2242 accidat,
1840 2215 1976 2236 summa
1995 2203 2174 2246 diligentia
2198 2216 2279 2248 pro-

1299 2255 1488 2287 xidendum
1506 2260 1566 2287 est.

1399 2306 1465 2338 Sed
1490 2306 1578 2347 linge
1597 2304 1649 2337 ius
1672 2304 1787 2337 dicere
1814 2303 1907 2336 viros
1931 2316 2066 2336 summa
2092 2306 2279 2349 prudentia

1299 2362 1332 2389 et
1359 2357 1555 2389 constantia
1583 2356 1778 2399 praeditos,
1808 2355 1867 2400 qui
1888 2367 2062 2400 nusquam
2079 2357 2170 2396 salli,
2199 2370 2280 2392 nus-

1299 2419 1406 2452 quam
1429 2408 1543 2451 decipi
1566 2407 1719 2451 possint,
1763 2406 1823 2452 qui
1847 2418 1961 2450 neque
1991 2407 2124 2449 gratia,
2164 2420 2279 2454 neque

1300 2458 1381 2491 odio
1400 2459 1489 2492 affici
1506 2465 1567 2491 aut
1583 2457 1800 2491 commoveri
1818 2463 1960 2502 queant,
1988 2464 2106 2491 tamen
2123 2460 2167 2492 ad
2185 2466 2278 2493 tran-

1299 2510 1508 2555 quillitatem
1525 2509 1702 2554 proderit,
1730 2515 1860 2541 certum
1881 2514 1998 2540 extare
2017 2509 2088 2549 ius,
2121 2517 2154 2543 et
2170 2518 2279 2545 certas

1299 2562 1401 2604 leges.
1455 2562 1545 2595 Nam
1570 2559 1765 2604 importuni
1788 2559 1980 2600 litigatores
2004 2573 2076 2593 non
2101 2561 2279 2606 obtempe-

1301 2619 1397 2651 rant,
1423 2624 1497 2644 non
1517 2613 1644 2644 cedunt
1662 2610 1767 2643 iudici
1785 2611 1850 2643 nisi
1867 2617 1999 2643 certum
2020 2611 2071 2644 ius
2086 2612 2141 2646 sit.
2181 2612 2277 2646 Sem-

1300 2676 1362 2707 per
1388 2670 1550 2697 accusant
1573 2668 1633 2694 aut
1658 2662 1782 2701 fidem,
1815 2669 1875 2694 aut
1900 2662 2117 2705 diligentiam
2145 2663 2279 2705 iudicis,

1300 2714 1367 2748 nisi
1394 2714 1593 2758 intelligant
1616 2725 1720 2758 quain
1745 2711 1906 2746 babuerit
1935 2713 2037 2747 iudex
2057 2726 2196 2748 causam
2220 2728 2277 2749 110-
