2347 3000
204 101 299 136 1111

202 191 284 224 dam
303 188 506 222 societatem
525 183 792 219 coniurationis.
869 184 970 217 Cuius
984 183 1057 227 φο]
1083 181 1131 216 Es
1145 181 1190 216 ist

205 242 263 274 cin
286 239 358 273 scili
380 237 594 283 llyperbole.
699 234 827 277 Oculis]
869 231 927 266 Ich
953 231 1048 266 hctte
1073 246 1108 268 es
1134 246 1191 275 ge-

206 292 364 337 gstubet,
391 301 499 323 wenn
523 286 576 321 ich
601 299 636 319 cs
660 284 758 318 nicht
776 282 924 327 gesehen
941 282 1046 318 hette.
1128 286 1192 319 Ca-

205 343 335 388 servus]
362 340 478 379 Dicit,
505 346 544 373 ut
561 338 690 370 multos
707 336 888 377 significet.

313 390 482 438 CapSll.
511 387 610 433 §.15
639 385 824 433 Posuisie's]
844 386 1039 420 Transitio.
1104 387 1194 420 Ilae-

208 443 324 493 rebat]
346 444 395 476 Er
411 441 470 475 hat
489 442 530 472 da
550 440 652 472 einen
673 439 787 470 scincn
807 439 933 471 bossen
950 435 1114 481 gemacht
1132 436 1197 469 mit

209 498 289 530 dem
325 494 437 530 Wort
477 491 665 524 Haerebat.
764 487 1011 536 Adolescentis]
1067 488 1197 522 scilicet

209 545 377 580 Atratini.
456 545 520 584 Qui·
546 538 653 587 enim]
681 540 709 572 Α
727 546 851 573 natura
871 539 991 573 Caelii.
1044 539 1199 573 Excusat

211 598 306 631 enini
324 608 424 635 eum,
452 594 546 639 quod
566 604 640 625 non
656 591 759 625 suerit
781 591 816 624 in
840 590 1086 623 coniuratione
1105 589 1198 623 Cati-

211 650 317 682 linae.
420 647 463 680 ln
485 640 652 690 moribus]
691 642 790 688 quasi
813 642 923 675 dicat:
962 642 1085 683 Sitlige
1109 641 1199 673 lcute

211 701 357 732 konnen
372 698 435 730 das
451 693 550 728 nicht
566 695 765 728 siirncnien.
829 691 1070 740 Accusatione]
1100 691 1200 737 quasi

211 751 321 784 dicat:
350 746 538 781 Accusavit
552 757 630 778 reos
650 745 801 778 ambitus
817 750 850 777 et
866 743 1089 784 coniuratos,
1118 755 1200 786 ergo

212 813 288 835 non
302 800 370 833 suit
383 798 498 832 socius
515 795 782 830 coniurationis.
821 794 985 828 Ambitus
1001 801 1063 835 est,
1090 805 1202 839 quan-

214 854 261 885 do
286 849 453 894 suffragia
478 848 628 893 pecunia
651 848 870 881 emebantur.
947 842 1202 892 Commeiulare]

215 902 311 937 hette
331 914 368 936 er
383 898 457 935 sich
474 900 531 933 nie
549 898 691 932 diirffen
707 896 829 931 herfiir
847 895 947 930 thun.

319 951 350 999 ἓ.
372 952 430 987 16.
459 953 552 993 Quod
568 952 657 984 haud
672 947 759 996 scio]
781 949 841 983 Est
866 947 1076 981 affirmativa
1095 946 1205 991 parti—

217 1004 308 1039 cula.
383 999 646 1049 Seqnesu·es⁵)]
675 1001 806 1034 scilicet
827 1006 1035 1039 sectatores,
1073 996 1205 1031 anhen-

217 1068 297 1102 ger,
330 1054 392 1100 qui
416 1053 504 1086 alios
526 1058 734 1096 sequuntur.
796 1050 948 1083 Accusat
973 1049 1078 1082 alios:
1122 1061 1205 1091 ergo

218 1120 293 1140 non
311 1110 438 1138 onerat
453 1116 487 1137 se
506 1102 639 1135 invidia
657 1103 800 1146 culpae,
827 1101 925 1134 cuius
944 1100 1015 1144 ipsc
1040 1106 1090 1133 est
1116 1111 1206 1132 reus.

219 1154 394 1203 Alterum]
429 1154 560 1188 scilicet
584 1153 811 1192 Atratinum,
849 1151 951 1197 quasi
974 1151 1085 1184 dicat:
1125 1150 1208 1184 Non

220 1215 272 1242 est
294 1208 361 1242 sibi
388 1207 479 1239 male
507 1204 686 1242 conscius,
724 1203 859 1249 alioqui
884 1208 977 1235 certe
998 1214 1072 1235 non
1099 1201 1206 1234 alium

221 1264 413 1293 accusaret.
501 1259 615 1302 Neque
638 1253 794 1302 enimffi]
823 1254 916 1300 Quia
942 1253 1082 1287 Caclius
1109 1265 1207 1285 accu-

221 1311 312 1346 savit
331 1308 535 1343 Atratinum
567 1306 731 1340 ambitus.
824 1302 1083 1351 Accei·si›·et⁷)]
1121 1303 1209 1348 Qui-

222 1364 303 1395 dam
331 1366 480 1394 utuntur
506 1359 542 1391 in
567 1363 692 1403 quarta
719 1356 989 1400 coniugatione,
1024 1357 1084 1388 sed
1107 1353 1209 1387 nobis

222 1413 393 1447 utendum
413 1417 464 1445 est
481 1410 519 1443 in
533 1408 648 1443 tertia.
728 1409 820 1449 Quod
834 1404 1052 1453 quamquam]
1076 1406 1209 1450 Depre-

224 1464 315 1498 catio
334 1462 501 1496 invidiae.
555 1460 648 1494 Nam
666 1459 850 1492 Atratinus
868 1458 934 1491 fuit
954 1457 1146 1491 absolutus.

327 1513 357 1559 ἓ.
377 1514 435 1548 17.
469 1515 560 1547 Nam
582 1513 666 1557 quod
691 1508 767 1557 aes]
804 1509 978 1554 Quintum
1006 1508 1140 1541 crimen
1168 1507 1210 1539 dc

225 1578 305 1600 aere
330 1565 446 1598 alieno
470 1564 527 1596 vel
549 1561 758 1605 sumpthus.
844 1561 991 1594 Tabulae
1016 1555 1211 1604 flayitaiae]

226 1618 319 1653 XYas
342 1616 466 1650 Cicero
489 1613 567 1647 hier
589 1613 671 1652 wil,
703 1611 792 1644 weis
812 1609 869 1643 ich
892 1608 1010 1649 nicht,
1046 1622 1092 1642 an
1117 1609 1212 1647 velit,

227 1668 323 1714 quod
340 1667 478 1700 Caelius
495 1662 707 1708 flagitaverit
722 1674 833 1695 novas
854 1661 1008 1700 tabulas,
1036 1661 1141 1699 oder,
1169 1659 1213 1691 ob

228 1720 258 1754 si
279 1720 426 1763 gebeten
441 1715 576 1755 haben,
605 1715 666 1747 das
685 1725 769 1746 man
786 1713 840 1745 die
861 1712 1021 1755 Register
1039 1711 1126 1744 solte
1143 1710 1215 1742 fiir-

229 1772 340 1814 legen.
425 1771 467 1802 In
486 1765 611 1810 patris]
638 1765 732 1798 Nam
757 1764 848 1797 filius
872 1774 945 1795 non
969 1768 1019 1795 est
1043 1761 1094 1795 sui
1118 1761 1216 1799 iuris,

231 1834 309 1855 cum
328 1827 430 1864 pater
445 1817 561 1851 adhuc
578 1817 614 1848 in
634 1816 723 1848 vivis
741 1821 802 1848 est.
855 1813 937 1846 Ideo
959 1825 1033 1845 non
1052 1812 1217 1845 credeba-

232 1880 288 1906 tur
306 1872 356 1904 illi
372 1869 542 1915 pecunia,
571 1867 652 1912 quia
670 1867 744 1910 ipse
761 1877 833 1898 non
858 1864 1036 1908 obligatur
1059 1864 1217 1896 reddere.

237 1927 419 1958 Versuram
437 1947 443 1954 .
462 1947 469 1954 .
488 1946 495 1954 .
510 1920 590 1963 fecit
602 1916 660 1964 ⁸)]
689 1917 882 1950 Versuram
908 1916 1023 1948 facere
1048 1914 1220 1958 significat

232 1976 369 2008 solvere
397 1973 555 2005 debitum
583 1981 678 2002 novo
703 1968 821 2001 debito
847 1963 1110 2005 contrahendo,
1152 1964 1221 2003 vel,

233 2026 370 2059 solvere
388 2036 444 2057 aes
461 2023 614 2055 alienum
632 2031 711 2053 aere
729 2018 858 2059 alieno,
879 2015 1002 2051 schuld
1017 2017 1083 2049 mit
1092 2013 1221 2049 Schuld

234 2076 392 2110 hezalen.
445 2072 613 2118 ἅλ).ως9).
654 2070 846 2103 Versuram
867 2070 982 2101 facere
1004 2068 1060 2100 vel
1086 2067 1222 2100 solvere

237 2126 385 2161 honesta
404 2124 582 2158 locutione
603 2123 697 2166 apud
707 2121 892 2154 Romanos
908 2119 1103 2158 dicebatur,
1127 2118 1222 2162 quod

237 2191 302 2212 nos
318 2189 412 2211 nunc
431 2176 579 2208 dicimus
590 2200 598 2213 ‚
625 2172 811 2217 pecuniam
827 2177 989 2204 mutuam
1006 2168 1136 2202 maiori
1152 2169 1225 2201 foe-

238 2242 326 2263 nore
343 2229 469 2261 iterum
488 2226 664 2270 accipere,
693 2230 732 2257 ut
749 2220 953 2268 syngrapha
968 2233 1037 2255 una
1057 2219 1226 2254 dissolva-

241 2287 317 2321 tur,
354 2286 388 2313 et
409 2290 479 2312 una
504 2277 621 2311 cautio
643 2275 824 2308 liberetur.
885 2271 1097 2306 Huiusmodi
1132 2283 1227 2304 com-

280 2397 311 2425 5)
329 2396 510 2427 sequestres]
528 2395 567 2419 sic
584 2394 633 2418 Ed.
649 2392 744 2424 1568.;
768 2391 840 2423 apud
858 2390 1017 2415 Ciceronem
1033 2388 1150 2420 legitur:
1183 2395 1229 2413 se-

314 2432 481 2461 qiceslriutm.

279 2472 309 2501 6)
329 2474 417 2502 enim]
438 2473 477 2496 sic
496 2471 544 2495 Ed.
563 2470 639 2495 1568.
658 2470 685 2493 et
703 2469 756 2500 al.;
780 2469 829 2492 Ed.
849 2468 935 2493 Orell.
954 2467 1025 2492 eius.

282 2515 311 2546 7)
333 2516 509 2545 Accersiret]
529 2514 567 2538 sic
586 2513 636 2537 Ed.
651 2512 742 2541 ¹568.;
767 2512 815 2535 Ed.
836 2510 922 2536 Orclt.
940 2510 1111 2534 arcesseret.

278 2558 310 2586 8)
329 2559 402 2581 llaec
421 2559 475 2583 (tic,
493 2558 593 2588 verba,
620 2555 654 2579 ad
673 2561 741 2586 quae
760 2554 827 2577 haec
845 2551 988 2576 annotatio
1007 2552 1146 2582 pertinet,
1177 2548 1230 2581 ipsi

314 2592 337 2615 ei
355 2593 561 2621 adscripsimus.

281 2634 311 2663 9]
332 2633 431 2661 ditm]
452 2635 518 2657 hanc
537 2640 630 2657 voi-cni
649 2631 753 2661 addidi,
773 2632 803 2653 ut
821 2631 886 2653 haec
903 2629 992 2653 altera
1010 2630 1076 2652 nota
1088 2635 1122 2651 ex
1137 2626 1230 2651 nescio

316 2675 367 2699 quo
387 2670 455 2691 libi-o
476 2668 574 2691 ltuilaci
592 2668 694 2696 allata,
713 2672 729 2688 a
748 2665 928 2695 praecedente
948 2663 1033 2692 ipsius
1048 2661 1231 2686 Melanthonis

316 2703 424 2726 facilius
444 2702 635 2732 distinguatur.

775 94 897 131 PHIL.
934 94 1046 130 MEL.
1081 93 1282 130 SCRIPTA
1315 91 1653 130 PHILOLOGICA.

2131 95 2230 129 1112

1243 182 1371 216 mentis
1387 182 1518 216 multos
1535 181 1694 228 quotidie
1711 182 1871 217 videmus
1890 181 2042 217 fortunis
2061 180 2232 218 'omnibus

1245 233 1356 267 everti
1367 260 1376 274 ,
1403 234 1462 279 qui
1474 260 1484 274 ,
1509 235 1594 267 dum
1614 233 1707 267 tueri
1722 234 1759 267 in
1774 234 1916 279 publico
1933 234 2037 267 sidem
2054 245 2154 268 suam
2170 247 2232 268 vo—

1244 286 1342 325 lunt,
1369 296 1450 319 aere
1469 284 1586 318 alieno
1602 297 1714 330 usque
1739 287 1828 319 adeo
1850 298 1886 320 se
1910 286 2086 326 obruunt,
2113 286 2233 331 quoad

1247 337 1291 369 ad
1312 342 1507 369 extremum
1524 336 1592 369 fide
1609 336 1817 370 labefactata
1829 363 1839 377 ,
1867 350 1945 370 cum
1965 337 2035 370 iam
2050 347 2234 370 versuram

1247 388 1361 420 facere
1387 398 1461 420 non
1480 393 1648 431 possunt,
1675 394 1736 420 aut
1757 388 1835 421 foro
1859 389 1999 428 cedere,
2035 395 2096 421 aut
2119 388 2235 421 solum

1249 439 1355 471 ctiam
1402 444 1538 470 vertere
1585 444 1770 482 coguntur.
1847 438 1941 472 Haec
1983 439 2150 472 Budaeus
2179 437 2236 484 ¹⁰).

1250 489 1425 533 Sumptus]
1460 489 1602 522 Sextum
1631 489 1763 522 crimen
1799 490 1840 522 de
1874 488 2094 523 habitatione
2119 489 2236 522 vicina

1252 540 1408 573 Clodiae.
1514 540 1680 584 Obiecius]
1712 540 1766 573 Da
1790 538 1908 574 macht
1930 541 2053 574 Cicero
2080 540 2239 574 abermal

1253 591 1358 624 einen
1371 591 1511 624 hossen.
1593 592 1753 634 Triyz'nia
1772 592 1933 636 millibus]
1961 592 2089 625 sciIIcet
2115 597 2238 625 sester-

1254 643 1329 681 tiis,
1355 639 1423 675 hoc
1445 648 1514 682 cst,
1543 640 1618 675 750
1647 643 1820 676 coronati.
1897 645 1937 675 P.
1955 641 2117 688 Glocliiss)
2140 644 2238 675 insu-

1254 691 1340 740 lam]
1367 693 1437 726 Ubi
1456 704 1518 726 arx
1535 693 1569 727 S.
1584 693 1710 735 Angeli
1729 700 1779 727 est
1798 705 1892 726 nunc
1906 693 2056 727 Rornae.
2134 693 2240 726 Aedi-

1255 745 1353 788 culis]
1379 744 1509 777 scilicet
1527 744 1730 778 meritoriis.
1833 747 1957 778 Decem
1982 770 1989 778 .
2014 769 2022 778 .
2048 769 2056 777 .
2080 741 2241 785 millibus]

1256 795 1387 829 scilicet
1407 795 1593 836 sestertiis,
1628 793 1696 828 hoc
1722 801 1792 835 est,
1825 794 1901 830 250
1928 794 2101 828 coronati.
2162 792 2243 826 Clo-

1257 847 1335 880 dius
1349 847 1459 879 bcstia
1478 847 1536 879 illa
1555 847 1702 889 urgebat
1713 847 1870 880 Caelium
1887 846 2021 879 invidia
2035 871 2044 885 ,
2066 851 2098 878 et
2119 855 2243 877 omnes

1258 897 1428 931 incitabat
1443 899 1611 944 adversus
1628 910 1720 932 eum.

1363 955 1393 1002 ἓ.
1421 958 1479 991 18.
1519 958 1793 1000 chreloemlae‘siis
1815 970 1836 990 α
1855 958 1969 1002 patre]
2004 956 2076 990 Cur
2100 968 2118 989 a
2142 961 2243 1001 patre

1258 1008 1451 1042 recesserit.
1539 1008 1742 1051 Gloriosmn]
1770 1008 1899 1040 scilicet
1926 1006 2125 1041 honestam.
2179 1006 2246 1039 Ac-

1260 1059 1394 1092 cusmit
1417 1058 1511 1090 enim
1537 1060 1710 1103 quosdam
1734 1058 1956 1097 coniuratos,
1991 1065 2030 1091 ut
2045 1058 2086 1092 P.
2103 1058 2248 1102 Syllam.

1259 1112 1328 1145 Sed
1351 1111 1453 1143 eiiam
1482 1109 1656 1155 suadente]
1693 1108 1724 1142 A
1757 1120 1872 1144 causa.
1957 1110 2072 1153 obire]
2108 1120 2150 1141 zu
2181 1120 2246 1141 uns

1260 1162 1442 1194 kommen.

1364 1228 1450 1273 Cap.
1474 1226 1564 1261 VIII.
1601 1226 1715 1271 §.18.
1752 1229 1806 1262 M.
1833 1228 1990 1272 Crassus]
2022 1226 2189 1261 Excurrit
2211 1225 2248 1258 in

1263 1279 1525 1325 querimoniam
1543 1280 1584 1311 de
1600 1279 1780 1312 vicinitate
1801 1278 1957 1312 Clodiae.
2040 1280 2175 1313 Utinam
2194 1277 2249 1322 ne]

1262 1329 1320 1363 lch
1338 1331 1467 1370 wolte,
1495 1331 1556 1363 das
1570 1330 1632 1363 das
1648 1328 1743 1363 holtz
1760 1329 1817 1362 nie
1833 1327 2008 1373 gehawen
2029 1340 2138 1362 were.
2190 1328 2250 1360 Al-

1262 1382 1352 1416 ludit
1369 1383 1412 1415 ad
1431 1393 1551 1414 versus
1566 1380 1742 1428 Enliiiffl),
1763 1381 1824 1426 qui
1840 1387 1960 1414 extant
1975 1381 2011 1413 in
2028 1383 2063 1416 2.
2079 1379 2140 1413 lib.
2156 1377 2251 1412 Cice-

1263 1433 1362 1466 ronis
1380 1434 1423 1465 ad
1439 1432 1659 1465 Herennium
1672 1432 1717 1479 ¹3)
1729 1459 1737 1472 ‚
1765 1433 1808 1465 de
1829 1432 1955 1465 vitiosa
1973 1431 2210 1476 expositione:

1347 1492 1466 1521 Utinam
1490 1500 1526 1520 ne
1549 1492 1578 1519 in
1600 1500 1721 1520 nemore
1743 1491 1826 1519 Pelio
1849 1492 1997 1520 securibus

1349 1543 1459 1570 Caesae
1481 1542 1654 1570 cecidissent
1677 1542 1818 1580 abiegnae
1828 1540 1872 1581 ι’4)
1896 1542 1934 1570 ad
1956 1548 2065 1571 terram
2088 1541 2194 1577 trabes,

1351 1594 1435 1621 Neve
1458 1593 1527 1621 inde
1547 1594 1628 1621 navis
1649 1593 1828 1621 inchoandae
1852 1593 2003 1621 exordium

1350 1636 1516 1673 Cuepisset,
1547 1641 1603 1663 ete.

1267 1685 1379 1733 Hera]
1409 1687 1539 1719 scilicet
1556 1684 1693 1719 Clodia.
1746 1685 1817 1718 Aut
1841 1686 1937 1726 odit,
1972 1693 2033 1718 aut
2059 1691 2155 1718 amat
2177 1698 2254 1718 mu-

1268 1736 1352 1777 lier,
1387 1743 1448 1769 aut
1472 1735 1561 1769 nihil
1585 1743 1635 1770 est
1658 1736 1813 1770 tertium.
1916 1739 1977 1771 Sic
1999 1739 2089 1770 enim
2110 1734 2254 1784 iudices]

1310 1870 1354 1898 10)
1374 1869 1446 1893 Guil.
1469 1869 1591 1892 Budaeus
1611 1868 1714 1896 (Bude)
1734 1874 1758 1892 a.
1780 1868 1854 1893 1467.
1873 1868 1988 1892 Parisiis
2007 1870 2088 1892 natus
2105 1869 2194 1899 ibique
2211 1869 2254 1894 23.

1340 1906 1411 1932 Aug.
1433 1904 1506 1927 1540.
1527 1904 1667 1932 mortuus,
1698 1903 1852 1932 philologus
1876 1904 1993 1934 insignis
2009 1905 2120 1933 scripsit
2139 1904 2171 1927 (te
2189 1909 2254 1927 asse

1343 1940 1370 1962 et
1396 1938 1518 1967 partibus
1545 1937 1603 1960 eius
1628 1937 1722 1962 nav.
1747 1937 1835 1960 Paris.
1857 1938 1947 1963 1514..
1978 1939 2051 1962 1516.
2072 1939 2118 1962 t'oi.
2144 1938 2252 1967 saepius

1343 1979 1448 2002 1·ccus.,
1466 1974 1536 1995 auct.
1558 1971 1589 1994 ih.
1610 1971 1684 1996 1546.
1698 1972 1745 1995 sol.
1767 1971 1863 1995 Venet.
1881 1972 1955 1996 1522.
1974 1973 1999 1996 4.
2018 1973 2104 1998 Lnga.
2121 1973 2194 1996 1550.
2212 1972 2255 2001 8.;

1344 2007 1377 2030 de
1395 2007 1531 2030 contemtu
1551 2011 1641 2028 rei-uin
1666 2005 1839 2029 fortuitarum
1864 2006 1908 2029 tib.
1923 2007 1966 2029 111.
1998 2008 2060 2031 Par.
2082 2007 2154 2031 1520.
2182 2005 2255 2030 1526.

1345 2043 1387 2069 4.,
1413 2041 1526 2069 Argeut.
1549 2040 1620 2063 1529.
1644 2040 1730 2069 Lugii.
1750 2040 1778 2062 Β.
1803 2040 1876 2064 1624.
1905 2040 1960 2069 ¹23
1998 2042 2182 2070 Epistoiarmn
2207 2040 2255 2063 iat.

1344 2075 1390 2098 lib.
1405 2075 1438 2099 V.
1459 2076 1486 2098 et
1505 2080 1630 2102 graec-ar.
1650 2074 1693 2096 111ι.
1707 2074 1725 2098 1.
1751 2074 1812 2097 Par.
1834 2075 1907 2099 1520.
1934 2075 1997 2100 soi..
2030 2076 2111 2099 Basii.
2133 2074 2205 2098 1521.
2231 2075 2255 2096 4.

1345 2108 1563 2133 Commentarios
1588 2108 1696 2138 linguae
1719 2113 1844 2137 graecae.
1875 2109 1936 2132 Par.
1961 2110 2035 2134 1529.
2059 2110 2124 2141 soh,
2160 2108 2257 2131 Venet-

1348 2144 1422 2167 1530.
1441 2143 1504 2171 soh,
1532 2144 1602 2166 auct.
1622 2143 1654 2165 ib.
1676 2142 1767 2173 1548„
1793 2142 1875 2166 BasiI.
1897 2144 1970 2167 1556.
1990 2144 2052 2175 s0{.;
2085 2145 2118 2167 de
2136 2142 2257 2167 Philoto-

1347 2178 1392 2207 gia.
1411 2177 1453 2201 tib.
1472 2177 1503 2200 11.
1523 2177 1585 2202 Par.
1608 2177 1681 2205 1526,
1700 2177 1764 2205 soh,
1783 2177 1864 2200 Basil.
1885 2177 1959 2201 1533.
1977 2179 2018 2207 8,;
2046 2178 2079 2201 tie
2096 2176 2186 2201 studio
2207 2177 2255 2198 ho-

1347 2218 1442 2235 narum
1462 2211 1614 2234 littei-arum
1635 2211 1709 2234 recte
1723 2212 1748 2234 et
1762 2211 1900 2235 commode
1913 2211 2086 2236 instituendo.
2106 2213 2167 2238 Par.
2184 2209 2257 2234 1532.

1347 2248 1388 2271 4.:
1414 2246 1447 2269 de
1461 2245 1578 2269 transitu
1596 2245 1754 2269 Hellenismi
1768 2245 1802 2268 ad
1816 2245 2052 2270 Christianismum
2071 2247 2114 2270 lib.
2129 2245 2176 2270 lV.
2197 2244 2258 2269 Par.

1350 2280 1441 2310 1535.‚
1475 2280 1549 2303 1556.
1574 2280 1620 2303 sol.
1646 2281 1674 2302 et
1698 2280 1761 2304 alia.
1816 2281 1907 2308 opera
1925 2281 1982 2303 eius
1999 2281 2158 2310 prodierunt
2176 2280 2259 2303 Basil-

1351 2314 1425 2339 1557.
1443 2316 1459 2338 4
1473 2314 1546 2338 von.
1566 2314 1612 2338 soi.
1650 2314 1712 2338 Vid.
1732 2314 1761 2338 C.
1776 2314 1837 2338 Jos.
1857 2314 1991 2345 Bongine:
2016 2315 2120 2339 flandi).
2139 2314 2186 2337 der
2205 2314 2260 2337 au-

1349 2355 1419 2379 gem.
1438 2349 1651 2376 Littcrargcscn.
1671 2349 1698 2372 T.
1715 2348 1744 2373 11.
1765 2355 1787 2377 p.
1803 2349 1926 2372 94—96.
1947 2350 2052 2372 ctSailt.
2066 2349 2151 2372 Baur:
2170 2348 2260 2372 Neues

1350 2382 1690 2413 nistor.-13iog,r.-Liter.
1710 2383 1922 2407 liandworterb.
1941 2384 1970 2406 T.
1982 2383 2001 2406 1.
2020 2389 2045 2412 p.
2060 2383 2111 2407 522
2123 2389 2164 2412 sq.

1318 2435 1363 2462 11)
1384 2434 1414 2459 P.
1433 2433 1541 2462 Clodii]
1560 2432 1600 2456 sic
1617 2433 1666 2456 Ed.
1687 2433 1790 2463 01·cll.;
1811 2433 1858 2458 Ed.
1875 2432 1948 2456 1568.
1967 2432 2072 2456 Publii.

1320 2485 1364 2517 12)
1384 2486 1491 2509 Versus
1517 2491 1549 2508 ex
1569 2484 1649 2507 Ennii
1666 2484 1778 2514 Medea,
1808 2484 1861 2507 vid.
1879 2484 1959 2507 Ennii
1984 2484 2138 2514 fragmenta
2162 2490 2180 2508 a
2204 2484 2259 2508 Co—

1352 2522 1443 2544 lumna
1461 2519 1599 2550 conquis.,
1623 2525 1722 2544 recusa
1739 2524 1826 2542 accur.
1845 2517 1974 2542 Hessciio
1992 2525 2016 2548 p.
2036 2519 2091 2543 197,

1320 2571 1364 2603 13)
1384 2572 1425 2595 Ad
1443 2572 1562 2595 nei-eun.
1581 2570 1614 2600 11,
1632 2570 1676 2601 22,
1694 2570 1736 2594 34.

1319 2625 1365 2651 14)
1384 2623 1488 2647 caesae
1501 2621 1665 2645 cecidissent
1682 2621 1830 2651 abiegnae]
1845 2621 1885 2645 sic
1898 2621 1946 2646 Ed.
1963 2622 2053 2653 1568.;
2072 2622 2151 2647 Ennii
2165 2622 2261 2653 fragm.

1353 2659 1368 2680 1.
1384 2657 1400 2680 1,
1420 2657 1533 2680 liabent:
1558 2656 1646 2680 caesa
1663 2656 1805 2679 cecidisset
1822 2656 1954 2683 anteana:
1980 2657 2084 2680 Auctor
2102 2658 2135 2681 ad
2154 2658 2263 2682 ueren-

1352 2691 1424 2714 niuin
1446 2691 1486 2714 cd.
1508 2691 1592 2714 Orcii.
1613 2690 1675 2714 1.1.:
1701 2690 1790 2714 Caesa
1807 2691 1954 2714 accidisset
1971 2691 2095 2723 abiegna.
