2347 3000
102 109 177 145 985

93 196 162 228 lam
181 194 390 234 diverteret,
416 204 461 226 ne
476 193 694 231 elaberetur,
720 205 763 224 ne
780 192 815 224 id
835 191 976 237 quidem
997 190 1077 223 fecit

94 246 201 286 Milo,
245 258 327 289 ergo
351 256 425 277 non
450 242 576 277 habuit
599 243 784 276 consilium
810 242 961 275 faciendi
995 241 1076 274 iusi-

93 297 180 331 dias.
239 296 304 328 Hic
320 296 418 328 addit
433 295 630 338 epilogum,
664 295 700 326 in
727 307 797 339 quo
824 294 951 337 repetit
976 304 1077 336 supe-

93 348 190 380 riora
208 352 433 390 argumenta,
460 352 500 378 ut
513 345 674 377 videlicet
692 347 735 377 ad
754 345 784 376 id
797 372 806 385 ‚
841 346 936 389 quod
961 344 1076 375 valere

93 398 285 442 plurimum
316 397 519 436 videbatur,
561 397 694 428 aditum
721 396 787 429 sibi
812 396 950 428 faceret.
1015 393 1075 426 Est

93 456 209 481 autem
226 453 405 490 sumptum
423 458 441 478 a
459 447 536 479 loco
554 459 706 491 pugnae,
731 447 812 478 item
831 447 874 478 ab
892 451 1075 489 apparatu.

93 499 235 532 Clodius
261 498 389 530 restitit
413 498 448 529 in
476 498 554 530 loco
591 498 852 536 commodiore,
895 497 979 528 item
1012 495 1077 527 suit

93 562 214 594 eques,
243 547 367 581 babuit
385 555 525 593 praeter
541 561 676 581 morem
701 561 817 581 secum
844 554 980 579 tantum
1004 546 1076 589 gla-

90 600 284 633 diatorum:
314 600 397 632 item
416 600 632 645 contatusffl)
653 606 720 637 est,
748 605 787 632 ut
805 599 919 632 solent
939 597 999 642 qui
1020 609 1075 629 ex-

90 657 251 695 pectant,
286 657 319 683 et
342 650 539 683 moliuntur
553 650 599 695 66)
624 650 769 695 aliquid.
839 649 925 681 Milo
952 654 1072 680 contra

90 701 262 745 pugnavit
278 701 399 746 iniquo
416 702 506 740 loco,
535 701 633 734 duxit
647 714 765 734 secum
783 712 929 733 uxorem
949 705 979 730 et
1000 710 1075 730 cae-

90 752 453 796 tera'impedinienta:
487 764 570 795 ergo
594 764 667 783 non
690 758 740 784 est
763 751 951 783 verisimile
971 750 1075 781 Milo-

90 815 172 836 nem
191 803 358 845 cogitasse
375 804 416 835 de
431 802 568 835 insidiis
586 802 766 834 faciendis.
817 801 970 833 Additur
993 812 1074 832 con-

89 854 216 887 futatio
231 855 274 886 de
290 853 416 891 servis;
451 865 535 885 nam
559 852 754 885 adversarii
777 851 1075 895 argumentaban-

92 912 148 938 tur
167 904 337 936 Milonem
363 905 442 936 ideo
470 915 590 936 servos
614 902 878 941 manumisisse,
910 914 954 934 ne
980 902 1074 945 rapti

90 956 134 988 ad
153 955 326 987 cruciatus
343 955 538 987 faterentur
562 961 595 986 et
617 956 811 997 proderent
827 953 971 985 Milonis
992 964 1074 985 con-

87 1005 175 1039 silia.
236 1004 359 1036 Cicero
383 1003 489 1036 aliam
515 1016 655 1036 causam
680 1004 968 1036 manumissionis
993 1003 1074 1035 alle-

88 1062 165 1100 gat,
192 1055 322 1088 scilicet
339 1054 485 1087 meritos
503 1066 576 1087 esse
600 1054 818 1091 libertatem,
854 1053 936 1098 quia
961 1052 1075 1085 domi—

87 1119 174 1140 num
191 1106 438 1139 defendissent.
491 1105 659 1138 Coni‘utat
681 1111 714 1137 et
737 1104 938 1138 testimonia
956 1116 1074 1136 servo—

87 1170 169 1191 rum
189 1156 323 1196 Clodii,
350 1157 451 1188 facile
471 1156 564 1188 enim
583 1156 731 1199 intelligi
755 1162 888 1199 potest,
923 1155 999 1187 leve
1026 1160 1075 1185 te-

88 1208 295 1242 stimonium
314 1207 441 1251 εδδ-067)
460 1220 643 1240 servorum
664 1207 779 1239 (ilodii
794 1219 859 1250 pro
879 1206 1015 1239 Clodio.

192 1259 277 1302 Cap.
294 1257 414 1292 X'Vlll.
444 1256 472 1300 3.
491 1258 550 1291 48.
584 1261 683 1291 Video
698 1261 786 1291 enim
808 1259 920 1297 illum,
949 1259 1005 1302 qui
1021 1258 1075 1288 ‹ls-

88 1310 193 1353 ce‘inr]
221 1308 394 1342 inversio:
423 1308 498 1341 lino
521 1321 594 1341 non
614 1310 655 1341 de
672 1310 765 1353 Cyro
791 1308 988 1347 nuntiavit,
1016 1308 1075 1339 sed

89 1363 130 1394 de
148 1360 293 1394 Milonis
319 1361 491 1399 adventu,
525 1367 564 1392 ut
587 1360 728 1393 Clodius
752 1358 899 1392 liaberet
921 1358 1073 1402 spatium

90 1412 287 1455 occupandi
308 1412 376 1443 loci
394 1411 615 1444 insidiarum.

191 1462 275 1506 Cap.
299 1461 387 1495 Xlx.
424 1460 453 1504 3.
477 1461 536 1495 49.
577 1464 687 1505 Atque
721 1466 757 1494 ut
791 1462 842 1494 illi
877 1459 1075 1502 nocturnus]

89 1514 233 1547 Sextum
253 1519 498 1556 argumentum
517 1518 550 1544 et
569 1513 723 1555 primum
744 1512 786 1543 ‹le
801 1512 893 1544 loeo,

196 1563 224 1607 3.
242 1562 301 1597 51.
330 1566 437 1608 Atque
463 1564 517 1596 illo
539 1566 592 1596 die
609 1568 696 1596 cerie
712 1563 850 1606 Aricia]
877 1560 1074 1605 Septimum

88 1621 357 1659 argumentum,
384 1616 574 1646 secundum
595 1615 636 1645 de
656 1614 747 1647 loco·

192 1665 277 1709 Cap.
296 1665 369 1698 XX.
406 1663 434 1706 3.
457 1664 516 1697 53.
562 1667 737 1697 l'ldecmms
760 1664 863 1707 mmo]
899 1662 1073 1695 Octavum

89 1722 334 1761 argumentum
354 1722 386 1748 et
404 1716 547 1748 tertium
566 1717 608 1747 dc
625 1716 715 1748 loco.

194 1767 278 1810 Cap.
294 1764 412 1799 xxtll.
441 1764 469 1808 3.
487 1766 545 1799 61.
575 1768 667 1807 Quod
688 1769 718 1799 εἰ
741 1767 886 1798 nondum
909 1761 1073 1809 scztis⁶⁸)]

87 1819 231 1853 Nonum
247 1818 293 1862 ⁶⁸³)
326 1823 572 1860 argumentum
607 1817 757 1849 sumitur
781 1829 799 1848 a
823 1815 930 1858 signis
955 1826 1075 1846 conse-

89 1869 296 1914 quentibus,
330 1868 461 1902 scilicet
484 1880 502 1899 a
526 1867 751 1900 conscientia.
820 1866 918 1898 Bene
945 1864 1075 1897 conscii

89 1927 170 1954 sunt
189 1926 304 1952 erecto
322 1926 354 1952 et
369 1919 546 1962 intrepido
564 1917 701 1950 animo:
728 1917 817 1949 Milo
834 1918 922 1949 adeo
938 1917 1006 1949 fuit
1022 1916 1074 1947 in-

87 1971 225 2015 trepido
247 1971 366 2003 animo
378 1997 387 2010 ‚
412 1976 452 2002 ut
468 1969 582 2002 redire
599 1981 702 2002 ausus
721 1969 784 2007 sit,
817 1973 898 2001 etse
915 1966 1075 2000 commit-

85 2029 159 2055 tere
191 2022 289 2054 iratis
327 2028 360 2054 et
392 2020 536 2053 armatis
570 2020 848 2063 magistratibus:
892 2030 974 2062 ergo
1009 2017 1075 2050 sibi

85 2074 175 2107 bene
198 2072 355 2106 conscius
380 2071 456 2105 suit.
522 2071 692 2104 Probatio
722 2070 871 2103 minoris
895 2076 945 2102 est
967 2069 1073 2112 longa

87 2125 147 2157 illa
176 2123 335 2156 narratio
368 2124 410 2155 de
440 2122 556 2155 reditu
581 2122 746 2161 Milonis,
788 2123 830 2153 de
862 2119 1073 2163 contemptis

86 2175 344 2220 suspicionibus
361 2180 394 2207 et
409 2174 502 2207 salsis
525 2172 746 2212 rumoribus,
783 2184 824 2205 ex
847 2171 973 2217 quibus
997 2171 1074 2214 plu-

85 2227 216 2260 rinmm
244 2226 274 2259 ei
298 2226 364 2258 suit
386 2225 550 2269 periculi:
587 2237 625 2257 ac
651 2236 713 2268 per
735 2221 827 2256 hanc
853 2222 1072 2255 occasionem

121 2361 169 2389 65)
187 2360 328 2388 cantatus]
347 2358 396 2382 Ed.
413 2357 488 2381 1568.
509 2356 661 2380 cunctatus.

120 2410 169 2438 66)
188 2409 348 2437 moliuntur]
368 2408 417 2432 Ed.
436 2407 510 2430 1563.
530 2406 686 2430 moliantur.

122 2460 170 2487 137)
190 2460 264 2487 esse]
292 2459 332 2482 sic
355 2457 438 2481 Editt.
456 2456 664 2483 1535—1539.,
693 2454 784 2483 1553..
810 2455 902 2485 1554„
923 2455 1013 2484 1568.;
1043 2454 1071 2478 in

157 2494 238 2517 hditt.
256 2493 346 2524 1544.,
369 2493 462 2521 1545„
484 2491 556 2514 1563.
578 2492 604 2513 et
619 2490 714 2513 Colon.
734 2489 820 2513 deest.

121 2547 169 2573 68]
190 2545 314 2568 nondum
331 2544 420 2572 satis]
445 2542 486 2566 sic
504 2542 553 2566 Ed.
573 2541 677 2571 Ore11.;
709 2540 773 2563 illae
791 2539 873 2564 Editt.
899 2540 974 2565 satis
997 2547 1070 2565 non-

155 2581 231 2603 dnm.

121 2631 168 2658 69)
188 2629 306 2655 Nonum]
328 2626 368 2650 sic
385 2626 468 2649 Editt.
485 2627 577 2657 1535„
599 2625 671 2649 1536.
698 2627 781 2654 (quae
800 2630 848 2654 pro
868 2623 915 2647 illa
933 2630 1000 2647 voce
1019 2630 1070 2647 nu-

155 2664 221 2687 meri
242 2663 349 2691 signum
368 2661 415 2685 lx.
434 2661 558 2691 habent),
580 2660 664 2685 1537..
684 2659 768 2685 1539..
784 2659 868 2687 1544„
883 2658 969 2690 1553„
986 2659 1070 2689 1554„

157 2698 248 2727 15G&.;
273 2696 353 2721 [fiditt.
371 2695 461 2725 1545„
482 2694 556 2719 1563.
577 2696 603 2717 et
622 2694 722 2717 colon:
751 2694 865 2718 Novum.

455 107 498 143 X.
549 105 831 143 ENARRATIO
866 102 1124 139 ORATIONIS
1158 99 1408 137 CICERONIS
1441 98 1541 134 PRO
1574 90 1772 135 MTLONE.

2049 97 2124 135 986

1131 188 1272 221 additur
1294 186 1479 231 purg-atio,
1513 195 1582 231 qua
1602 185 1774 218 Milonem
1791 192 1918 230 purgat
1933 185 2119 229 Pompeio,

1129 246 1168 272 ut
1189 239 1319 272 eximat
1340 237 1512 281 Pompeio
1529 236 1772 281 =suspiciones,
1812 237 1937 281 quibus
1964 236 2116 270 maxime

1129 290 1430 334 praeg1·.¹iv.·1l›atur
1447 289 1546 321 Milo.
1597 287 1703 320 Ratio
1729 287 1950 331 purgationis
1976 294 2116 331 sumpta

1130 348 1181 374 cst
1204 354 1245 373 ex
1268 339 1431 383 Pompeii
1449 339 1494 385 70)
1516 339 1704 372 beneficiis.
1764 337 1855 371 Huic
1878 338 1954 370 loco
1983 338 2017 370 in
2049 339 2115 371 fine

1130 393 1228 424 addit
1243 391 1486 433 gravissimam
1505 390 1798 429 admonitionem,
1826 401 1894 434 qua
1914 401 2116 421 con'unoue-

1129 443 1210 475 sarit
1235 442 1467 484 Pompeium,
1498 454 1541 473 ne
1567 441 1652 474 tales
1674 441 1806 473 amicos
1834 439 1996 479 abiiciat,
2029 452 2116 483 quo-

1130 506 1208 526 rum
1237 493 1267 524 ci
1295 492 1378 524 fides
1405 491 1596 536 aliquando
1621 492 1797 535 praesidio
1833 504 1904 524 esse
1937 489 2046 534 possit
2080 490 2116 521 in

1128 545 1198 577 suis
1216 543 1390 587 periculis.
1443 542 1639 575 Fortunam
1660 542 1773 581 enim,
1796 554 1874 574 cum
1897 541 1942 575 sit
1966 540 2119 574 mutabi-

1128 595 1189 634 lis,
1224 594 1328 627 etiam
1354 592 1607 636 ipsiPompeio
1632 594 1858 625 metuendam
1884 604 1968 626 esse.
2030 591 2117 624 Cor-

1129 645 1236 678 rcctio
1254 644 1395 677 additur
1415 643 1686 687 prudentissime
1706 644 1868 687 cogitata.
1919 642 2117 686 Argumen-

1129 704 1222 730 tatur
1245 696 1338 728 enim
1362 707 1403 727 ex
1423 694 1498 738 ipso
1523 695 1615 726 facto
1632 694 1870 740 Pompeiim),
1898 695 1993 739 quod
2011 693 2117 726 Milo-

1128 761 1209 780 nem
1236 747 1372 780 salvum
1397 758 1469 778 esse
1494 745 1589 778 velit.
1642 745 1833 789 Pompeius
1851 746 1945 777 enim
1963 743 2117 777 babebat

1128 799 1180 831 ius
1206 797 1440 830 interficiendi
1461 795 1607 829 Milonis
1631 796 1705 829 sine
1733 795 1884 835 iudicio,
1918 795 1999 840 quia
2023 796 2116 827 facto

1126 848 1449 887 senatusconsulto,
1476 854 1516 880 ut
1532 846 1667 879 videret
1685 859 1727 879 ne
1744 847 1829 891 quid
1846 846 2041 890 respublica
2060 846 2119 878 de-

1128 899 1286 932 trimenti
1305 899 1497 943 acciperet,
1524 897 1595 930 iam
1613 898 1716 930 tacite
1734 897 1820 930 Milo
1837 897 1904 929 suit
1929 894 2039 930 bostis
2065 896 2117 929 iu-

1128 950 1328 996 dicatus⁷¹)‚
1356 957 1390 982 et
1405 949 1579 992 Pompeio
1598 949 1720 981 datum
1737 949 1789 981 ius
1807 946 2119 980 interficiendiMi-

1126 1003 1257 1035 louein.
1310 1001 1442 1033 Debuit
1467 1000 1574 1043 igitur
1596 999 1671 1032 sine
1694 999 1824 1033 iudicio
1847 999 2062 1037 interficere,
2089 997 2119 1031 si

1127 1052 1300 1084 Milonem
1322 1062 1436 1095 poena
1461 1051 1607 1092 dignum
1632 1062 1704 1083 esse
1729 1050 1924 1088 statuebam
1962 1049 2021 1082 sed
2043 1060 2119 1080 non

1128 1102 1318 1135 interfecit:
1347 1101 1454 1145 igitur
1473 1101 1644 1143 significat
1668 1113 1747 1133 eum
1774 1112 1848 1133 non
1873 1111 1944 1133 csse
1970 1100 2118 1142 dignum

1128 1166 1254 1198 poena.
1307 1152 1372 1185 Hic
1388 1153 1484 1185 locus
1501 1151 1736 1185 subobscurus
1752 1157 1821 1191 est,
1848 1151 1875 1184 si
1893 1150 1969 1196 quis
1985 1150 2119 1182 Roma-

1128 1218 1212 1238 num
1247 1216 1385 1236 morem
1415 1209 1449 1235 et
1480 1202 1551 1234 vim
1585 1202 1880 1236 senatusconsulti
1905 1214 1978 1234 non
2004 1200 2117 1240 novit,

1129 1269 1198 1301 quo
1218 1255 1442 1298 magistratus
1458 1253 1495 1285 in
1506 1253 1550 1299 72)
1570 1253 1716 1287 summiS
1732 1253 1897 1298 periculis
1914 1252 2047 1285 armari
2061 1264 2117 1285 so-

1128 1308 1258 1339 lebant.
1311 1305 1418 1338 Facto
1441 1305 1535 1337 enim
1555 1301 1622 1337 hoc
1641 1304 1966 1343 senatusconsulto,
2002 1309 2042 1336 ut
2065 1302 2117 1334 vi-

1129 1359 1253 1390 derent
1279 1356 1459 1395 consules,
1499 1367 1543 1387 ne
1576 1355 1662 1400 quid
1689 1355 1886 1399 respublica
1913 1352 2119 1387 detrimenti

1129 1414 1287 1452 caperet,
1314 1408 1465 1439 dabatur
1482 1412 1636 1450 potestas
1653 1406 1854 1439 consulibus
1873 1404 2119 1438 conscribendi

1129 1459 1318 1498 exercitus,
1350 1468 1479 1502 eosque
1502 1457 1756 1496 interficiendi,
1791 1463 1913 1489 contra
1937 1468 2025 1501 quos
2048 1455 2118 1488 tale

1128 1509 1471 1545 senatusconsultum
1489 1508 1613 1547 fiebat,
1649 1508 1738 1541 sicut
1754 1507 1883 1540 Caesar
1907 1513 2055 1539 testatur
2078 1506 2117 1538 in

1129 1561 1304 1607 principio
1330 1559 1414 1593 belli
1434 1558 1544 1592 civilis
1562 1558 1627 1605 ⁷³),
1671 1571 1750 1591 cum
1774 1558 1907 1603 inquit:
1952 1557 2118 1602 Quoties-

1129 1625 1266 1658 cunque
1287 1613 1465 1644 decrctum
1482 1610 1545 1649 sit,
1573 1610 1700 1642 darent
1716 1609 1942 1653 magistratus
1959 1620 2118 1652 operam,

1128 1677 1171 1696 ne
1191 1664 1276 1708 quid
1290 1661 1486 1706 respublica
1514 1660 1719 1693 detrimenti
1744 1666 1899 1704 caperet:
1937 1672 2005 1704 qua
2031 1671 2116 1691 voce

1129 1721 1162 1748 et
1180 1726 1250 1759 quo
1266 1712 1571 1746 senatusconsulto
1590 1711 1742 1755 populus
1753 1711 1937 1743 Romanus
1954 1711 1997 1742 ad
2015 1721 2115 1742 arma

1128 1772 1273 1798 vocatus
1293 1764 1356 1803 sit,
1383 1764 1515 1795 sactum
1540 1762 1577 1794 in
1601 1761 1808 1805 perniciosis
1832 1761 1986 1804 legibus,
2020 1760 2057 1792 in
2081 1759 2118 1791 vi

1128 1815 1388 1860 t1·ibunitia⁷‘²)‚
1417 1820 1480 1847 etc.
1534 1812 1650 1858 Atque
1667 1810 1724 1845 hic
1739 1809 1885 1845 finis‘est
1905 1810 2118 1845 defensionis

1129 1865 1344 1912 principalis.
1397 1864 1564 1909 Sequitur
1582 1876 1675 1896 nova
1697 1863 1874 1903 defensio,
1902 1863 1938 1895 in
1957 1875 2024 1907 qua
2044 1869 2118 1894 tue—

1129 1926 1185 1951 tur
1211 1917 1383 1950 Milonem
1408 1915 1477 1947 alio
1505 1916 1660 1960 quodam
1687 1921 1916 1958 argument0‚
1954 1913 2116 1946 videlicet

1127 1970 1231 2003 fuisse
1256 1980 1273 2001 e
1298 1966 1478 2011 republica
1497 1966 1661 1998 Clodium
1678 1965 1847 2005 interfici,
1874 1971 2045 2009 tanquam
2064 1970 2118 2008 ty-

1128 2032 1294 2059 rannum,
1319 2024 1379 2050 aut
1395 2017 1505 2049 civem
1523 2016 1742 2050 seditiosum.
1789 2016 1907 2060 Quare
1920 2015 2006 2048 Milo
2024 2020 2116 2047 recte

1127 2073 1267 2110 fecerit,
1291 2076 1324 2102 et
1340 2080 1454 2113 poena
1472 2068 1676 2100 liberandus
1692 2067 1746 2100 sit.
1820 2068 1956 2108 Quodsi
1974 2067 2118 2099 nondum

1126 2125 1228 2163 satis,
1263 2118 1347 2167 etc.]
1382 2119 1526 2153 Nonum
1552 2124 1799 2162 argumentum
1827 2124 1860 2149 et
1884 2117 2048 2149 ultimum
2073 2116 2116 2147 de

1127 2171 1352 2207 conscientia.
1406 2170 1556 2203 Orditur
1576 2175 1694 2202 autem
1713 2181 1732 2202 a
1748 2168 1955 2214 111i1101·c⁷⁵).
2032 2168 2115 2201 Ma-

1123 2238 1191 2270 ytm
1209 2226 1258 2258 vis
1281 2228 1350 2262 est,
1379 2219 1463 2267 eta]
1490 2220 1621 2254 Maior.

1159 2367 1207 2395 70)
1226 2364 1361 2395 Pompeii]
1379 2364 1464 2389 Editt.
1480 2363 1572 2393 1544„
1596 2362 1668 2386 1545.
1689 2361 1809 2392 Pompei.

1158 2419 1206 2446 71)
1226 2416 1374 2444 iudicatus]
1393 2415 1442 2438 Ed.
1459 2414 1534 2439 1568.
1557 2413 1699 2436 indicatus.

1157 2470 1204 2496 72)
1225 2468 1266 2496 in]
1286 2466 1326 2490 sic
1345 2471 1438 2489 onmes
1453 2464 1537 2488 Editt.
1558 2463 1678 2493 exeeptis
1691 2461 1858 2486 Editt.1539.
1870 2462 1909 2492 B.‚
1926 2460 2011 2492 1553.7
2028 2461 2113 2488 1554..

1193 2503 1219 2526 iu
1239 2501 1334 2532 quibus
1359 2500 1444 2523 deest.

1157 2553 1205 2580 73)
1225 2551 1302 2576 Conf.
1322 2550 1402 2574 Caes.
1423 2549 1490 2572 Bell.
1509 2548 1564 2571 Cic.
1578 2547 1599 2577 1,
1619 2547 1646 2577 5,
1664 2546 1691 2571 3.

1156 2605 1205 2632 74)
1223 2601 1378 2629 tribunitia]
1398 2600 1446 2624 Ed.
1464 2599 1538 2624 1536.
1557 2600 1668 2628 typogr.
1687 2603 1800 2621 errore:
1827 2595 1968 2623 tribunita.

1155 2656 1203 2682 75)
1224 2655 1298 2677 Haec
1316 2653 1405 2676 altera
1424 2652 1488 2674 nota
1506 2650 1603 2673 iisdem
1625 2649 1680 2674 Cic.
1699 2648 1794 2672 verbis
1820 2648 1960 2678 adscripta
1977 2646 2004 2671 in
2023 2647 2111 2671 omni·

1193 2691 1241 2714 bus
1261 2689 1315 2712 illis
1333 2686 1416 2711 Editt.
1436 2685 1588 2710 invenitur.
