2347 3000
89 138 138 175 29
642 133 667 169 1.
709 134 1059 170 PIIILOSOPHIAE
1087 133 1299 170 MORALIS
1325 133 1555 168 EPITOME.
2062 131 2108 165 30

90 223 231 262 monia,
259 222 325 261 sic,
352 227 391 255 ut
405 220 482 254 Deo
506 221 690 254 obedirent
707 233 828 254 omnes
847 222 939 255 vires
955 219 1070 254 homi-

90 275 156 309 nis.
209 274 277 308 Sed
309 279 497 318 postquam
530 272 651 305 vitiata
682 279 732 305 est
762 271 917 306 hominis
942 279 1067 305 natura

90 326 217 360 morbo
236 325 400 368 originis,
429 324 613 357 obscurata
639 330 689 356 est
704 324 761 356 illa
780 325 906 358 notitia
924 324 1009 364 Dei,
1037 330 1069 356 et

91 383 207 411 secuta
240 375 500 415 inobedientia,
535 381 569 407 et
598 382 719 408 manet
743 382 861 408 tamen
894 375 992 415 finis,
1026 376 1068 407 ad

92 441 197 474 quem
222 426 356 459 conditi
380 439 521 466 sumus,
554 432 588 458 et
612 432 733 459 manet
756 427 873 472 aliqua
899 427 983 470 legis
1007 439 1070 458 no-

91 479 189 519 titia,
223 478 319 511 videt
341 484 374 510 et
396 478 487 510 ratio
511 477 577 510 soli
602 475 740 510 homini
766 478 972 522 impressam
998 490 1070 510 esse

90 530 255 564 notitiam
281 530 322 561 de
344 528 439 567 Deo;
465 541 573 574 quare
595 529 759 572 intelligit
777 530 889 562 Deum
911 529 1071 562 condito-

91 594 167 615 rem
192 593 282 620 esse,
310 592 461 625 eumque
484 581 613 613 iustum
638 587 672 613 et
696 580 872 613 vindicem
899 581 1069 614 scelerum

92 645 182 672 esse,
218 632 319 677 eique
350 631 537 676 praecipue
570 631 806 664 obediendum
839 644 923 665 esse.
975 631 1070 675 Ergo

91 684 185 717 idem
210 683 289 717 finis
312 681 467 716 hominis
490 682 754 716 constituendus
772 689 822 715 est
845 683 939 716 iuxta
959 683 1070 725 legem

92 735 178 775 Dei,
205 741 238 767 et
253 746 372 766 veram
391 746 430 766 ac
452 733 625 767 eruditam
645 731 921 778 philosophiam.
964 734 1070 767 Recte

92 787 200 831 igitur
226 785 335 818 Stoici
363 785 544 824 dixerunt,
581 791 716 817 caetera
745 783 933 819 hominum
968 797 1070 818 causa

93 850 165 872 esse
196 836 357 876 condita,
390 833 552 868 homines
576 848 660 869 vero
684 836 843 870 Deorum
877 849 1000 877 causa,
1036 837 1072 869 id

93 895 162 928 est,
189 894 229 921 ut
258 887 455 920 innotescat
478 886 574 920 Deus
596 899 659 931 per
685 886 865 927 hominos,
901 895 940 921 ut
964 888 1072 921 socie-

91 939 157 973 tati
177 937 354 972 humanae
377 950 620 982 proponamus
645 939 810 972 notitiam
827 939 894 973 Dei
916 946 949 972 ct
975 939 1072 973 iusti-

92 991 179 1024 tiam
192 1017 200 1031 ,
227 996 266 1024 ut
284 989 320 1022 in
334 995 485 1035 utloque
502 989 597 1023 Deus
616 997 838 1034 agnoscatur.
884 990 980 1024 Idem
997 1003 1072 1023 ιιιο-

93 1048 180 1076 nent
205 1048 238 1074 ct
261 1041 454 1074 sententiae
488 1041 525 1074 in
549 1041 687 1081 Poetis,
722 1043 835 1087 qualis
863 1048 897 1075 et
928 1043 985 1075 illa
1011 1048 1072 1081 est,

94 1106 201 1140 quam
225 1092 268 1125 cit
274 1099 309 1125 at
324 1092 364 1125 Ρ
358 1092 484 1125 ’”ιιι1ιι5
474 1105 511 1125 ιιι
528 1092 624 1125 Actis
653 1093 729 1139 (17,
748 1093 838 1137 28).
892 1093 959 1126 Sed
977 1093 1071 1127 iuxta

92 1144 324 1188 Evangelium
353 1144 431 1177 finis
454 1149 524 1184 est,
551 1156 739 1187 agnoscere
757 1143 936 1178 Christum
960 1145 1072 1178 filium

94 1196 180 1235 Dei,
209 1201 241 1228 et
266 1195 422 1239 accipere
449 1196 603 1228 oblatam
619 1195 920 1236 misericordiam,
949 1203 981 1229 et
1000 1197 1073 1240 glo-

93 1248 229 1282 rificare
244 1246 378 1285 Deum,
407 1246 508 1291 eique
533 1247 687 1279 obedire.
741 1247 884 1279 Dictum
906 1247 999 1279 enim
1022 1253 1073 1279 est

94 1310 221 1343 supra,
247 1297 436 1330 discrimen
453 1309 524 1329 esse
543 1297 613 1328 inte
618 1309 633 1328 r
650 1297 761 1337 legem
780 1303 812 1328 et
827 1297 880 1328 Ει
883 1298 1072 1339 angelium,

95 1356 129 1382 et
151 1356 270 1382 tamen
295 1347 341 1380 ita
364 1347 578 1391 pioponitur
600 1347 636 1378 in
658 1346 713 1378 Ev
716 1360 783 1390 agin
775 1347 854 1379 elio
876 1348 954 1380 finis
973 1345 1073 1380 Chri—

96 1407 187 1439 stus,
211 1405 249 1432 ut
265 1399 302 1430 in
319 1410 359 1430 co
377 1398 428 1430 De
420 1411 471 1430 us
488 1395 775 1441 apprehendatur
785 1424 793 1437 ,
818 1404 851 1430 et
866 1410 947 1430 xere
965 1410 1073 1441 agno-

95 1457 227 1484 scatur:
272 1461 354 1491 ergo
394 1448 449 1480 Ex
452 1448 628 1491 angelium
672 1448 736 1480 etsi
769 1449 1000 1481 concionatur
1031 1449 1072 1480 de

95 1500 274 1544 agnitione
286 1497 426 1538 Christi,
445 1505 563 1531 tamen
581 1499 824 1543 complectitur
843 1500 949 1532 ctiam
967 1500 1071 1531 finem

94 1551 131 1584 in
146 1552 220 1595 lege
236 1549 470 1594 propositum.
511 1548 584 1582 Iam
605 1547 661 1582 hic
677 1550 831 1594 cogitent
845 1551 959 1583 bonae
975 1562 1073 1583 men-

94 1609 164 1642 tes,
189 1601 273 1647 quid
289 1600 448 1645 requirat
463 1601 588 1633 notitia
606 1601 696 1634 finis.
742 1602 925 1646 Nusquam
948 1602 990 1634 ab
1007 1599 1073 1634 hac

93 1659 187 1687 meta
207 1652 457 1685 discedendum
487 1658 548 1685 est.
600 1652 731 1686 Omnia
756 1653 920 1693 consilia,
950 1665 1071 1686 omnes

94 1704 249 1738 actiones
275 1715 316 1736 eo
337 1703 461 1736 referri
486 1704 632 1743 debent,
661 1704 759 1736 omni
778 1705 1004 1737 contentione
1023 1710 1073 1736 at-

95 1768 162 1803 que
185 1755 320 1799 impetu
342 1755 480 1788 animus
499 1755 633 1788 conniti
651 1756 772 1795 debet,
801 1762 839 1789 ut
855 1754 948 1789 hunc
966 1757 1071 1788 finem

93 1813 301 1852 assequatur
324 1812 356 1838 et
377 1812 490 1839 ornet.
542 1805 593 1839 Ita
612 1808 824 1840 contendere
841 1813 915 1840 toto
932 1813 1073 1852 pectore

94 1859 280 1898 debemus,
312 1863 352 1890 ut
374 1857 489 1891 Deum
518 1869 768 1901 agnoscamus,
805 1858 906 1904 eique
939 1859 1074 1891 obtem-

94 1922 277 1956 peremus,
304 1914 338 1941 et
355 1909 428 1942 eius
446 1909 596 1952 gloriam
614 1909 839 1949 illustremus,
866 1910 955 1943 sicut
973 1908 1074 1943 Chri-

94 1968 166 1996 stus
200 1957 343 2006 (Matth.
370 1958 411 2000 5,
440 1960 514 2006 16.)
550 1961 682 2006 inquit:
717 1960 850 1994 Lueeat
873 1961 932 1994 lux
957 1967 1072 1994 vestra

96 2024 216 2046 eoram
237 2009 460 2051 hominibus,
487 2018 527 2045 ut
552 2012 766 2055 glorificetur
782 2013 888 2045 Pater
906 2012 1074 2051 coelestis,

95 2070 130 2097 et
144 2063 180 2095 in
196 2062 399 2107 precatione
417 2063 571 2107 primum
590 2063 741 2108 petimus
759 2065 800 2096 de
818 2064 876 2096 illo
896 2065 975 2103 fine,
994 2075 1073 2097 san-

96 2115 284 2153 ctificetur,
311 2113 347 2146 id
371 2120 439 2154 est,
464 2127 545 2147 vere
570 2121 781 2158 agnoscatur
805 2127 937 2147 nomen
962 2121 1074 2154 tuum,

96 2173 131 2200 et
153 2165 301 2199 verbum
327 2170 438 2198 tuum.
490 2164 538 2197 Et
564 2166 790 2209 gravissimus
813 2172 906 2198 extat
922 2166 1075 2199 Nazian-

97 2217 173 2251 zeni
190 2215 235 2262 ιι3)
264 2216 470 2249 versiculus:
514 2215 634 2261 ἀρχὴν
668 2214 846 2251 ἁπάντων
879 2215 942 2251 καὶ
976 2215 1075 2255 τέλος

95 2268 192 2304 ποιεῖ
204 2263 307 2302 θεόν.
339 2267 403 2299 Hic
422 2266 526 2299 etiam
545 2267 842 2301 considerandum
857 2275 918 2308 est,
941 2274 1073 2313 quanta

96 2320 141 2354 sit
163 2319 347 2351 infirmitas
370 2315 546 2357 humana,
575 2320 671 2363 quod
693 2317 786 2352 hunc
810 2320 913 2352 finem
933 2331 1007 2352 non
1025 2319 1073 2352 ita

96 2371 273 2410 intuetur,
301 2376 335 2402 et
359 2369 489 2414 expetit
513 2375 552 2402 ut
570 2370 683 2403 debet.
736 2370 892 2410 Rursus,
921 2377 1073 2416 quantus

97 2422 142 2456 sit
161 2423 262 2455 furor
279 2421 395 2465 palam
423 2420 545 2454 tollere
563 2418 657 2453 hunc
682 2421 786 2454 finem
799 2448 809 2459 ,
837 2422 937 2467 quasi
955 2435 995 2455 ex
1011 2434 1074 2454 na-

97 2480 176 2507 tura
192 2473 302 2506 deleri
322 2472 449 2516 possit,
478 2472 591 2516 qualis
609 2478 660 2504 est
676 2472 829 2505 amentia
847 2473 1012 2517 Epicuri,
1040 2479 1074 2505 et

97 2522 201 2557 huius
219 2523 354 2567 generis
374 2523 542 2567 imagines
565 2530 814 2567 proponuntur
832 2524 868 2556 in
887 2524 1073 2569 poematis,

96 2582 137 2609 ut
151 2576 245 2620 apud
260 2574 467 2619 Euripidem
483 2575 599 2619 inquit
615 2574 764 2619 Cyclops
781 2574 842 2620 15);

130 2691 176 2725 14)
202 2692 354 2723 Gregorius
373 2692 584 2723 Nazianzenus,
603 2699 627 2718 a.
647 2694 706 2718 300.
726 2694 824 2723 natus,
846 2692 904 2717 390.
924 2693 1054 2717 mortuus.

131 2744 176 2776 15)
196 2744 273 2770 Cons.
292 2744 384 2775 Eut-ip.
405 2744 481 2774 Cyct.
500 2744 559 2769 319.
578 2745 637 2770 333.
657 2745 715 2769 334.

1207 222 1274 250 Non
1296 221 1357 250 ulla
1379 220 1497 248 numina
1520 226 1682 256 expavesco
1702 217 1849 251 coelitum,

1206 273 1266 302 Sed
1288 273 1415 300 victimas
1440 272 1489 299 uni
1511 271 1639 298 Deorum
1663 269 1786 297 inaximo
1807 266 1901 295 ventri
1924 265 2026 302 offero,

1208 325 1286 352 Deos
1309 324 1408 361 ignoro
1431 328 1575 351 caeteros.

1224 374 1273 406 lta
1293 381 1416 418 poetae
1435 387 1512 407 cum
1534 373 1694 406 tribuunt
1713 377 1955 414 contemptum
1978 370 2039 402 Dei
2058 376 2107 402 ta-

1123 424 1214 457 libus
1229 426 1389 468 personis
1408 424 1702 467 degenerantibus
1721 435 1738 455 a
1759 428 1886 455 natura
1905 419 2107 460 hominnm,

1123 476 1321 519 significant
1343 474 1409 509 hoe
1434 477 1558 510 xitium
1585 475 1774 520 praecipue
1798 486 1876 506 cum
1900 480 2027 506 natura
2044 470 2108 505 ho-

1460 527 1533 561 Noc
1553 534 1671 560 tamen
1690 527 1782 559 alind
1807 531 1858 558 est
1876 537 1913 558 re
1933 525 2006 568 ipsa
2023 523 2107 568 Epi-

1124 579 1198 611 curi
1216 576 1439 622 philosophia
1452 604 1460 617 ,
1485 591 1590 623 quam
1610 579 1673 611 ista
1690 590 1759 610 vox
1778 575 1953 621 Cyclopis.

1226 630 1328 663 Nunc
1363 629 1540 661 includam
1572 630 1608 662 in
1642 629 1864 674 syllogismos
1897 631 2105 670 argumenta

1124 693 1230 724 supra
1246 680 1359 725 posita
1379 682 1420 713 de
1438 681 1504 713 fine
1522 679 1688 713 hominis.
1728 680 1890 713 Primum
1902 705 1910 718 ‚
1939 689 2002 722 per
2020 676 2107 708 ima-

1124 732 1241 776 ginem
1279 732 1383 764 debet
1423 731 1519 764 cerni
1560 738 1593 763 ct
1628 731 1846 763 innotescere
1883 727 2107 772 archetypus.

1125 784 1241 816 Homo
1260 789 1310 816 est
1327 783 1444 826 imago
1463 782 1544 815 Dei:
1574 794 1656 826 ergo
1675 782 1754 815 ideo
1774 788 1824 815 est
1842 781 1971 824 imago,
1988 785 2027 813 ut
2044 790 2106 823 per

1124 836 1221 868 illum
1239 834 1434 867 innotescat
1450 834 1556 867 Deus.

1226 886 1439 925 Secundum,
1465 884 1592 918 notitia
1611 890 1760 917 naturae
1781 883 1948 926 impressa
1966 892 2040 913 non
2058 887 2108 914 est

1123 938 1252 970 frustra
1285 937 1389 970 insita
1420 937 1617 975 mentibus,
1652 936 1717 969 soli
1747 933 1886 967 homini
1911 932 2038 966 notitia
2066 932 2107 964 de

1124 988 1200 1021 Deo
1229 995 1279 1022 est
1301 989 1417 1022 insita.
1469 987 1563 1031 Ergo
1581 985 1689 1020 homo
1712 985 1856 1031 proprie
1881 991 1932 1018 est
1947 983 2108 1016 conditus

1125 1042 1169 1073 ad
1188 1040 1283 1072 illam
1299 1040 1465 1072 notitiam
1482 1039 1727 1072 illustrandam
1748 1044 1778 1070 et
1799 1036 2079 1080 propagandam.

1227 1091 1409 1131 Tertium,
1435 1091 1525 1124 sicut
1551 1091 1588 1123 in
1614 1096 1741 1122 natura
1769 1088 1911 1120 effectus
1936 1091 2108 1128 reguntur

1126 1155 1143 1175 a
1169 1142 1240 1176 suis
1263 1143 1394 1182 causis,
1422 1142 1469 1174 ita
1500 1148 1701 1174 creaturam
1726 1151 1864 1172 necesse
1888 1144 1937 1172 cst
1964 1137 2108 1170 obedire

1126 1194 1313 1227 conditori.
1350 1193 1451 1226 Mens
1469 1193 1626 1237 agnoscit
1643 1205 1708 1225 nos
1727 1198 1822 1224 ortos
1841 1202 1911 1223 esse
1935 1201 1954 1222 a
1970 1188 2059 1228 Deo,
2077 1193 2110 1219 et

1127 1245 1269 1289 quidem
1305 1245 1417 1277 cernit
1450 1245 1585 1289 requiri
1629 1242 1888 1281 obedientiam,
1923 1247 1956 1273 et
1988 1238 2108 1285 puniri

1127 1296 1421 1329 inobedientiam:
1465 1308 1548 1339 ergo
1586 1295 1775 1340 praecipue
1815 1293 1985 1326 debemus
2027 1291 2109 1324 obe-

1126 1347 1200 1378 dire
1220 1346 1310 1379 Deo.

1124 527 1229 559 minis
1248 539 1418 570 pugnare.

1183 1434 1365 1478 Quomodo
1388 1437 1554 1481 loquitur
1578 1436 1798 1471 Aristoteles
1821 1435 1866 1469 cle
1888 1433 1989 1482 fine?
2006 1432 2052 1479 16)

1229 1504 1318 1537 Cum
1341 1503 1377 1535 in
1401 1509 1529 1536 natura
1558 1500 1715 1536 hominis
1737 1509 1903 1547 corrupta
1930 1514 2003 1535 non
2027 1500 2110 1534 satis

1125 1556 1240 1588 luceat
1254 1554 1381 1588 notitia
1399 1554 1485 1593 Dei,
1512 1553 1719 1588 Aristoteles
1741 1556 1782 1587 de
1800 1556 1867 1587 fine
1886 1554 1991 1598 paulo
2010 1552 2111 1584 aliter

1126 1607 1304 1652 loquitur,
1332 1605 1513 1639 constituit
1537 1606 1631 1638 enim
1654 1607 1760 1639 finem
1784 1604 1938 1638 hominis
1966 1615 2110 1648 genera-

1126 1659 1205 1690 liter
1232 1664 1364 1691 rectam
1389 1657 1565 1690 actionem
1591 1670 1776 1702 supremae
1795 1656 1974 1702 potentiae
1993 1656 2029 1688 in
2047 1652 2109 1687 ho-

1126 1710 1240 1749 mine,
1268 1707 1335 1742 hoc
1362 1715 1430 1748 est,
1459 1709 1634 1741 actionem
1661 1709 1819 1747 virtutis,
1845 1721 1906 1741 seu
1930 1707 2109 1740 xil-tutem.

1127 1761 1282 1805 Quaerit·
1301 1759 1395 1792 enim
1414 1760 1520 1792 finem
1546 1772 1586 1792 ex
1605 1761 1729 1792 ordine
1746 1767 1777 1792 et
1797 1759 1968 1803 dignitate
1986 1763 2109 1801 poten-

1128 1813 1275 1850 tiarum;
1305 1812 1365 1845 sed
1390 1811 1418 1844 si
1453 1812 1645 1856 quaesisset
1675 1811 1855 1844 actionum
1883 1810 2030 1854 gradus,
2058 1808 2110 1841 in—

1127 1864 1277 1896 venisset
1299 1874 1475 1896 summam
1501 1862 1675 1895 actionem
1696 1875 1767 1896 esse
1786 1874 1973 1906 agnoscere
1994 1860 2110 1893 Deum

1128 1921 1161 1948 et
1190 1913 1333 1947 obedire
1355 1913 1447 1953 Deo,
1475 1919 1508 1946 et
1530 1914 1673 1947 vidisset
1697 1914 1862 1947 virtutem
1887 1912 2109 1945 referendam

1128 1979 1199 1999 esse
1216 1967 1259 1998 ad
1277 1966 1374 1997 illum
1394 1966 1513 2003 finem,
1535 1965 1709 2004 videlicet,
1737 1966 1781 1997 ad
1798 1964 2014 2008 agnitionem
2031 1961 2109 1996 Dei.

1126 2017 1201 2050 Etsi
1226 2017 1333 2061 igitur
1363 2016 1440 2049 finis
1472 2015 1549 2056 ille,
1579 2029 1684 2061 quem
1717 2028 1822 2060 supra
1854 2014 2110 2053 constituimus,

1127 2075 1219 2102 recte
1244 2075 1277 2101 et
1300 2064 1544 2111 philosophice
1572 2068 1781 2101 constitutus
1806 2073 1873 2105 est,
1902 2073 2020 2098 tamen
2036 2076 2110 2097 non

1128 2119 1387 2153 consutabimus
1407 2118 1616 2151 sententiam
1636 2119 1854 2157 Aristotelis,
1878 2130 1920 2150 ne
1938 2116 2111 2150 subtilitas

1127 2177 1327 2204 remoretur
1359 2170 1615 2208 adolescentes;
1650 2183 1773 2202 verum
1806 2170 1938 2202 interea
1964 2166 2112 2200 studiosi

1128 2223 1282 2266 cogitent
1296 2219 1477 2254 hominem
1493 2233 1566 2253 non
1581 2233 1653 2254 esse
1666 2221 1732 2254 sibi
1747 2222 1865 2260 finem,
1877 2220 1936 2254 sed
1947 2217 2110 2251 homines

1127 2274 1194 2306 Dei
1222 2285 1323 2306 causa
1350 2273 1467 2312 nasci,
1502 2278 1536 2305 et
1559 2272 1724 2306 virtutem
1754 2284 1816 2315 per
1839 2283 1911 2304 sese
1938 2282 2011 2302 non
2036 2281 2108 2302 esse

1128 2326 1214 2358 illud
1242 2331 1458 2363 extremum,
1484 2323 1522 2356 in
1547 2336 1617 2368 quo
1643 2323 1862 2369 acquiescere
1881 2333 1978 2354 mens
1996 2321 2110 2359 debet,

1126 2378 1185 2410 sed
1207 2376 1428 2409 referendam
1449 2386 1521 2407 esse
1540 2375 1687 2408 ulterius
1703 2401 1712 2415 ,
1740 2373 2026 2417 adagnitionem
2043 2371 2110 2404 Dei

1127 2435 1161 2461 et
1176 2429 1218 2460 ad
1236 2427 1472 2460 obediendum
1489 2425 1578 2458 Deo.

1227 2486 1405 2519 Hactenus
1429 2486 1470 2518 de
1494 2483 1684 2529 principali
1707 2484 1775 2516 fine
1800 2483 1931 2516 dictum
1957 2489 2025 2522 est,
2054 2495 2109 2515 co-

1126 2538 1298 2571 mitantur
1316 2544 1433 2570 autem
1448 2536 1630 2574 virtutem,
1650 2541 1684 2568 et
1702 2535 1762 2567 alii
1780 2536 1864 2569 fines
1882 2534 1997 2568 minus
2014 2534 2110 2578 prin-

1162 2674 1206 2701 lss)
1233 2674 1261 2696 Ιιι
1288 2671 1431 2696 Ειι,1533.
1460 2670 1526 2693 haec
1552 2669 1676 2699 quaestio
1702 2675 1761 2692 cum
1786 2669 1911 2699 sequenti
1938 2670 2031 2693 [feet.
2062 2670 2111 2693 sed

1193 2714 1233 2737 pr<
1227 2714 1299 2730 aee(
1313 2707 1398 2729 ntem
1419 2705 1607 2734 quaestionem
1626 2704 1750 2734 sequitur
1769 2705 1801 2727 ii
1846 2705 1940 2733 (3-9.)
1966 2712 1974 2727 ς
1996 2716 1999 2720 r
2089 2712 2110 2727 ;.ῑ

1192 2742 1339 2773 praecepti
1358 2741 1391 2765 de
1409 2739 1464 2770 fine
1483 2735 1574 2764 usus?
