2347 3000
208 126 281 160 339

215 213 384 246 reclamat
412 211 602 251 iudicium,
644 217 679 243 et
711 209 854 242 affectus
878 205 1106 251 prosequitur
1138 204 1200 236 ali-

218 265 322 310 quid,
356 263 437 309 quia
464 263 514 295 illi
540 262 634 307 parti
658 263 792 293 bonum
816 258 974 297 ducitur,
1006 263 1045 289 ut
1068 255 1201 289 sitienti

219 315 353 348 orificio
383 314 588 353 ventriculi,
616 308 662 345 ‘et
686 308 907 354 oesophago,
946 320 1006 341 scu
1029 307 1201 346 faucibus,

218 366 334 400 suavis
369 371 420 399 est
451 363 630 398 restinctio
662 361 829 400 sci-xoris,
884 358 1023 392 tametsi
1057 358 1201 391 caeteris

217 418 386 450 membris
420 422 534 449 nocet.
602 413 652 446 lta
675 412 790 445 David
818 411 952 455 appetit
979 410 1202 454 complexum

219 469 355 501 alienae
385 464 615 509 coniugis-³⁰),
659 463 740 508 quia
773 474 832 495 cor
861 462 1121 494 inflammatum
1154 466 1203 493 cst

221 531 355 557 amore,
375 525 408 550 et
425 517 518 560 rapit
532 528 649 549 secum
669 515 845 546 infirmam
864 514 1096 553 voluntatem,
1115 524 1203 557 quae

220 571 300 603 ideo
319 581 391 601 non
407 567 554 609 refugit,
583 565 664 611 quia
689 565 798 610 parti,
826 565 858 596 id
880 571 949 605 est,
977 563 1073 596 cordi
1093 576 1131 595 ea
1151 575 1205 595 res

221 621 337 655 suax‘is
355 619 507 651 ducitur.
557 616 609 649 Ex
627 614 690 649 hac
710 616 809 649 brevi
835 615 1079 658 admonitione
1104 614 1205 646 iutel-

221 671 280 715 ligi
298 676 433 714 potest,
469 669 651 714 quomodo
675 667 874 701 contrariae
898 680 951 700 res
977 667 1020 698 ab
1045 678 1117 698 11110
1144 663 1207 698 110-

220 722 314 755 1111110
340 726 575 765 appetantur,
618 720 677 751 sed
704 732 722 751 a
748 719 894 751 dix-ersis
923 718 1073 756 viribus,
1118 728 1207 762 quae

222 773 365 818 quidem
386 772 432 804 ita
451 777 531 805 sunt
551 770 862 809 adsuesaciendae,
890 776 929 802 ut
944 768 1053 801 menti
1074 769 1208 800 obtem-

221 830 347 868 perent
379 822 563 855 inferiores
591 821 700 861 vires,
744 821 831 854 sicut
855 818 1008 853 Achilles
1035 819 1209 863 stringens
1234 833 1235 847 ι

222 875 397 919 gladium,
425 887 459 907 se
477 873 641 918 reprimit
657 886 673 904 a
688 873 833 905 Pallade
851 870 1120 916 admonitusss').
1165 870 1210 903 Et

221 926 274 970 pii
296 926 433 959 discant
455 924 571 957 iuvari
596 936 631 957 se
659 923 694 956 in
718 921 784 956 hoc
802 923 994 955 certamine
1012 935 1031 954 a
1049 922 1144 961 Deo,
1172 927 1211 954 ut

223 977 351 1011 dicitur
369 977 490 1022 (l'xom.
510 976 544 1015 8,
561 975 655 1021 26.);
686 974 836 1019 Spiritus
859 975 1003 1007 adiuvat
1026 973 1211 1005 infirmita-
1263 972 1355 1003 xidct
1375 970 1551 1003 Antonius
1565 969 1611 1015 32)
1636 982 1708 1002 rem
1733 968 1915 1013 pulchram
1941 982 2032 1010 esse,
2061 968 2246 1001 continen-

563 1026 609 1059 Et
633 1032 776 1059 econtra
802 1026 972 1066 sciamus,
1009 1024 1149 1058 incendi
1175 1023 1211 1056 in
1236 1027 1237 1033 ¹

222 1035 293 1062 tem
325 1035 498 1061 nostram.

224 1079 343 1124 impiis
356 1080 495 1113 furores
512 1077 595 1112 istos
612 1089 631 1110 a
646 1077 813 1111 Diabolo.

619 1194 755 1247 Caput
772 1193 827 1236 V.

327 1281 392 1313 Hic
408 1277 685 1323 disputationem
714 1276 837 1309 inserit
862 1275 1033 1308 delibero
1052 1273 1214 1314 arbitrio,
1239 1283 1240 1301 ὲ

227 1344 316 1378 quae
341 1332 383 1363 ab
408 1331 468 1369 iis,
505 1329 566 1374 qui
592 1335 685 1361 recte
710 1327 861 1361 instituti
887 1333 969 1360 sunt
992 1327 1028 1358 111
1052 1325 1214 1358 doctrina
1239 1340 1241 1347 ¹

949 1377 994 1410 Et
1012 1377 1115 1410 bonis
1133 1377 1215 1410 sim-
1266 1380 1401 1424 plinam
1422 1384 1621 1422 praestare,
1648 1377 1683 1409 id
1703 1384 1773 1418 est,
1802 1377 1848 1410 ita
1866 1390 1985 1421 regere
2004 1377 2178 1417 actiones,
2204 1387 2250 1408 ne

228 1435 318 1479 plex,
347 1440 379 1466 et
398 1434 499 1466 firma
513 1431 686 1464 sententia
705 1430 946 1473 cognoscenda
967 1435 1028 1469 est,
1047 1440 1115 1473 qua
1133 1440 1215 1460 6011-
1239 1426 1240 1463 Ξ

226 1382 416 1416 christiana
430 1408 438 1421 ,
466 1381 567 1413 facile
586 1379 752 1423 explicari
770 1385 896 1422 potest.

227 1485 370 1524 stituta‚
404 1483 503 1516 facile
528 1488 649 1526 postea
677 1487 727 1514 est
758 1481 898 1520 videre,
934 1481 1028 1513 unde
1061 1480 1212 1512 aliorum

229 1535 423 1570 certamina
449 1533 640 1567 extiterint.
694 1531 803 1564 Stoici
833 1532 869 1564 in
906 1529 970 1564 hac
995 1531 1214 1576 quaestione,

229 1587 333 1622 rixati
357 1592 439 1620 sunt
462 1586 504 1618 de
528 1585 613 1617 fato.
666 1583 768 1616 Plato
799 1589 945 1627 propter
977 1583 1063 1615 alias
1094 1594 1215 1615 causas

229 1639 323 1672 tollit
348 1638 568 1676 libertatem,
602 1635 772 1667 adductus
794 1634 956 1667 videlicet
983 1633 1020 1665 in
1045 1645 1215 1672 errorem,

232 1690 315 1735 quia
346 1687 524 1721 humanae
558 1685 808 1718 imbecillitatis
843 1697 984 1718 causam
1016 1684 1240 1727 ignorabat.¹

230 1741 329 1773 Vidit
348 1739 531 1773 dissidium
548 1737 697 1770 rationis
709 1763 718 1777 ,
747 1743 779 1769 et
797 1736 946 1769 aliarum
964 1736 1107 1775 virium,
1134 1735 1214 1767 idco

231 1791 344 1825 movit
371 1797 570 1829 certamen,
607 1801 645 1821 ac
670 1789 756 1820 duas
778 1787 901 1820 recitat
928 1799 1068 1825 causas,
1106 1798 1215 1832 (piare
1238 1783 1240 1794 ⁴

233 1842 372 1877 disserit
397 1841 522 1874 vitium
540 1853 614 1873 non
632 1851 703 1872 esse
720 1838 960 1872 voluntarium
973 1865 981 1878 ,
1004 1837 1104 1883 prior
1130 1836 1215 1870 haec

234 1901 303 1934 est,
332 1893 415 1925 vitia
433 1898 515 1926 sunt
540 1898 661 1925 contra
689 1896 876 1929 naturam,
905 1890 1013 1922 altera
1037 1895 1104 1929 est,
1133 1889 1214 1933 quia

234 1950 514 1989 temperamenta
535 1954 726 1986 corporum
745 1941 915 1973 inclinant
933 1941 976 1973 ad
992 1940 1089 1973 vitia.
1142 1940 1215 1973 Etsi

235 2003 351 2030 autem
369 1996 492 2039 ignaro
511 1994 693 2027 doctrinae
713 1990 924 2025 christianae
943 1991 1081 2024 difficile
1099 1998 1149 2024 est
1163 2004 1217 2024 10-

234 2049 422 2093 spondere,
451 2052 569 2078 tamen
585 2044 686 2077 nobis
704 2043 870 2076 institutis
888 2043 923 2075 in
939 2043 1109 2082 Ecclesia,
1136 2042 1218 2075 faci-

235 2100 277 2132 lis
295 2105 344 2132 est
371 2097 568 2141 explicatio.
622 2094 661 2128 In
682 2101 800 2127 mente
827 2101 947 2127 manet
968 2100 1103 2126 rectum
1128 2093 1218 2126 indl-

236 2150 328 2184 cium
347 2151 388 2183 de
404 2146 559 2181 honestis
577 2146 791 2185 actionibus,
821 2145 1027 2189 praesertim
1047 2145 1218 2177 civilibus.

236 2202 327 2234 Huic
344 2202 589 2243 obtemperare.
606 2203 720 2242 potest
745 2194 854 2229 homo
881 2197 916 2229 in
938 2196 1089 2229 externis
1112 2196 1218 2228 actio-

237 2253 359 2291 nibus,
392 2251 481 2284 sicut
503 2249 645 2282 artificis
668 2260 793 2281 manus
820 2248 927 2291 ipsius
954 2247 1158 2291 cogitationi
1183 2246 1218 2278 in

238 2310 381 2336 externo
403 2313 509 2345 opere
525 2300 685 2334 faciendo
707 2299 952 2343 obtemperare
973 2305 1098 2342 potest.
1125 2298 1219 2330 Haec

238 2355 381 2387 libertas
400 2352 528 2386 mansit
551 2352 656 2384 etiam
676 2351 713 2383 in
737 2348 803 2383 1136
829 2356 993 2393 corrupta
1011 2356 1137 2382 natura
1151 2376 1161 2389 ‚
1187 2355 1220 2381 et

239 2405 405 2438 discernit
419 2401 602 2436 hominem
621 2415 638 2435 a
656 2401 860 2447 pecudibuS.
913 2401 1020 2433 Recte
1044 2401 1151 2445 igitur
1166 2400 1220 2433 re-

238 2457 453 2500 spondetur,
486 2455 705 2487 voluntatem
730 2450 887 2485 hominis
912 2452 1059 2485 liberam
1088 2463 1159 2485 esse
1183 2451 1219 2484 111

240 2507 407 2551 eligendis
422 2505 619 2539 actionibus
636 2504 798 2537 externis.
853 2504 964 2547 Saepe
992 2509 1107 2536 autem
1134 2500 1220 2535 haec

239 2558 381 2591 libertas
398 2555 561 2595 vincitur,
578 2569 657 2589 cum
676 2557 720 2589 ab
740 2555 975 2588 imbecillitate
994 2561 1129 2594 nostra,
1144 2560 1220 2586 tum

271 2681 318 2705 ³0)
335 2680 414 2703 Conf.
432 2680 456 2703 2.
473 2679 544 2703 Sam.
565 2681 603 2704 ΙΙ,
623 2680 646 2703 3.
666 2682 690 2703 4.

271 2724 319 2750 31)
340 2724 416 2746 nom.
434 2723 466 2746 11.
483 2723 501 2745 1.
523 2722 571 2746 194
585 2729 641 2752 sqq.

453 123 576 160 PHIL.
603 122 715 158 MEL.
742 120 943 157 SCRIPTA
969 119 1034 153 AD
1060 116 1269 153 ETHICEN
1296 116 1360 152 ET
1388 115 1643 152 POLITICEN
1671 114 1981 152 SPECTANTIA.

2157 118 2233 154 340

1252 216 1270 236 a
1286 203 1454 244 Diabolm
1481 204 1541 238 sed
1559 210 1676 237 tamen
1695 215 1769 237 non
1786 215 1924 237 necesse
1943 208 1994 236 est
2010 202 2157 248 obsequi
2174 216 2235 237 vo-

1252 256 1425 288 luntatem
1441 255 1576 288 vitiosis
1599 256 1774 295 mothus,
1801 254 1951 300 ideoque
1977 254 2089 288 sancti
2115 254 2237 288 iuvan-

1254 313 1311 339 tur
1342 306 1478 349 Spiritu
1508 313 1648 347 sancto,
1682 313 1721 340 ut
1752 305 1987 338 imbecillitati
2019 305 2175 338 naturali
2206 311 2239 339 et

1253 357 1408 390 Diabolo
1427 364 1636 400 repugnent,
1663 364 1695 390 et
1711 364 1802 390 recte
1819 358 1961 396 saciant,
1975 363 2015 389 ut
2031 354 2186 401 Philipp.
2202 357 2238 397 2,

1255 408 1350 454 (13.)
1367 408 1512 440 dicitur:
1550 408 1646 441 Deus
1672 408 1766 441 0111111
1792 415 1860 449 05ῖ,
1888 408 1950 454 qui
1967 408 2072 441 essu-,it
2088 407 2124 440 111
2141 407 2242 441 vobis

1256 461 1344 493 velle
1364 465 1397 491 et
1412 458 1591 503 perticere.

1358 510 1440 542 Dixi
1458 510 1500 542 de
1519 509 1670 542 externis
1688 509 1898 549 actionibus,
1914 511 2027 543 sende
2043 509 2242 553 disciplina.

1257 562 1347 594 Sunt
1363 567 1480 594 autem
1504 561 1592 593 aliae
1618 560 1842 606 quaestiones
1867 562 1908 593 de.
1933 561 2135 605 imperfecta
2162 560 2243 592 olie-

1257 613 1409 652 dientia,
1444 618 1477 644 et
1499 613 1540 644 de
1566 612 1721 644 motibus
1743 611 1985 655 spiritualibus
2008 624 2089 655 erga
2114 611 2244 651 Deum,

1260 676 1349 709 quae
1367 663 1508 707 copiose
1524 663 1744 707 explicantur
1759 662 1794 694 in
1810 662 1970 695 doctrina
1988 662 2162 695 Ecclesiae
2174 687 2183 702 ,
2211 667 2246 694 et

1233 739 1235 742 -
1259 715 1383 748 melius
1407 714 1651 757 intelliguntur
1676 714 1718 746 ab
1744 711 1818 753 his,
1853 713 1913 759 qui
1937 726 2010 746 11011
2034 719 2116 747 ειιι1ῖ
2139 712 2244 746 rudes

1260 766 1486 810 disciplinae,
1513 767 1573 798 sed
1590 765 1759 798 mediocri
1777 765 1957 807 diligentia
1976 771 2104 809 regunt
2117 775 2246 798 mores.

1261 819 1451 862 Quomodo
1473 817 1566 849 enim
1585 816 1780 859 intelligent
1796 817 1845 848 illi
1865 816 2056 849 discrimen
2073 815 2245 848 virtutum

1235 896 1236 901 ,
1260 868 1372 901 Laelii
1389 875 1422 901 ct
1443 869 1561 907 Pauli,
1589 868 1648 913 qui
1668 874 1857 912 utrumque
1874 880 1982 911 genus
1998 867 2130 911 pariter
2147 866 2246 910 igno·

1262 927 1362 959 rant,
1398 926 1431 952 et
1455 920 1590 952 nullum
1617 917 1748 951 habent
1774 919 1928 951 studium
1956 918 2107 951 virtutis.
2170 916 2246 950 Etsi

1263 1023 1347 1055 tiam
1371 1021 1562 1066 Scipionis,
1606 1021 1764 1063 agnoscit
1805 1021 1898 1053 enim
1939 1021 2045 1053 talem
2083 1020 2245 1052 ordinem

1264 1074 1443 1106 actionum
1463 1071 1653 1104 convenire
1672 1077 1819 1103 naturae
1836 1069 2003 1111 hominis,
2032 1077 2063 1103 et
2082 1071 2247 1115 prodesse

1265 1123 1443 1157 counnuni
1462 1123 1563 1159 vitae,
1591 1128 1721 1161 tamen,
1738 1122 1818 1167 quia
1838 1122 1910 1165 ipsc
1926 1134 1999 1154 non
2018 1127 2154 1155 exercet
2169 1132 2246 1154 eam

1265 1175 1431 1207 xirtutem
1445 1201 1453 1213 ,
1486 1173 1603 1206 minus
1637 1173 1732 1205 videt
1764 1180 1936 1218 quantum
1969 1171 2036 1205 hoc
2062 1174 2165 1206 decus
2191 1171 2248 1212 sit,

1265 1226 1348 1271 quia
1381 1226 1535 1270 quodam
1567 1223 1692 1256 ordine
1730 1224 1898 1257 divinitus
1930 1224 2111 1264 instituto,
2157 1223 2249 1256 inter

1266 1283 1575 1320 caeteraspoenas,
1592 1287 1692 1307 error
1709 1281 1742 1307 et
1759 1275 1912 1307 amentia
1928 1275 2086 1320 sequitur
2103 1274 2248 1317 flagitia.

1266 1329 1334 1361 Sed
1349 1326 1571 1361 Christianos
1586 1338 1725 1359 necesse
1742 1333 1792 1359 est
1807 1339 1890 1359 vero
1908 1326 2023 1359 studio
2040 1324 2131 1358 hanc
2147 1324 2248 1359 disci-

1266 1437 1372 1464 ruant
1395 1436 1517 1462 contra
1544 1428 1806 1462 conscientiam.
1859 1428 1909 1461 Ac
1935 1441 2037 1473 saepe
2063 1438 2249 1461 monemus

1266 1488 1420 1528 quatuor
1436 1493 1508 1514 esse
1527 1492 1667 1519 causas,
1695 1486 1842 1524 propter
1861 1492 1949 1525 quas
1964 1478 2050 1512 11306
2066 1478 2249 1523 diligentia

1265 1533 1460 1566 neccssaria
1478 1538 1540 1565 est.
1575 1531 1696 1564 Prima
1718 1537 1768 1563 est
1783 1538 1930 1575 propter
1946 1530 2153 1563 mandatum
2170 1528 2250 1569 Dei,

1265 1586 1417 1619 secunda
1436 1585 1479 1616 ad
1498 1582 1660 1615 vitandas
1676 1594 1821 1626 poenas,
1847 1582 1927 1626 quia
1945 1594 2018 1614 non
2036 1581 2182 1614 dubium
2200 1585 2252 1614 est

1266 1642 1408 1669 externa
1441 1634 1586 1673 delicta,
1625 1633 1748 1665 ordine
1784 1646 1802 1665 a
1829 1633 1904 1665 Deo
1935 1633 2117 1671 instituto,
2151 1630 2250 1676 sequi

1265 1699 1398 1731 poenas
1416 1683 1532 1718 1111130
1550 1684 1634 1723 vita,
1661 1690 1807 1728 propter
1823 1685 1909 1717 duas
1929 1697 2061 1723 causas,
2080 1689 2119 1716 ut
2134 1689 2249 1716 osten-

1265 1740 1325 1770 dat
1339 1750 1373 1771 se
1392 1737 1486 1770 Deus
1506 1736 1606 1768 irasci
1625 1735 1778 1775 delictis,
1820 1736 1945 1767 deinde
1970 1741 2009 1768 ut
2026 1740 2167 1767 tueatur
2185 1745 2247 1778 po-

1265 1790 1376 1828 litias,
1405 1800 1491 1834 quas
1517 1787 1592 1819 vult
1614 1786 1834 1825 conservari,
1862 1787 2013 1831 ideoque
2037 1785 2113 1818 vult
2133 1783 2248 1817 homi-

1265 1854 1350 1873 num
1369 1851 1485 1872 mores
1502 1837 1575 1881 regi
1592 1844 1625 1870 et.
1643 1837 1766 1881 poenis
1785 1835 1976 1870 coherceri.
2029 1836 2111 1869 Ideo
2137 1835 2250 1868 1113111-

1265 1892 1359 1925 scstis
1378 1890 1535 1923 cladibus
1551 1889 1651 1932 punit
1669 1888 1844 1933 periuria,
1872 1888 2075 1927 seditiones,
2103 1887 2249 1921 iniustas

1267 1944 1407 1981 caedes,
1436 1941 1584 1974 incestas
1607 1940 1788 1979 libidines,
1821 1940 1953 1972 atrocia
1978 1940 2091 1978 furta,
2125 1949 2249 1972 usuras

1268 2001 1332 2028 etc.
1384 1993 1506 2026 Tertia
1524 2004 1649 2031 causa,
1676 1997 1715 2024 ut
1738 1991 1891 2024 aliorum
1915 1989 2163 2035 tranquillitati
2180 2001 2249 2022 ser-

1267 2046 1415 2078 viamus.
1469 2044 1624 2088 Quarta,
1652 2048 1691 2075 ut
1706 2042 1750 2076 sit
1765 2042 1981 2086 paedagogia
2003 2042 2037 2073 in
2058 2039 2250 2079 Christum,

1269 2097 1350 2142 quia
1374 2095 1525 2140 Spiritus
1550 2100 1690 2127 sanctus
1721 2106 1795 2126 non
1820 2100 1870 2127 est
1899 2094 2019 2126 efficax
2045 2092 2080 2124 in
2108 2090 2160 2125 1115
2187 2089 2248 2135 qui

1269 2153 1496 2192 perseverant
1512 2146 1549 2178 in
1565 2145 1700 2178 delictis
1715 2151 1838 2178 contra
1856 2144 2118 2177 conscientiam.
2172 2141 2248 2174 Hae

1269 2205 1422 2244 quatuor
1446 2209 1569 2231 causae
1590 2208 1728 2240 semper
1751 2196 1820 2229 sint
1843 2195 1879 2228 in
1897 2200 2103 2238 conspectu,
2130 2198 2168 2225 ut
2183 2204 2248 2226 nos

1269 2252 1313 2283 ad
1331 2250 1503 2294 regendos
1519 2260 1635 2281 mores
1652 2247 1856 2286 exuscitent,
1882 2244 1950 2279 hoc
1970 2258 2046 2277 cum
2066 2245 2113 2283 sit,
2142 2244 2249 2275 adda-

1270 2315 1346 2335 mus
1364 2301 1469 2334 etiam
1488 2312 1609 2332 veram
1626 2298 1881 2343 poenitentiam
1898 2303 1931 2330 et
1947 2297 2062 2329 sidem.
2114 2294 2167 2327 Ad
2184 2292 2249 2328 hos

1270 2359 1386 2386 motus
1406 2356 1623 2385 concurrunt.
1639 2350 1756 2395 plures
1774 2360 1913 2387 causae,
1945 2347 2074 2380 scilicet
2101 2346 2246 2379 verbum

1270 2405 1353 2444 Dei,
1381 2404 1532 2448 Spiritus
1549 2407 1708 2441 sanctus,
1736 2412 1835 2433 mens
1858 2397 2032 2437 hominis,
2068 2403 2101 2430 et
2125 2397 2248 2430 volun-

1271 2462 1323 2489 tas
1343 2453 1521 2495 hominis,
1551 2465 1640 2498 quae
1666 2458 1763 2485 mota
1792 2463 1809 2483 a
1836 2450 1970 2494 Spiritu
1996 2455 2141 2489 sancto,
2169 2459 2246 2481 cum

1270 2507 1422 2540 luctatur
1441 2518 1518 2539 cum
1539 2503 1761 2542 infirmitate,
1790 2508 1880 2534 certe
1905 2513 1978 2533 nou
2004 2507 2054 2533 est
2078 2499 2189 2533 otiosa
2212 2498 2248 2530 in

1270 2564 1341 2590 tam
1358 2558 1490 2590 difficili
1515 2555 1716 2589 certamine.
1770 2552 1864 2585 Haec
1891 2552 1927 2584 in
1952 2551 2149 2596 praesentia
2173 2561 2249 2582 mo-

1268 2609 1385 2642 nuisse
1402 2609 1485 2642 satis
1503 2608 1559 2640 sit.
1610 2605 1725 2638 Stoica
1750 2603 1874 2636 deliria
1898 2604 1938 2635 de
1954 2604 2027 2636 sato
2044 2602 2130 2636 alias
2145 2611 2250 2645 saepe

1306 2719 1352 2750 ³2)
1372 2720 1406 2742 M.
1427 2716 1560 2741 Antonius
1579 2712 1746 2742 (Triumvir)
1764 2712 1878 2735 maxime
1898 2712 2067 2735 libidinosus.
