2347 3000
87 123 159 159 169
630 119 671 156 ΙΙ.

77 210 211 243 stianos
236 214 327 241 recte
349 208 396 241 eis
418 206 469 240 uti
494 219 615 251 posse,
652 206 742 240 sicut
769 213 803 239 et
825 219 1057 240 numerorum

78 261 276 293 doctrinam
295 258 553 303 amplectimur,
581 264 613 291 ct
630 258 834 302 probamus,
862 264 895 291 et
912 259 963 292 uti
979 259 1058 305 0115)

79 324 280 344 concessum
300 316 361 342 est.
403 309 660 342 Universaliter
677 309 769 342 enim
786 321 867 341 vera
886 310 1060 349 doctrina,

77 363 198 396 lumen
223 367 273 395 est
297 372 315 394 a
333 360 408 392 Deo
434 367 571 400 ortum,
599 372 638 392 ac
662 360 902 393 contradicere
921 360 1060 393 veritati

77 414 226 447 scienter
243 423 451 456 quacunque
469 412 510 444 de
528 423 566 444 re
578 437 587 451 ,
614 411 759 444 violatio
778 418 828 444 est
843 409 947 445 huius
960 424 1061 444 man-

78 464 152 498 dati
175 463 301 507 (Exod.
317 464 377 502 20,
399 461 489 508 16.):
531 462 612 496 Non
638 462 731 496 dices
752 463 879 496 salsum
905 463 1061 496 testimo-

76 515 191 548 nium.

177 564 290 597 Verae
319 570 401 597 sunt
430 563 750 597 demonstrationes
776 563 966 596 iuramenti
996 560 1061 595 ho-

75 615 180 649 nestit
222 615 360 648 Veritas
385 616 611 648 anteferenda
635 621 685 647 est
709 614 873 647 omnibus
896 613 1061 658 perieulis

76 667 214 711 proprii
232 666 402 710 corporis.
444 666 598 709 Regulus
616 666 795 698 iuraverat
810 678 844 697 se
861 665 1060 697 rediturum

212 718 396 750 Anteserat
413 717 519 761 igitur
536 716 774 749 iuramentum
796 716 962 759 periculis
986 728 1061 748 cor-

290 767 423 802 lustitia
460 773 511 801 est
540 779 613 800 non
646 767 784 800 laedere
822 767 1061 800 innocentem.

495 817 590 862 Ergo
603 818 691 852 Cain
707 818 791 851 facit
807 817 935 851 iniuste
946 844 955 859 ,
982 831 1060 851 cum

76 731 160 752 esse.

76 769 173 814 poris
184 768 227 814 6).

76 821 165 853 Abel
180 820 245 852 suit
264 819 444 852 innocens.

77 884 157 904 eum
176 870 351 903 interficit.

177 921 324 953 Talibus
342 919 719 959 demonstrationibus,
741 932 819 953 cum
838 920 908 954 sint
918 918 955 966 ᾗ)
971 919 1061 953 veri-

74 978 146 1012 tas,
189 971 449 1010 contradicere,
488 971 785 1004 contumeliosum
813 977 864 1005 est
894 972 1062 1005 adversus

73 1022 208 1062 Deum,
243 1021 347 1056 huius
373 1022 460 1055 lucis
486 1028 659 1056 autorem.
711 1021 770 1054 Fit
791 1029 909 1055 autem
933 1022 1062 1055 doctri-

73 1086 140 1106 nae
156 1071 260 1107 huius
279 1072 449 1106 illustrior
471 1073 622 1113 utilitas,
649 1085 727 1106 cum
753 1073 893 1106 frenare
911 1086 976 1106 nos
996 1073 1062 1117 ipsi

74 1124 259 1169 disciplina
279 1124 478 1168 incipimus.
517 1123 570 1157 Ibi
587 1123 691 1156 etiam
711 1123 889 1164 discimus,
915 1131 1062 1168 propter

74 1188 162 1222 quas
188 1188 309 1209 causas
335 1175 520 1219 disciplina
551 1175 764 1219 praestanda
797 1175 858 1213 sit,
899 1176 1063 1208 videlicet

73 1232 220 1271 propter
237 1233 406 1272 quatuor:
435 1226 571 1265 Primo,
597 1232 745 1270 propter
762 1226 1060 1259 mandatumDei.

73 1279 256 1318 Secundo,
281 1278 332 1316 ad,
348 1277 511 1310 vitandas
534 1289 679 1320 Poenas.
733 1276 879 1316 Tertio,
914 1283 953 1310 ut
975 1277 1061 1310 alio-

72 1342 153 1362 rum
178 1329 428 1373 tranquillitati
447 1327 652 1360 serviamus.
712 1326 870 1370 Quarto,
907 1327 990 1372 quia
1012 1334 1062 1361 est

73 1379 290 1425 paedagogia
314 1379 351 1411 in
369 1376 560 1411 Christum.
615 1376 708 1422 Quia
724 1377 820 1410 Deus
844 1377 880 1410 in
902 1375 974 1418 his,
1001 1378 1061 1423 qui

72 1436 301 1475 perseverant
321 1430 358 1462 in
382 1429 517 1461 delictis
538 1434 660 1460 contra
686 1427 957 1468 conscientiam,
985 1441 1060 1461 non

72 1488 123 1514 est
141 1482 271 1514 efficax.
324 1480 436 1512 Huius
455 1478 616 1512 utilitatis
632 1478 842 1521 magnitudo
860 1491 925 1513 nos
946 1479 983 1512 in
993 1479 1060 1513 Ec-

72 1531 175 1566 clesia
194 1532 239 1563 ad
255 1542 415 1563 amorem
434 1529 640 1574 disciplinae
658 1529 837 1564 exuscitet.

156 1609 260 1648 Quae
284 1610 373 1641 sunt
393 1607 626 1652 praecipuae
648 1606 836 1641 utilitates
857 1603 972 1640 leuius

449 1655 665 1692 doctrinae?

169 1725 399 1769 Respondeo:
443 1723 527 1757 Dixi
548 1736 654 1768 supra
679 1723 716 1756 in
741 1735 887 1767 genere,
929 1723 1058 1756 doctri—

68 1790 151 1812 nam
183 1778 225 1809 de
256 1775 464 1815 virtutihus,
504 1776 576 1808 sive
604 1775 640 1807 in
663 1774 839 1814 Ecclesia,
880 1774 953 1808 sive
979 1774 1056 1820 in7)

66 1824 292 1875 philosophia
326 1827 508 1866 tradatur,
551 1826 793 1859 testimoninm
831 1837 922 1865 esse,
959 1827 1057 1870 quod

67 1881 112 1915 sit
135 1880 229 1913 Deus
245 1872 303 1921 3),
339 1877 452 1922 qualis
475 1877 537 1917 sit,
572 1883 606 1910 et
633 1877 728 1922 quod
754 1875 975 1910 iudicaturus
1002 1877 1057 1911 sit.

66 1932 167 1965 Hanc
183 1929 372 1964 utilitatem
390 1934 423 1960 et
441 1926 498 1960 hic
515 1928 631 1972 primo
651 1929 728 1960 loco
746 1940 926 1962 recenseo,

168 1980 304 2015 Deinde
323 1980 494 2012 addamus
512 1986 678 2012 caeteras.
720 1978 809 2011 Cum
820 1978 916 2011 Deus
933 1990 1056 2012 omnes

66 2032 228 2068 homines
248 2030 378 2063 frenari
395 2030 579 2075 disciplina
597 2030 701 2070 velit,
729 2036 762 2062 et
785 2027 871 2062 haec
893 2029 1055 2063 doctrina

66 2098 148 2131 pars
166 2085 210 2118 sit
229 2081 453 2125 disciplinae,
483 2088 516 2114 et
533 2081 675 2126 quidem
695 2080 921 2125 peculiariter
939 2081 1056 2114 flectat

66 2137 205 2170 animos
231 2134 275 2167 ad
298 2132 600 2174 moderationem,
626 2144 701 2165 non
728 2132 875 2165 dubium
901 2138 952 2166 est
975 2144 1053 2165 eam

66 2195 100 2222 et
116 2187 275 2221 moribus
293 2184 472 2228 prodesse.

99 2286 129 2319 5)
150 2288 195 2315 ea]
215 2286 255 2309 sic
273 2285 340 2308 Edd.
358 2285 431 2309 1554.
443 2300 450 2313 ,
471 2283 544 2307 1557.
562 2284 589 2307 et
605 2283 696 2314 1560.;
716 2283 743 2307 in
755 2283 804 2308 Ed.
820 2282 894 2306 1550.
913 2281 1052 2306 omissum.

97 2330 129 2360 6)
147 2329 237 2353 Primo
256 2328 357 2351 Punico
378 2328 447 2350 helio
467 2328 502 2350 M.
522 2326 621 2349 Atilius
639 2327 761 2357 Regulus
784 2326 880 2356 captus
906 2331 922 2349 a
942 2325 1051 2355 Poenis,

133 2370 212 2395 quum
231 2363 263 2385 de
283 2363 398 2391 captivis
415 2361 612 2385 commutandis
632 2361 744 2384 Romam
762 2361 802 2388 [a.
816 2367 842 2383 n.
858 2360 934 2388 504]
954 2360 1052 2383 missus

133 2399 219 2426 esset,
245 2397 415 2426 iurassetque
429 2402 459 2419 se
474 2395 637 2423 rediturum,
657 2395 785 2423 primum,
805 2396 833 2418 ut
850 2395 941 2424 venit,
962 2394 1049 2423 capti-

133 2438 184 2456 vos
202 2431 355 2455 reddendos
375 2431 401 2453 in
421 2431 518 2452 senatu
539 2435 591 2452 non
611 2429 733 2458 censuit3
766 2428 878 2459 deinde,
905 2435 985 2458 quum
1004 2434 1051 2451 re-

131 2467 264 2490 tineretur
283 2471 299 2488 a
319 2464 476 2494 propinquis
496 2464 523 2486 et
541 2464 573 2486 ab
592 2463 701 2492 amiciS,
726 2463 761 2486 ad
779 2462 940 2492 supplicium
959 2462 1050 2485 redire

133 2500 245 2527 maluit,
273 2505 351 2529 quam
370 2499 447 2522 fidem
466 2498 539 2520 hosti
559 2498 649 2521 datam
670 2497 783 2527 saltere,
809 2496 864 2520 Cic.
885 2497 918 2519 de
938 2496 1009 2520 offic.
1029 2497 1048 2521 1.

134 2535 161 2564 S.
176 2534 216 2557 39.
235 2528 279 2556 1'11.
299 2534 323 2561 S.
341 2533 374 2556 99
387 2540 445 2562 sqq.
457 2549 463 2559 ,
484 2532 553 2555 Geli.
568 2532 615 2561 w,
635 2533 678 2562 4.‚
703 2531 762 2556 hiv.
780 2531 853 2561 Epit.
872 2531 972 2554 XVIII.
992 2531 1049 2554 Ζο-

131 2568 276 2598 nar.V111‚
298 2567 335 2591 15.
355 2568 436 2591 0105.
450 2566 499 2597 tv,
523 2567 562 2589 10.

98 2610 129 2643 *)
149 2611 218 2638 sint]
239 2610 278 2632 sie
296 2610 362 2634 Edd.
387 2610 476 2639 1554„
498 2608 569 2633 1557.
591 2609 617 2632 et
639 2608 730 2637 1560.;
749 2607 797 2631 Ed.
820 2607 893 2630 1550.
913 2606 959 2631 sit.

97 2653 129 2681 7)
148 2653 189 2681 111]
209 2651 247 2675 sic
266 2653 340 2674 recte
357 2651 406 2675 Ed.
427 2651 519 2681 1550.;
544 2651 609 2674 Edd.
631 2650 724 2679 1554,
747 2649 822 2673 ¹557.
841 2650 868 2672 et
889 2649 964 2673 1560.
984 2648 1028 2672 sit.

97 2696 127 2724 8)
147 2694 217 2725 quod
241 2694 277 2717 sit
296 2694 396 2721 Dens]
420 2694 459 2718 sie
483 2694 551 2718 Edd.
573 2693 646 2717 1550.
667 2694 693 2716 et
713 2693 804 2722 1554.;
837 2691 903 2717 Edd.
925 2691 999 2715 1557.
1020 2693 1049 2715 et

134 2729 208 2754 1560.
227 2728 297 2759 quod
315 2729 397 2753 Deus.

723 120 929 156 ETHICAE
963 121 1243 158 DOCTRINAE
1277 122 1553 159 ELEMENTA.

2025 130 2096 164 170

1214 209 1282 243 Sed
1298 210 1397 243 tertia
1418 211 1550 244 utilitas
1568 217 1633 244 est:
1662 210 1702 244 In
1717 212 1871 246 Ecclesia
1888 226 2025 248 necesse
2045 222 2095 249 est

1113 261 1265 294 conferri
1293 262 1493 295 doctrinam
1519 263 1705 295 coelestem
1737 270 1770 296 et
1799 262 2094 309 philosophicam,

1113 311 1149 343 in
1178 324 1246 356 qna
1277 313 1465 346 collatione
1495 319 1686 359 utrumque
1711 327 1818 358 genus
1848 317 2030 349 doctrinae
2057 319 2096 350 fit

1112 362 1280 396 illustrius
1313 370 1346 396 et
1376 364 1523 398 dulcius.
1588 365 1787 398 Discrimen
1816 373 1933 400 antem
1960 368 2097 401 ostendi

1112 425 1185 445 non
1203 420 1337 457 potest,
1362 415 1429 448 nisi
1446 422 1599 460 utroque
1618 429 1743 459 genere
1764 418 1917 461 cognito.

1214 464 1368 508 Quarta:
1396 466 1513 499 Etiam
1530 467 1683 500 Ecclesia
1708 480 1787 501 cnm
1812 470 1854 501 de
1875 469 1916 503 iis
1940 469 2097 503 materiis

1112 514 1283 558 loquitur,
1312 528 1400 560 qnae
1418 519 1560 562 proprie
1579 520 1623 551 ad
1639 520 1750 562 legem
1768 520 1958 563 pertinent,
1985 521 2096 553 multa

1113 563 1195 597 hinc
1212 566 1337 606 sumit,
1365 568 1525 600 videlicet
1544 570 1690 602 nomina
1710 571 1894 611 virtutum,
1923 571 2098 604 delinitio-

1114 628 1195 655 nes,
1229 617 1429 651 doctrinam
1453 621 1495 651 de
1520 620 1594 662 lege
1620 628 1787 662 naturae,
1825 629 1858 654 et
1882 623 1993 665 magis
2016 634 2099 655 con—

1115 667 1216 700 cinne
1232 668 1380 701 definire
1399 676 1433 702 et
1449 670 1605 703 dividere
1625 672 1770 706 virtutes
1788 679 1957 717 poterunt
1972 673 2009 714 ii,
2038 673 2099 719 qui

1113 716 1179 751 hac
1195 719 1355 751 doctrina
1375 722 1577 765 praeparati
1594 729 1686 756 sunt.

1217 770 1288 803 Has
1309 771 1477 805 utilitates
1500 779 1745 813 contemnere,
1773 787 1900 816 magna
1918 775 2100 809 barbaries

1115 826 1186 860 est,
1227 821 1265 853 in
1289 834 1356 866 qua
1380 824 1490 856 multa
1516 823 1636 857 insunt
1659 824 1756 858 vitia.
1823 825 1960 859 Deinde
1986 827 2101 859 omnis

1113 869 1345 906 honestarum
1370 874 1499 907 artium
1527 882 1767 919 contemptus,
1804 878 2016 910 contumelia
2050 884 2101 911 est

1115 923 1282 957 adversus
1297 924 1411 957 Deum
1423 952 1431 965 ,
1461 925 1522 970 qui
1538 926 1613 959 luce
1631 927 1761 959 artium
1781 939 1888 970 genus
1904 926 2100 961 humanum

1116 975 1275 1015 ornavit,
1303 982 1336 1008 et
1363 977 1507 1021 quidem
1532 975 1618 1010 haec
1642 978 1787 1011 moralis
1813 980 1994 1019 doctrina,
2023 992 2101 1012 cnm

1115 1025 1319 1070 incorrupte
1337 1028 1508 1068 traditur,
1538 1035 1588 1061 est
1611 1029 1783 1073 sapientia
1802 1042 1999 1073 congruens
2023 1043 2101 1063 cmn

1115 1083 1232 1109 mente
1251 1078 1383 1119 divina,
1402 1086 1435 1111 et
1450 1080 1601 1112 maxime
1616 1080 1841 1124 perspicuum
1858 1081 2101 1115 testimonium

1115 1134 1165 1161 est
1182 1128 1217 1161 in
1234 1135 1380 1169 natura,
1409 1132 1596 1164 ostendens
1615 1144 1686 1165 esse
1703 1132 1817 1165 Deum
1829 1159 1838 1173 ,
1866 1139 1899 1166 et
1918 1133 2031 1178 qualis
2049 1133 2103 1166 sit.

1219 1179 1286 1212 Sed
1318 1187 1429 1214 sectae
1455 1182 1591 1214 erudite
1619 1183 1884 1223 discernantur,
1920 1197 1958 1217 ac
1977 1183 2103 1217 Lucia-

1114 1242 1180 1263 nus
1198 1229 1233 1262 in
1243 1230 1395 1275 Dialogo
1407 1233 1449 1265 de
1467 1233 1567 1266 sectis
1578 1231 1627 1279 ³³³),
1645 1234 1795 1279 quaerit,
1813 1235 1906 1267 unde
1925 1235 2006 1269 sciri
2023 1248 2103 1280 pos-

1114 1281 1176 1320 sit,
1205 1293 1295 1326 quae
1312 1289 1405 1315 secta
1424 1284 1468 1316 sit
1485 1284 1623 1325 verior,
1645 1298 1731 1318 num
1749 1298 1789 1318 ex
1803 1286 1925 1327 barba,
1954 1293 2015 1319 aut
2032 1293 2103 1319 tor-

1114 1331 1222 1364 vitate
1240 1333 1368 1373 vultus,
1397 1341 1458 1367 aut
1477 1334 1643 1368 aliunde?
1678 1335 1787 1369 Ludit
1804 1337 1861 1369 ille
1878 1337 2021 1382 quidem
2039 1350 2102 1371 5111)

1113 1394 1225 1416 more.
1278 1383 1346 1416 Sed
1363 1391 1455 1417 recte
1474 1385 1625 1419 instituti
1648 1386 1685 1419 in
1709 1386 1954 1431 philosophia,
1988 1388 2105 1422 sciunt

1114 1445 1192 1465 eam
1217 1434 1416 1467 doctrinam
1440 1447 1561 1469 veram
1581 1449 1652 1470 0550
1677 1438 1896 1484 (ubicunqne
1920 1439 2103 1486 traditur),

1113 1495 1204 1529 qnae
1224 1485 1546 1519 demonstrationes
1569 1488 1695 1528 tradit,
1723 1495 1757 1521 et
1776 1491 1900 1522 ordine
1918 1490 1955 1523 in
1979 1502 2101 1524 earum

1112 1535 1383 1579 investigatione
1419 1537 1599 1581 procedit,
1653 1546 1687 1572 et
1721 1552 1842 1574 causas
1881 1541 2101 1575 certitudinis

1113 1586 1270 1631 quaerit,
1298 1589 1481 1622 conserens
1502 1589 1701 1622 doctrinam
1720 1592 1764 1623 ad
1782 1589 1964 1639 κριτήρια.
2018 1593 2103 1626 Α111-

1112 1638 1309 1682 plectamur
1326 1645 1442 1672 autem
1462 1652 1559 1679 vera,
1587 1641 1705 1674 etDeo
1725 1643 1856 1686 gratias
1875 1656 2019 1687 agamus
2037 1657 2102 1689 pro

1113 1689 1260 1731 ealluce,
1279 1696 1312 1723 et
1328 1690 1835 1728 salsaconstanterreiiciamus
1854 1701 1886 1728 et
1896 1696 2101 1730 refutemus.

1358 1778 1444 1818 Quis
1468 1781 1525 1812 est
1548 1775 1637 1825 fini-5·
1659 1777 1786 1814 homin
1798 1777 1855 1813 is?

1213 1838 1310 1873 Sicut
1334 1840 1400 1874 iter
1424 1841 1660 1886 ingressurus,
1690 1843 1792 1876 initio
1820 1844 1862 1877 de
1889 1852 1983 1878 certa
2007 1853 2099 1879 meta

1111 1889 1259 1933 cogitat,
1287 1898 1326 1925 ut
1343 1893 1387 1925 ad
1413 1905 1490 1925 eam
1518 1895 1634 1927 media
1660 1895 1786 1928 itinera
1815 1896 1961 1940 dirigat:
1992 1897 2038 1930 ita
2064 1899 2099 1931 in

1110 1942 1275 1975 omnibus
1292 1943 1489 1978 actionibus
1507 1945 1662 1988 primum
1681 1946 1871 1980 intuendus
1891 1954 1941 1981 est
1959 1948 2048 1983 finis.

1211 1992 1322 2037 Igitur
1348 2001 1382 2028 et
1405 1995 1441 2027 in
1469 1993 1695 2041 philosophia
1723 1999 1870 2039 morali,
1912 1999 2026 2043 prima
2057 2000 2098 2033 de

1108 2044 1175 2077 fine
1199 2045 1358 2090 quaestio
1385 2053 1455 2086 est,
1489 2059 1579 2092 quae
1606 2060 1661 2082 res
1685 2048 1747 2089 sit,
1776 2062 1883 2094 quam
1913 2048 2021 2083 honio
2047 2064 2099 2085 se⁴

1108 2097 1260 2129 suudum
1283 2104 1416 2130 rectam
1441 2098 1619 2132 rationem
1644 2100 1833 2144 praecipue
1858 2108 2021 2145 appetat,
2063 2109 2097 2135 et

1107 2160 1197 2192 quae
1220 2149 1409 2192 praecipue
1436 2149 1627 2183 obtinenda
1654 2151 1716 2190 sit,
1746 2158 1779 2184 et
1805 2153 1849 2184 ad
1876 2166 1981 2197 quam
2008 2154 2096 2186 rese-

1106 2200 1236 2232 rendae
1256 2199 1327 2233 sint
1345 2212 1468 2233 omnes
1484 2201 1640 2235 actiones
1658 2199 1826 2242 hominis,
1846 2216 1888 2235 ne
1908 2204 1951 2236 ab
1970 2216 2010 2236 eo
2028 2205 2095 2237 fme

1106 2250 1301 2284 aberretur.
1335 2250 1420 2298 At⁹)
1436 2252 1597 2285 doctrina
1608 2252 1784 2286 Ecclesiae
1803 2253 1974 2287 illustrem
1990 2252 2096 2289 habet

1105 2301 1374 2345 explicationem
1387 2329 1395 2343 ‚
1423 2302 1504 2348 quia
1524 2304 1664 2336 deducit
1681 2316 1747 2337 nos
1763 2305 1860 2349 ad¹⁰)
1877 2305 2095 2349 agnitionem

1105 2352 1328 2392 Conditoris,
1357 2354 1413 2387 cui
1430 2355 1642 2399 praecipuus
1660 2353 1774 2389 honos
1797 2356 1963 2396 debetur,
1998 2364 2032 2390 et
2058 2358 2094 2390 in

1104 2417 1175 2449 quo
1193 2403 1386 2448 acquiescit
1404 2411 1545 2438 natura.

1203 2454 1266 2488 Est
1295 2467 1377 2499 ergo
1402 2456 1481 2488 finis
1502 2456 1598 2489 iuxta
1624 2455 1736 2499 legem
1758 2455 1825 2489 Dei
1847 2459 2092 2502 propriissime

1101 2506 1301 2551 loquendo,
1333 2507 1428 2541 Deus
1453 2507 1546 2551 ipse,
1573 2507 1840 2542 communicans
1865 2510 1968 2544 nobis
1992 2523 2092 2544 suam

1135 2602 1166 2632 ἦ”·)
1186 2604 1298 2627 Luciani
1317 2605 1502 2628 Hermotimus
1522 2612 1545 2630 s.
1566 2606 1598 2629 de
1617 2608 1700 2630 sectis
1721 2615 1743 2633 c.
1765 2609 1803 2633 18.
1825 2610 1865 2633 20.

1136 2646 1166 2674 9)
1185 2647 1235 2675 At]
1257 2647 1296 2670 sie
1315 2647 1380 2670 Edd.
1402 2647 1474 2671 1557.
1495 2649 1521 2671 et
1543 2649 1634 2679 1560.;
1662 2651 1728 2674 Eud.
1750 2652 1822 2676 1550.
1844 2654 1871 2676 et
1892 2653 1965 2678 ¹554.
1986 2655 2033 2678 Ac.

1137 2690 1182 2718 ιο)
1201 2690 1249 2717 aa]
1281 2689 1406 2747 51011111.
1427 2690 1518 2722 1551,
1546 2692 1620 2717 1557.
1640 2695 1666 2717 et
1687 2694 1760 2718 1560.
1769 2702 1778 2725 3
1812 2695 1862 2720 Ed.
1887 2696 1960 2721 1550.
1980 2699 2092 2727 tnaogr.

1176 2730 1285 2749 ΘΓΓΟΙἛΣ
1310 2730 1352 2749 a).
