2347 3000
218 107 288 142 871

323 194 504 226 Obscurum
527 189 669 238 autem]
698 191 970 224 Contrariorum
993 189 1110 224 vicina
1134 201 1207 223 esse

219 243 380 276 doctrina
418 244 582 276 traditur.
651 242 747 274 Dicit
783 242 984 275 orationem
1017 243 1205 276 obscuram

219 293 295 326 fieri
316 294 426 326 nimia
454 294 676 338 prolixitate,
718 291 829 326 nimia
854 293 1040 328 brevitate.
1110 292 1207 327 Sicut

220 343 390 379 Horatius
400 346 446 390 ³⁷)
463 356 604 390 quoque
622 343 725 376 dicit:

561 402 662 430 Brevis
685 410 750 431 esse
773 401 880 439 laboro,

346 453 494 481 Obscurus
519 453 566 482 fio,

221 503 306 537 ltein
326 503 576 546 ambiguitate,
605 510 660 537 ut:

348 563 399 590 Aio
424 568 471 599 te,
493 562 634 598 Aeacida,
656 562 803 592 Romanos
827 565 945 592 vincere
965 562 1116 602 possessss).

223 611 638 659 ApudSallustium³³¹²):
664 613 786 647 Gloria
806 614 977 647 industria
996 615 1118 646 alitur:
1148 610 1209 645 ubi

223 676 299 695 eam
329 664 541 707 dempseris,
578 663 653 708 ipsa
682 677 744 709 per
769 677 803 697 se
831 666 940 698 virius
961 678 1082 697 amara
1104 670 1209 708 atquc

225 726 349 757 aspera
380 720 440 747 cst.
501 714 566 747 Hic
589 714 752 748 dubitare
777 717 887 760 possit
911 729 983 748 nou
1006 715 1210 748 admonitus

224 764 347 804 lector,
364 777 408 796 an
428 764 640 800 industriam
658 767 752 799 dicat
769 767 813 799 aii
828 767 954 809 gloria,
973 780 1016 799 an
1034 779 1118 799 vero
1138 766 1210 809 glo-

225 815 313 848 riam
331 816 518 850 industria.
560 817 626 850 Sed
643 817 731 851 scias
749 818 861 861 gloria
882 830 954 851 esse
976 818 1183 850 ablativum.

325 868 547 909 Insleoeionem
571 874 605 900 et
627 871 889 903 *simnutate‘mwm
911 871 1084 903 verborum
1110 873 1212 900 xocat

226 917 362 961 ineptas
388 916 637 962 metaphoras,
681 926 741 953 aut
765 920 852 952 alias
875 921 1003 961 figuras
1027 920 1211 952 inusitatas

227 974 260 1001 ct
292 969 469 1002 duriores:
513 976 552 1003 ut
584 970 754 1016 supra³²')
789 971 894 1003 citavi
924 984 965 1004 ex
991 971 1210 1014 Hieronymo

226 1019 358 1051 dictmn
376 1020 418 1052 de
435 1020 598 1064 procellis
617 1021 744 1062 maris,
771 1021 914 1054 iacentis
932 1021 1096 1054 elementi
1114 1028 1211 1063 terga

227 1070 445 1114 crispantur,
481 1078 514 1103 et
537 1072 697 1115 ineptum
724 1077 790 1110 est,
837 1072 933 1116 quod
957 1070 1211 1115 Politianuslffl)

227 1127 395 1164 usurpat,
428 1121 666 1155 serruminare
691 1122 883 1162 amicitias,
919 1123 954 1154 id
978 1129 1047 1163 est,
1075 1122 1213 1154 animo-

228 1184 307 1204 rum
326 1171 614 1206 coniunctionem
632 1174 805 1206 maiorem
826 1173 972 1206 efficere.

328 1224 486 1256 Brevitas
513 1229 621 1258 uectem
650 1225 824 1267 conficitur
854 1225 1062 1267 simplicibus
1092 1224 1213 1262 verbis,

227 1273 328 1306 semel
348 1286 543 1320 unaquaque
567 1287 603 1308 re
625 1273 798 1322 dicenda]
826 1274 1032 1319 Proprietas
1056 1285 1214 1308 necessa-

229 1323 282 1355 ria
304 1330 371 1363 est,
400 1336 474 1357 non
490 1325 615 1359 vitiosa
632 1326 806 1360 brevitate
824 1326 950 1359 usuris.
1003 1326 1138 1370 Estque
1164 1331 1214 1356 ta-

228 1373 270 1407 lis
295 1375 410 1408 oratio
435 1375 606 1411 Terentii.
677 1378 745 1410 Sed
772 1378 828 1410 illa
856 1376 1033 1409 Laconica
1060 1375 1215 1408 brevitas

228 1436 302 1457 non
322 1432 372 1458 est
388 1426 580 1467 imitanda,
609 1440 699 1473 quae
718 1440 829 1473 paene
853 1439 871 1460 a
896 1428 990 1461 vitae
1017 1426 1216 1460 communis

229 1477 483 1510 consuetudine
501 1476 680 1512 abhorret.
740 1478 921 1523 Fugienda
941 1486 991 1513 est
1008 1485 1041 1512 ct
1061 1477 1216 1512 obscuri-

232 1533 301 1565 tas,
330 1540 419 1572 quae
443 1529 652 1575 plerumque
668 1530 877 1563 brevitatem
896 1530 1097 1563 comitatur.
1151 1528 1217 1561 Ca-

231 1579 405 1619 vendum,
439 1592 483 1612 ne
508 1580 577 1613 sint
601 1581 746 1614 mutilae
769 1589 801 1615 et
826 1587 1007 1614 truncatae
1035 1587 1108 1613 tum
1137 1592 1218 1624 syn—

234 1635 348 1669 taxes,
377 1637 451 1663 tum
467 1632 682 1671 sententiae,
708 1639 747 1665 ut
766 1633 860 1676 apud
877 1632 1081 1665 Sallustium
1103 1637 1134 1663 et
1147 1629 1218 1663 Pli-

231 1679 330 1712 nium
354 1681 532 1715 interdum
558 1689 639 1716 sunt
663 1689 845 1716 truncatae
861 1689 1042 1727 syntaxes,
1068 1689 1108 1714 ut
1125 1681 1218 1724 apud

233 1730 437 1765 Sallustium
456 1733 491 1765 in
507 1733 729 1777 praefatione
746 1735 828 1767 belli
846 1732 1045 1777 Iugurthini
1058 1733 1123 1778 ‘¹¹):
1151 1731 1218 1764 'Ve-

233 1793 312 1813 rum
329 1783 555 1827 magistratus
572 1791 606 1817 et
620 1784 768 1828 imperia
784 1784 931 1817 minime
948 1782 1036 1817 milii
1053 1782 1117 1816 hac
1135 1789 1220 1815 tem-

233 1839 367 1875 pcstate
391 1835 563 1878 cupienda
582 1836 773 1876 xidentur,
814 1835 985 1882 quoniam
1014 1847 1128 1880 neque
1151 1833 1221 1865 vir-

236 1883 303 1916 tuti
319 1883 433 1918 honos
449 1887 573 1927 datur,
600 1899 716 1932 neque
733 1886 803 1926 illi,
831 1887 958 1933 quibus
979 1899 1042 1931 per
1058 1886 1220 1919 fraudem

236 1934 290 1967 ius
312 1936 396 1975 fuit,
439 1937 560 1982 utique
572 1938 618 1983 ¹¹²)
648 1938 734 1978 tuti,
777 1945 838 1971 aut
870 1951 911 1971 eo
944 1937 1056 1981 magis
1081 1935 1221 1969 honesti

236 1992 328 2020 sunt.
381 1987 606 2022 Postremum
629 1989 849 2030 membrum,
884 1989 966 2035 quia
987 2000 1099 2033 paene
1125 1994 1222 2021 trun-

270 2111 318 2137 37]
337 2111 402 2137 ibid.
419 2113 460 2136 25.
478 2112 520 2137 26.

271 2155 318 2183 38)
338 2155 414 2178 Hunc
432 2162 542 2179 versum
567 2162 599 2179 ex
618 2155 653 2180 V.
671 2154 772 2179 Annali
790 2154 870 2178 Ennii
895 2154 963 2183 (vid.
989 2153 1047 2178 eius
1069 2153 1224 2184 fragmenta

308 2195 324 2213 a
343 2189 475 2213 Columna
492 2190 628 2220 comitiis„
654 2195 752 2213 recusa.
769 2195 858 2213 accur.
878 2189 1021 2220 Hesselio,
1046 2196 1070 2220 p.
1084 2190 1143 2217 58.)
1161 2189 1223 2212 lau-

309 2223 355 2246 dat
373 2224 469 2247 Cicero
489 2225 521 2247 ‹le
540 2224 650 2248 divinat.
664 2225 697 2255 11,
716 2224 760 2254 56,
781 2224 837 2248 116.

273 2265 340 2293 382¹]
360 2266 484 2289 sallustii
503 2268 572 2290 orat.
588 2267 619 2289 u.
637 2267 671 2289 ad
690 2267 718 2290 C.
735 2266 879 2290 Caesarem
900 2266 933 2289 de
951 2266 1054 2296 republ.
1073 2265 1224 2289 ordinanda

309 2300 390 2329 (opp.
409 2301 449 2323 ed.
470 2301 648 2331 Havercamp.
667 2301 696 2325 Τ.
712 2300 744 2323 ΙΙ.
763 2307 787 2330 p.
805 2301 887 2328 1913.

273 2341 321 2370 39)
341 2342 403 2365 Vid.
423 2349 507 2373 supra.
524 2351 548 2373 p.
563 2343 622 2367 869.

274 2385 321 2412 40)
339 2385 462 2414 Angelus
471 2385 631 2414 Pontianus,
649 2384 729 2408 etiam
739 2385 852 2413 Bassus,
867 2384 977 2413 proprie
987 2383 1047 2407 Cini
1059 2383 1224 2412 appellatus,

309 2420 389 2441 natus
418 2419 488 2442 1454.
517 2420 607 2442 Monte
632 2419 777 2449 Fuit-iano,
813 2418 905 2447 Magni
927 2419 1047 2441 Ducatus
1074 2417 1223 2440 Florentini

311 2454 391 2481 urbe,
412 2453 565 2476 eanonicus
584 2454 611 2476 ct
629 2453 703 2476 Pros.
723 2459 763 2483 gr.
784 2454 810 2475 et
830 2453 875 2476 lat.
897 2452 960 2481 ling.
977 2452 1133 2475 Florentiae
1149 2452 1223 2476 1494,

310 2487 448 2514 mortuus,
484 2488 596 2516 scripsit
620 2488 811 2515 miscellanea,
842 2486 971 2509 rusticum
993 2492 1100 2509 carmen
1121 2486 1145 2507 iu
1168 2486 1223 2508 He-

312 2520 380 2543 siodi
403 2523 428 2543 et
448 2521 526 2551 Virg.
545 2522 663 2551 Geoi·;;·.,
689 2521 768 2550 epist.
792 2521 838 2544 lil).
853 2521 929 2549 X11.,
963 2522 1042 2543 notas
1061 2520 1088 2542 in
1108 2519 1222 2544 Aristot.

311 2554 440 2583 quosdam
458 2555 558 2582 libros,
589 2556 784 2585 epigraminata
803 2561 864 2584 gin,
890 2554 1045 2583 orationes,
1077 2554 1112 2578 al.
1134 2554 1223 2582 Ops-ra

312 2588 371 2610 cius
388 2589 545 2617 prodierunt
564 2590 649 2617 Lugii.
670 2590 742 2612 1550.
770 2589 786 2612 3
804 2588 887 2612 Tomi.
912 2588 936 2611 8.
974 2588 1036 2611 Υίᾱ.
1057 2588 1085 2611 G.
1104 2587 1129 2611 J.
1152 2588 1222 2610 Bou-

312 2622 373 2651 gine
395 2623 537 2645 kiandbucli
558 2623 605 2646 (ter
623 2624 732 2654 allgem.
751 2623 961 2652 Litterargcsch.
980 2623 1007 2645 Τ.
1024 2622 1041 2645 1.
1062 2628 1086 2651 p.
1101 2622 1159 2645 585.

278 2665 326 2691 41]
347 2665 456 2687 satiust.
476 2665 538 2687 bell.
556 2665 675 2695 lingui-ta.
695 2673 716 2690 c.
731 2666 754 2689 3.

278 2707 325 2735 42)
344 2707 449 2736 utiquc]
471 2707 508 2730 sic
528 2707 568 2730 liic
587 2708 727 2732 comment
745 2725 753 2737 ,
772 2713 789 2732 a
807 2708 919 2732 Sallust.
939 2707 955 2730 1.
970 2706 988 2731 l.
1007 2707 1094 2730 abest.

795 103 916 140 PHIL.
950 102 1064 139 MEL.
1096 100 1298 138 SCRIPTA
1329 100 1664 140 PHlLOLOGICA.

2171 107 2246 143 872

1261 193 1380 221 catum
1405 194 1476 230 est,
1511 190 1550 223 fit
1575 190 1777 231 obscurius,
1813 189 1847 223 id
1870 197 1939 231 est,
1981 192 2104 225 fraude
2127 192 2245 236 adepti

1260 236 1435 279 honores,
1478 253 1550 273 non
1584 248 1704 274 tamen
1737 241 1802 275 tuti
1835 248 1934 281 sunt,
1975 248 2036 275 aut
2067 240 2247 283 honorati,

1261 290 1345 335 quia
1377 290 1506 323 virtute
1539 297 1573 324 et
1603 292 1794 325 autoritate
1824 293 1977 326 retinere
2001 293 2151 333 civium,
2187 301 2248 327 aut

1261 341 1476 373 exercituum
1502 342 1700 377 voluntates
1727 356 1801 376 nou
1823 350 1982 388 possunt.
2049 344 2132 378 ,Non
2154 344 2248 377 enim

1261 392 1321 425 diu
1336 398 1463 436 parent
1478 390 1639 426 homines
1651 394 1831 438 tyrannidi
1849 402 1882 428 et
1899 394 2062 429 violentis
2080 395 2251 439 imperiis.

1364 444 1538 476 Probabile
1559 450 1668 477 (aciem
1694 457 1800 487 yemis
1827 451 1876 480 est
1904 449 2087 487 orationis,
2126 449 2157 480 si
2184 458 2250 480 mm

1263 495 1364 526 nimis
1386 499 1434 527 est
1459 492 1651 541 comptum]
1680 493 1778 528 Nihil
1804 503 1855 529 est
1879 497 2101 531 obscuritatis
2127 497 2163 530 in
2182 494 2250 529 hoc

1263 550 1473 588 praecepto,
1502 551 1640 578 tantum
1665 546 1870 580 consulatur
1893 560 2014 581 sensus
2039 547 2251 582 communis.

1264 594 1311 626 Ut
1343 595 1378 627 iu
1407 595 1531 629 formis
1565 596 1686 629 nativa
1716 597 1840 631 fucatis
1869 598 2104 638 antecellunt,
2137 599 2185 632 ita
2213 598 2251 631 in

1264 646 1426 678 oratione
1444 646 1523 690 plus
1541 653 1591 680 est
1606 648 1808 681 autoritatis
1828 655 1860 682 et
1879 648 2034 693 gratiae,
2071 662 2160 694 quae
2187 661 2250 682 na-

1265 696 1374 730 tivum
1403 698 1507 730 decus
1532 695 1657 738 habet,
1698 712 1804 744 quain
1835 712 1924 745 quae
1954 700 2129 733 accersitis
2154 712 2251 744 pere—

1264 748 1373 791 grinis
1405 749 1582 782 coloribus
1617 749 1707 792 picta
1743 757 1804 784 cst.
1872 750 1924 784 Sit
1948 751 2053 793 igitur
2078 750 2194 794 gravis
2218 756 2252 783 et

1266 811 1346 831 x'era
1368 800 1503 840 oratio,
1532 800 1645 844 qualis
1662 800 1871 848 Apelleis'ffl)
1890 807 1939 835 cst
1967 802 2065 833 color
2092 802 2126 834 iu
2151 801 2251 834 tabu-

1265 850 1324 889 lis,
1353 850 1388 882 id
1409 857 1480 890 est,
1504 857 1653 883 naturai·
1670 852 1863 895 proximus.

1266 901 1391 945 quirit:

1917 851 1998 885 ideo
2024 850 2080 884 hic
2104 852 2170 885 tria
2198 864 2252 884 re-

1436 914 1509 933 nou
1536 902 1640 934 nimis
1665 909 1841 946 comptam
1868 903 2089 944 orationem,
2130 903 2164 935 id
2189 908 2252 941 est,

1264 963 1337 984 non
1356 953 1544 984 innuodice
1563 959 1744 991 ornatam;
1772 954 1831 987 sed
1853 954 2056 998 propriam,
2084 964 2253 987 verecun-

1266 1004 1347 1035 dam
1370 1009 1403 1035 el.
1420 1003 1590 1036 nativam.

1367 1053 1504 1085 Deinde
1523 1054 1682 1097 pondera
1700 1054 1738 1086 in
1755 1054 1889 1094 verbis,
1917 1055 1952 1087 id
1969 1061 2039 1095 est,
2065 1054 2153 1087 lecta
2176 1065 2253 1086 ver—

1265 1104 1329 1142 ba,
1380 1116 1470 1148 quae
1507 1104 1744 1147 magniti‘idini
1780 1117 1920 1146 rerum,
1972 1111 2144 1150 quantum
2179 1105 2255 1138 fleri

1267 1160 1401 1198 potest,
1444 1156 1694 1199 respondeant.
1763 1155 1810 1188 Ut
1841 1156 1869 1190 si
1899 1157 1942 1189 de.
1969 1156 2120 1189 Catilina
2147 1155 2254 1194 dicas,

1266 1217 1341 1237 non
1358 1205 1441 1238 satis
1459 1213 1509 1240 est
1525 1207 1678 1239 tenuiter
1694 1205 1828 1240 dicere:
1865 1207 2017 1240 Catilina
2043 1214 2093 1240 est
2117 1206 2254 1251 iuquie-

1268 1263 1322 1289 tus
1351 1256 1453 1297 civis,
1492 1258 1553 1291 scd
1579 1258 1740 1300 augenda
1765 1264 1815 1291 est
1842 1259 2026 1291 atrocitas:
2063 1258 2252 1291 Catilinam

1266 1307 1379 1340 furiae
1407 1308 1585 1352 exagitant
1612 1309 1657 1340 ad
1685 1310 1913 1342 evertendam
1932 1309 2106 1353 patriam,
2133 1309 2178 1341 ad
2196 1309 2255 1341 de-

1267 1359 1410 1392 lendam
1445 1371 1563 1392 arcem
1598 1359 1740 1403 irnperIi
1776 1360 1872 1394 orbis
1902 1367 2091 1394 terrarum.
2159 1358 2256 1392 Haec

1268 1409 1402 1442 lumina
1427 1411 1580 1444 maxime
1607 1417 1796 1444 sumuntur
1827 1424 1868 1445 cx
1899 1411 2010 1445 causis
2041 1417 2075 1445 et
2108 1410 2256 1444 circum—

1269 1461 1419 1495 stantiis.

1373 1511 1496 1544 Tertio
1522 1511 1593 1545 sint
1616 1513 1809 1546 sententiae
1832 1519 1936 1558 aptae
1953 1511 2135 1546 communi
2150 1511 2255 1545 vitae.

1270 1563 1346 1596 Hoc
1364 1569 1592 1607 praeceptum
1613 1565 1805 1598 admodum
1827 1564 1912 1598 utile
1936 1570 2004 1604 cst,
2039 1571 2078 1598 ut
2101 1563 2256 1596 vitentur

1271 1615 1464 1658 paradoxa.
1515 1614 1592 1647 Etsi
1612 1615 1707 1648 enim
1731 1628 1864 1655 novae,
1891 1615 2137 1658 prodigiosae,
2164 1613 2256 1646 Stoi-

1272 1677 1331 1697 cae
1355 1671 1416 1697 aut
1431 1663 1627 1708 Epicureae
1653 1672 1686 1697 et
1710 1666 1883 1699 absurdae
1905 1665 2098 1699 sentcntiae
2123 1663 2256 1697 liabent

1271 1715 1545 1748 admirationem
1572 1718 1665 1759 apud
1690 1716 1868 1750 indoctos:
1914 1723 2034 1750 tamen
2061 1715 2144 1761 quia
2176 1720 2260 1748 sunt

1272 1767 1477 1810 simpliciter
1494 1767 1775 1807 commentitiae,
1804 1774 1837 1800 et
1856 1767 1996 1806 inanes,
2020 1779 2093 1799 non
2110 1771 2259 1811 possunt

1273 1818 1411 1861 placere
1428 1817 1521 1850 sanis
1536 1824 1569 1850 et
1586 1819 1838 1861 prudentibus,
1865 1825 1904 1851 ut
1923 1818 2070 1851 ridicula
2088 1823 2164 1851 erat
2178 1828 2257 1850 ora-

1274 1869 1323 1901 tio
1335 1868 1499 1901 Fabricio
1512 1894 1521 1908 ,
1549 1881 1628 1901 cum
1648 1870 1788 1902 audiret
1805 1869 1926 1901 onmia
1943 1868 2134 1914 voluptatis
2151 1880 2255 1900 causa

1274 1920 1432 1952 facienda
1452 1931 1524 1953 esse
1534 1919 1592 1966 ¹⁴²²).
1644 1919 1727 1953 Ideo
1746 1921 1917 1953 utendum
1937 1926 1988 1953 est
2002 1919 2114 1959 veris,
2141 1918 2257 1958 rectis,

1274 1969 1430 2004 honestis
1447 1971 1604 2004 materiis
1616 1998 1624 2011 ,
1660 1984 1750 2017 quae
1766 1972 1870 2004 etiam
1887 1984 1947 2005 sua
1965 1977 2092 2004 natura
2111 1969 2259 2014 gignunt

1275 2022 1496 2066 splendidam
1517 2022 1736 2063 orationem,
1763 2023 1852 2057 sicut
1871 2022 1921 2055 ait
1936 2022 2179 2068 Quintilianus
2189 2021 2255 2067 ⁴³):

1275 2071 1373 2107 Nini
1397 2086 1468 2105 non
1495 2079 1619 2106 ornate
1645 2074 1790 2114 dicitur,
1827 2074 1924 2120 quOd
1947 2072 2094 2108 honeste
2116 2072 2256 2105 dicitur.

1275 2124 1320 2157 iit
1350 2122 1435 2157 haec
1470 2124 1544 2168 ipsa
1573 2137 1641 2157 vox
1669 2123 1834 2159 hortatur
1866 2125 2042 2159 studiosos
2071 2125 2115 2157 ad
2135 2135 2255 2156 reruni

1276 2175 1486 2209 doctrinam.
1539 2175 1616 2209 Nisi
1638 2177 1732 2210 enim
1755 2178 1869 2210 fontes
1892 2188 2030 2217 rerum,
2064 2175 2106 2208 de
2130 2173 2257 2220 quibus

1276 2227 1444 2266 dicimus,
1480 2233 1658 2273 utcunque
1683 2229 1785 2262 nobis
1807 2228 1884 2261 noti
1908 2227 1996 2267 sint,
2037 2238 2112 2258 non
2134 2237 2257 2270 possu—

1275 2291 1354 2311 mus
1372 2284 1453 2322 apta
1473 2284 1507 2310 et
1529 2279 1773 2312 convenientia
1797 2279 1980 2324 proposito
2004 2276 2134 2310 dicere:
2168 2276 2258 2310 sicut

1276 2329 1456 2362 verissime.
1481 2328 1569 2362 dixit
1586 2330 1735 2364 Oviilius
1746 2330 1809 2378 ⁴¹⁶):

1404 2388 1550 2425 Quodque
1571 2397 1674 2426 parum
1696 2389 1792 2426 novit,
1819 2396 1903 2416 nemo
1926 2387 2032 2415 docere
2055 2392 2162 2424 potest.

1310 2505 1358 2532 43)
1377 2505 1417 2528 De
1435 2505 1546 2533 Apelle,
1566 2510 1670 2528 summo
1689 2503 1858 2534 antiquitatis
1879 2502 2000 2533 pictore,
2018 2501 2090 2529 cons.
2109 2502 2191 2534 Sillig
2208 2508 2255 2526 ca-

1345 2539 1454 2567 talogus
1472 2539 1605 2562 artificum
1626 2546 1650 2568 p.
1665 2539 1699 2562 60
1713 2545 1770 2568 sqq.

1310 2583 1357 2609 ⁴4]
1377 2582 1439 2605 Vid.
1459 2581 1514 2605 Cic.
1535 2580 1602 2604 Cato
1621 2581 1706 2603 Maior
1728 2581 1768 2609 13,
1787 2580 1828 2604 43.

1309 2626 1357 2652 45)
1379 2625 1490 2653 Quintil.
1508 2623 1595 2646 instit.
1613 2625 1682 2648 orat.
1696 2623 1752 2646 ΧΠ.
1774 2624 1797 2650 1.v
1816 2623 1874 2647 30..-

1343 2661 1432 2685 εει-ιο,
1453 2658 1522 2687 quod
1541 2658 1669 2681 honeste.
1696 2658 1800 2681 dicitur.

1310 2702 1357 2730 46)
1377 2701 1454 2726 Ovio.
1475 2700 1556 2724 Trist.
1574 2700 1608 2731 11,
1627 2699 1686 2723 348.

1907 2623 1960 2647 Nec
1979 2621 2120 2653 quidquam
2140 2627 2193 2645 non
2213 2622 2255 2645 di—
