2347 3000
217 122 285 155 vti

321 205 407 248 Cap.
425 201 465 236 ll.
493 200 524 246 Q.
541 201 576 235 3.
605 195 822 243 Quaestione]
850 195 981 229 seilicet
1006 196 1039 227 iu
1062 192 1207 237 negotio

221 256 389 291 iudiciali.
443 254 536 298 Quia
555 252 601 284 ibi
619 256 695 283 erat
713 247 872 293 quaestio
891 248 933 279 de
952 247 1026 279 iure
1046 244 1209 283 civitatis,

219 315 339 342 utrum
363 303 493 339 Archia
519 308 607 336 esset
630 300 724 333 ciris.
809 295 965 344 J’nble'co]
1001 296 1131 330 seilicet
1155 308 1210 328 ca-

223 359 335 404 pitali.
419 351 564 399 Quaeso]
598 352 629 384 A
647 362 796 395 persona
817 355 956 393 poetae:
1002 348 1094 392 Quia
1121 358 1211 379 uun-

220 423 327 456 quam
349 412 505 440 versatus
529 409 581 437 est
603 402 640 434 in
667 401 793 434 talibus
820 400 949 433 nostris
977 397 1212 432 contentioni-

220 462 305 495 bus:
334 470 417 502 ergo
446 467 519 488 uon
544 460 595 487 est
618 452 891 498 perturbandus.
944 450 1151 483 Verecunda
1180 454 1213 481 et

223 510 407 546 summissa
432 513 483 540 est
507 505 606 550 prior
627 516 709 549 pars
733 502 916 536 orationis.
1004 497 1212 546 Patimini]

222 560 465 606 Expolitioues
488 555 545 590 hic
571 562 671 595 suut,
707 561 741 587 ct
763 554 910 587 eandem
934 553 1146 586 seutentiam
1173 562 1215 583 ex

223 608 496 646 circumstantiis
521 606 629 641 auxit.
716 608 758 640 Et
784 603 840 652 in]
868 604 988 637 Ratio.

327 677 358 723 Q.
374 677 407 712 4.
437 678 528 718 Quod
551 677 582 709 .ςί
606 671 709 721 mihi]
737 673 942 717 Propositio
961 669 1139 715 causaess).

328 746 414 788 Cap.
430 742 485 776 lll.
515 740 545 786 Q.
563 741 597 775 4.
623 743 713 774 qum
732 746 766 774 ut
779 737 946 786 primum]
970 736 1151 772 Narratio.
1166 755 1217 760 —

226 796 381 831 Romani
398 806 471 827 non
488 799 590 826 erant
605 792 791 835 vectigales
804 817 812 830 ‚
840 792 899 824 sed
916 789 1132 832 cogebantur
1152 786 1217 819 mi-

226 848 340 888 litari,
369 845 648 892 quotiescunque
673 843 929 875 evocabuntur:
965 839 1015 872 lta
1041 837 1219 872 habebant

228 901 282 934 ius
302 896 498 936 militandi,
524 902 557 929 et
580 900 681 927 erant
706 893 906 927 occasiones
931 892 973 924 ad
1001 902 1219 934 consequeu—

228 953 291 985 das
309 949 481 983 maximas
498 959 593 992 opes.
646 945 834 977 Praeterea
853 955 926 977 nou
943 942 1041 975 licuit
1059 952 1218 986 pronun-

229 1003 318 1036 tiare
336 1002 378 1033 de
395 999 506 1043 capite
524 997 607 1030 civis
626 996 799 1035 Romani,
835 994 902 1028 uisi
920 1005 1092 1026 consensu
1111 991 1218 1024 totius

230 1052 355 1098 populi
380 1049 554 1087 Romani,
598 1047 630 1079 id
665 1049 760 1091 quod
785 1046 889 1078 etiam
915 1056 1057 1077 cernere
1081 1043 1160 1074 licet
1183 1041 1218 1073 in

229 1104 324 1137 Actis
342 1100 609 1145 Apostolorum.
661 1093 892 1141 Α’ρινόμενον
911 1101 980 1133 est,
1009 1094 1104 1138 quod
1125 1092 1220 1123 veuit

231 1156 266 1188 iu
292 1151 568 1187 contentionem.
635 1147 804 1192 Quaestio
837 1145 1010 1179 iudicialis
1041 1142 1127 1176 haee
1159 1149 1220 1182 est,

231 1217 340 1239 wenn
361 1215 397 1236 er
411 1200 485 1236 sich
502 1202 568 1244 bey
586 1200 664 1231 dem
683 1196 777 1230 Rath
795 1195 853 1230 liat
875 1196 1097 1238 augezeiget,
1125 1193 1220 1239 quod

233 1262 322 1291 esset
345 1254 447 1293 civis,
490 1259 524 1285 et
556 1250 726 1282 iudicavit
756 1260 897 1293 quoque
922 1259 1001 1280 suas
1027 1245 1222 1283 facultates,

232 1315 271 1343 ut
293 1306 398 1341 sciret
419 1303 572 1348 populus
596 1302 780 1333 Romanus
804 1305 838 1331 et
855 1304 1018 1337 senatus,
1062 1296 1147 1341 quid
1172 1296 1222 1328 fa-

234 1359 404 1393 cultatum
431 1361 465 1388 et
487 1353 658 1388 exercitus
681 1351 854 1385 sustinere
873 1348 1062 1394 possintt).
1165 1349 1224 1381 Ex

231 1406 365 1455 pueris]
394 1406 524 1440 seilicet
540 1402 683 1448 ephebis
693 1402 735 1447 5).
816 1397 981 1446 Contulit]
1009 1398 1140 1433 scilicet
1156 1404 1224 1432 sta-

234 1462 297 1494 tim
318 1457 479 1492 excelluit
494 1468 579 1501 prae
596 1454 753 1498 reliquis.
827 1449 982 1498 Copiosa]
1010 1451 1032 1484 i.
1051 1462 1080 1483 e.
1103 1449 1223 1482 divite.

235 1507 421 1556 Afsluente']
458 1508 481 1541 i.
497 1520 526 1540 e.
550 1506 667 1551 plena.
752 1506 830 1538 Post
853 1505 889 1536 in
913 1499 1051 1548 ceteris]
1087 1500 1224 1534 Grada-

236 1563 285 1596 tio
295 1563 339 1608 ⁶).
425 1555 581 1604 Famam]
609 1556 740 1591 scillcet
755 1567 825 1600 quo
841 1553 989 1598 propius
1006 1552 1225 1591 vescebatur,

237 1627 278 1648 eo
300 1611 411 1657 pluris
438 1608 594 1653 fiebat7).
670 1603 877 1651 Superaret]
906 1603 1038 1637 Minuit
1060 1614 1225 1647 praesen-

235 1666 284 1698 tia
305 1663 410 1697 mala.

340 1729 371 1773 Q.
390 1728 424 1762 5.
454 1723 612 1772 oppidis]
641 1723 768 1758 scilicet
787 1735 893 1768 quam
912 1720 948 1753 in
963 1720 1058 1754 Asia.
1139 1723 1225 1754 Pro-

238 1788 312 1826 pter
334 1773 635 1825 tranquillitatem]
669 1774 799 1808 scilicet
823 1780 904 1805 ante
930 1779 1067 1805 motum
1094 1771 1226 1803 Maria-

239 1846 338 1867 num.
433 1826 567 1875 Itaque]
601 1825 922 1868 Peregrinationes.
1015 1820 1107 1869 Hae]
1142 1823 1227 1854 Am-

243 1881 528 1930 plificatiuucula.
602 1874 720 1924 Alter]
748 1876 878 1909 scilicet
894 1874 1041 1907 Marius.
1109 1871 1226 1919 Alter]

241 1935 371 1970 scilicet
388 1932 544 1966 Catulus.
596 1928 687 1963 Nam
704 1927 771 1960 fuit
787 1926 893 1959 etiam
910 1925 1087 1964 eruditus,
1114 1930 1154 1957 ut
1177 1930 1228 1957 est

240 1988 276 2020 iu
295 1988 448 2018 Oratore
468 1979 726 2025 Ciceroni572).
810 1974 1070 2023 Praeteoetatus]
1098 1975 1229 2009 scilicet

241 2037 455 2071 adolescens.
532 2033 600 2065 Sed
616 2026 772 2075 etzitli⁸)]
801 2025 941 2071 πάθος,
969 2027 1030 2072 qui
1049 2027 1131 2059 facit
1149 2038 1228 2058 cau-

242 2101 313 2121 sam
334 2084 611 2131 probabiliorem
633 2088 664 2113 et
680 2079 980 2113 favorabiliorem.
995 2097 1047 2103 —
1080 2077 1226 2120 Signum

245 2138 377 2183 ingenii
395 2134 541 2169 modesti
559 2140 590 2166 et
608 2130 774 2170 humani,
810 2131 904 2174 quod
930 2135 1103 2173 perpetuo
1130 2140 1229 2160 mau-

278 2271 308 2299 3)
329 2270 372 2293 Sic
391 2274 483 2292 omncs
501 2267 565 2291 illac
583 2266 600 2290 5
619 2265 702 2290 Editt.

277 2321 307 2349 4)
327 2319 412 2342 nnius
444 2316 630 2341 annotationis
660 2322 724 2345 pars
757 2315 832 2344 prior
864 2312 1043 2343 „Narratio”
1068 2315 1172 2337 tantum
1198 2313 1232 2336 ab

313 2355 396 2377 Editt.
413 2353 503 2376 1533..
524 2351 614 2382 1545..
636 2350 707 2374 1592,
729 2352 755 2372 et
775 2350 887 2377 Coton..
925 2350 1016 2372 altera
1038 2347 1179 2371 ..Romani
1198 2360 1232 2364 —

315 2388 452 2411 sustinere
472 2383 602 2416 possint’'
620 2390 636 2408 a
657 2384 717 2408 sola
737 2384 784 2406 Ed.
804 2384 878 2408 156-‘.
897 2384 1043 2406 exhibetur.

285 2439 315 2466 5)
336 2439 409 2461 ilaue
430 2439 521 2460 notam
542 2438 567 2459 et
586 2435 602 2459 :3
622 2436 768 2465 sequentes
788 2435 848 2457 sota
867 2434 914 2457 Ed.
932 2434 1005 2457 1568.
1025 2433 1146 2463 praebet.

283 2490 312 2517 6)
334 2491 406 2512 flacc
425 2490 489 2511 nota
509 2488 536 2511 in
557 2487 678 2511 omuibus
699 2486 753 2509 iliis
773 2487 789 2509 5
808 2485 891 2509 Eiiitt.
911 2485 1058 2508 invenitur.

281 2540 310 2570 7)
333 2541 403 2562 ilaec
429 2541 493 2562 uota
518 2540 543 2562 et
567 2539 584 2561 8
610 2540 755 2568 sequentes
781 2536 888 2560 nonnisi
923 2536 950 2559 iu
976 2535 1024 2558 Ed.
1046 2534 1120 2559 1568.
1150 2540 1232 2564 repe-

315 2574 430 2597 riuutur.

281 2624 329 2654 ἴα)
351 2622 435 2645 liuius
456 2622 486 2650 Q.
507 2621 608 2645 Lutatii
628 2621 718 2646 Catuli
737 2620 915 2644 eruditionem
941 2622 967 2642 et
993 2619 1102 2650 linguae
1121 2619 1233 2650 elegan-

319 2657 383 2680 tiam
403 2656 497 2680 Cicero
519 2657 610 2679 iaudat
630 2656 662 2679 de
683 2657 760 2680 Orat.
779 2655 811 2685 ll,
830 2654 857 2685 7,
875 2655 916 2678 28.
936 2656 962 2677 et
981 2654 1026 2677 111.
1046 2658 1072 2684 o,
1091 2653 1132 2677 29.

284 2709 314 2735 8)
335 2707 388 2732 Sed
408 2707 494 2735 enim]
515 2706 554 2730 sie
573 2706 637 2729 ittae
656 2706 755 2730 Eunt:
781 2705 828 2729 Ed.
851 2705 935 2729 Oreli.
955 2705 1010 2730 Sed
1029 2704 1153 2734 [etiumj.

797 111 918 146 P1-11L.
954 108 1066 144 MEL.
1101 100 1303 142 SCRIPTA
1337 105 1673 142 PHILOLOGICA.

2175 108 2249 144 912

1261 194 1305 227 sit
1325 193 1361 227 in
1379 206 1448 227 una
1462 194 1594 228 familia
1604 193 1648 238 9).
1725 191 1864 241 Prima]
1892 192 1969 227 Hoc
1985 199 2036 227 est
2051 192 2248 239 ingeniim).

1263 243 1565 292 Familiarisse'mu]
1595 244 1670 277 Hoc
1689 251 1739 278 est
1757 245 1983 278 tribuendum
2003 243 2208 277 modestiae.

1366 295 1396 340 Q.
1414 295 1448 329 6.
1478 294 1580 343 Erat]
1599 295 1767 328 Historia.
1847 293 1987 343 Crasso]
2017 294 2146 329 scilicet
2160 294 2250 327 Ora-

1264 346 1346 380 tori.
1438 344 1682 392 Lucullus¹¹)]
1719 346 1828 379 Poeta
1852 347 1957 379 etiam
1986 346 2062 379 suit.
2154 347 2252 379 Dru·

1264 395 1399 444 sos¹²)]
1435 397 1566 430 scilicet
1589 399 1771 431 Oratores.
1852 393 2088 443 Simulabnnt]
2121 395 2253 430 scilicet

1266 449 1327 494 qui
1343 460 1416 480 nou
1433 448 1580 481 omuino
1599 448 1765 480 volebant
1780 447 1892 481 videri
1907 454 2071 491 agrestes.

1369 499 1456 543 Cap.
1474 497 1532 532 IV.
1567 497 1596 542 Q.
1615 498 1648 532 6.
1688 496 1872 546 Heraclea]
1907 499 2001 533 Urbs
2023 499 2059 532 in
2084 496 2182 530 Italia
2195 496 2253 543 ¹²³).

1268 548 1378 597 Quae]
1428 550 1558 583 scilicet
1596 547 1749 582 habebat
1783 549 1836 582 ius
1871 549 2020 584 civitatis
2056 549 2254 582 Romanae.

1267 604 1370 647 quue
1391 613 1465 634 cum
1491 599 1579 647 ipse]
1610 600 1729 632 Minor
1746 599 1803 641 ¹²).

1373 650 1402 695 Q.
1421 652 1454 685 7.
1481 654 1574 686 Data
1588 656 1636 685 est
1653 649 1790 697 civitas]
1820 650 2021 684 Conclusio.
2088 649 2254 694 Prosessi]

1271 701 1455 748 Maior-¹⁵).
1534 704 1640 743 Quum
1657 703 1712 735 hic
1735 699 1958 748 domicilium]
1985 701 2074 734 Pars
2096 700 2257 733 minoris.

1269 753 1446 786 Professio
1471 759 1539 793 est,
1574 753 1717 798 quaudo
1744 754 1847 785 fidem
1869 753 2001 785 dabant
2023 750 2258 795 magistratui,

1270 811 1304 838 et
1322 804 1525 837 iudicabant
1540 816 1619 837 suas
1636 803 1830 837 facultates.
1882 803 2069 843 Profiteri,
2096 799 2168 835 sich
2191 801 2259 835 las-

1270 868 1330 890 seu
1348 853 1590 888 eiuschreibeu
1603 855 1658 900 ¹⁶).

1375 904 1404 949 Q.
1423 907 1456 939 8.
1484 907 1526 939 Si
1545 907 1632 939 nihil
1646 903 1758 952 aliud]
1788 902 1955 952 ἐπίλογος
1971 903 2189 937 narrationis
2200 902 2257 947 ¹⁷).

1272 960 1360 998 Quid
1387 959 1476 989 enim
1500 954 1637 1002 horum]
1677 956 1881 999 l’ropositio
1908 955 2188 988 confirmationis
2203 953 2261 999 ¹³).

1270 1008 1496 1042 Heracleaene
1533 1018 1602 1039 esse
1637 1004 1729 1052 eum]
1779 1006 2011 1038 Confirmatio
2048 1017 2067 1038 a
2103 1005 2262 1039 testibus.

1276 1054 1497 1103 Testimonio]
1526 1056 1656 1088 seilicet
1673 1056 1866 1089 attuleruut
1883 1056 2028 1089 litteras.
2078 1055 2141 1089 Est
2155 1067 2261 1101 quae-

1272 1110 1353 1140 dam
1378 1107 1494 1140 brevis
1520 1106 1714 1139 confutatio
1725 1106 1782 1153 ¹¹³).
1873 1105 1986 1152 Estw)
2012 1107 2192 1140 ridiculum
2218 1108 2262 1139 ad

1272 1156 1331 1206 ea]
1375 1157 1526 1190 Collatio
1562 1164 1613 1191 est
1649 1158 1823 1203 quaedam
1861 1157 2063 1190 tabularum
2099 1163 2133 1190 et
2163 1156 2261 1189 vivo-

1274 1208 1424 1254 1·u1u‘²¹).

1378 1258 1407 1303 Q.
1426 1258 1460 1292 9.
1487 1261 1534 1292 At
1549 1257 1773 1306 domicilium]
1801 1258 1973 1292 Probatio
1990 1269 2007 1291 a
2026 1257 2155 1292 tabulis
2165 1257 2224 1304 Ὦ).

1380 1310 1466 1353 Cap.
1480 1309 1523 1344 V.
1553 1308 1583 1353 Q.
1602 1311 1660 1344 10.
1689 1312 1781 1352 Quae
1796 1322 1895 1355 quum
1919 1311 1968 1343 ita
1989 1307 2078 1356 sint]
2112 1308 2263 1343 Conclu-

1275 1360 1328 1395 sio
1345 1360 1588 1405 probationis:
1621 1360 1716 1405 Ergo
1732 1359 1882 1394 Archias
1904 1366 1955 1394 est
1978 1359 2082 1400 civis,
2113 1360 2264 1405 probata

1310 1494 1341 1523 9)
1360 1494 1436 1516 Duae
1454 1492 1532 1516 huius
1557 1492 1745 1517 annotationis
1770 1494 1864 1523 partes
1890 1492 1917 1516 in
1945 1492 1996 1518 Ed.
2012 1491 2088 1516 1568.
2113 1491 2264 1516 disiunctae

1345 1529 1527 1558 praebentur.
1562 1527 1638 1556 prior
1657 1527 1727 1551 enim
1746 1528 1771 1550 li.
1784 1527 1803 1550 1.
1823 1527 1940 1558 legitur,
1973 1527 2062 1550 altera
2087 1529 2177 1550 uotam
2203 1527 2264 1550 voci

1346 1562 1597 1587 Furtiitiarissima
1622 1561 1788 1591 adscriptam
1814 1562 1947 1591 sequitur.
1980 1572 2014 1579 —
2072 1561 2156 1586 Editt.
2179 1561 2266 1591 15³3..

1348 1596 1440 1627 1545.⁷
1472 1595 1545 1619 1592.
1580 1596 1607 1619 et
1637 1595 1732 1621 Coton.
1765 1596 1866 1620 habent
1897 1596 1985 1620 solam
2016 1601 2130 1620 vocem:
2166 1592 2266 1622 πάθος.

1347 1631 1425 1658 (cett.
1445 1630 1522 1657 om.).

1313 1671 1359 1699 10)
1379 1672 1455 1694 Hanc
1473 1672 1564 1694 notam
1583 1670 1611 1693 et
1627 1669 1645 1693 8
1664 1672 1810 1700 sequentes
1828 1670 1889 1694 sola
1906 1670 1956 1694 Ed.
1972 1670 2047 1694 1568.
2066 1670 2196 1695 continet.

1314 1714 1361 1742 11)
1380 1714 1537 1742 Lucullus]
1556 1713 1582 1736 in
1602 1714 1657 1738 Cic.
1675 1716 1744 1739 orat.
1765 1714 1791 1737 Ιι.
1806 1714 1824 1737 l.
1847 1714 1963 1744 legitur:
1992 1714 2140 1738 Lucullos.

1315 1756 1362 1784 12)
1383 1756 1512 1784 Druso-s]
1531 1754 1586 1779 Cic.
1605 1755 1729 1785 scripsit:
1755 1756 1894 1780 Drusum.

1315 1799 1363 1827 13)
1384 1799 1441 1822 Hoc
1461 1797 1569 1821 nornine
1588 1798 1669 1821 urbes
1688 1799 1790 1821 multae
1809 1798 1927 1820 suerunt.
1963 1797 2038 1822 Haec
2055 1800 2145 1823 autem
2164 1797 2191 1823 in
2210 1798 2268 1824 Ita-

1350 1833 1387 1856 lia
1406 1839 1428 1856 s.
1447 1833 1548 1862 Magna
1567 1832 1684 1855 Graecia
1702 1833 1774 1855 iuter
1792 1833 1977 1861 Metapontum
2002 1834 2029 1855 et
2047 1833 2193 1857 Tarentum
2214 1833 2269 1858 sita

1349 1868 1425 1893 erat.
1451 1866 1483 1889 de
1503 1871 1555 1895 qua
1575 1866 1647 1889 conf.
1663 1867 1761 1890 arrabo
1780 1866 1853 1890 LVI.
1873 1865 1959 1896 1228«)
1972 1872 2012 1897 sq.
2031 1867 2072 1891 ed.
2085 1867 2174 1893 Paris.
2193 1867 2269 1895 1620.

1352 1902 1392 1930 (p.
1405 1899 1457 1923 429
1469 1906 1509 1930 sq.
1533 1899 1574 1923 ed.
1593 1900 1759 1924 Amstelaed.
1782 1899 1855 1924 1707.
1875 1900 1960 1928 For).

1315 1951 1456 2007 ¹⁴).H²²t⁹⁰
1480 1950 1546 1974 nota
1571 1950 1598 1973 et
1622 1955 1741 1980 sequens
1767 1950 1795 1974 iu
1820 1950 1943 1975 omnibus
1967 1950 2023 1974 illis
2046 1950 2064 1974 5
2081 1951 2164 1976 Editt.
2189 1951 2269 1977 inve-

1348 1991 1413 2008 1111111
1429 1990 1470 2007 ur.

1318 2037 1363 2064 15)
1385 2037 1458 2060 Haec
1485 2041 1554 2065 vox,
1589 2035 1615 2059 in
1640 2036 1688 2060 Ed.
1712 2036 1784 2059 1568.
1809 2035 1870 2060 voci
1900 2035 2029 2067 Professi
2053 2037 2206 2068 adscripta.
2243 2039 2268 2064 in

1351 2071 1435 2094 Editt.
1453 2070 1525 2094 1533.
1546 2072 1572 2093 et
1594 2071 1667 2094 1545.
1687 2071 1741 2095 Cic.
1761 2070 1854 2094 verbis
1881 2071 1906 2094 .ςὲ
1932 2072 1991 2094 tum
2015 2078 2100 2102 quum
2125 2073 2173 2097 lex
2188 2073 2267 2103 fere-

1350 2105 1437 2162 gatur
1470 2104 1498 2128 in
1529 2105 1654 2136 margine
1678 2105 1826 2135 apposita,
1862 2104 1890 2128 in
1914 2105 1997 2129 Editt.
2023 2106 2095 2131 1592.
2121 2110 2147 2131 et
2171 2107 2265 2132 Coton.

1369 2142 1436 2164 eest.

1318 2191 1364 2218 16)
1383 2189 1470 2213 Huius
1495 2192 1594 2221 notae,
1631 2195 1710 2220 qnam
1736 2189 1784 2212 Ed.
1806 2190 1879 2214 1568.
1912 2191 2040 2221 praebet.
2075 2190 2157 2214 Editt.
2182 2191 2268 2223 1533„

1353 2225 1445 2262 1545..
1467 2224 1559 2255 1592„
1579 2224 1675 2248 Coton.
1694 2225 1877 2248 tantummodo
1895 2225 1993 2248 habent
2012 2225 2110 2249 verba:
2129 2225 2198 2249 Pars
2216 2227 2269 2251 mi-

1352 2265 1438 2283 noris.

1318 2309 1365 2338 17)
1384 2309 1429 2333 Sic
1453 2309 1503 2334 Ed.
1524 2308 1616 2339 1568.;
1652 2311 1715 2333 cett.
1741 2309 1805 2334 ittae
1832 2311 1848 2334 4
1867 2309 1966 2334 Editt.:

2006 2309 2138 2341 Epilogus
2168 2316 2270 2336 narra-

1353 2343 1445 2367 tionis.

1321 2394 1461 2432 lS)·Haec
1486 2394 1552 2416 nota
1581 2394 1607 2416 et
1633 2399 1750 2422 sequens
1775 2394 1801 2416 in
1826 2393 1947 2417 omnibus
1971 2393 2028 2418 illis
2053 2395 2070 2419 5
2089 2396 2172 2421 Editt.
2190 2395 2269 2421 inve-

1353 2432 1472 2451 luuntur.

1321 2480 1366 2506 19]
1387 2480 1461 2502 nanc
1477 2479 1569 2502 notam
1587 2477 1647 2502 sola
1668 2477 1717 2502 Ed.
1735 2478 1807 2501 1568.
1829 2479 1943 2503 exhibet.

1320 2530 1368 2587 20¹)
1390 2530 1457 2568 Est]
1475 2536 1517 2588 Etr
1536 2529 1583 2552 Ed.
1606 2529 1689 2553 Orell.
1714 2532 1739 2552 et
1759 2529 1822 2552 inae
1842 2529 1924 2552 Editt.
1953 2534 2065 2561 excepta
2082 2531 2192 2557 Coton..
2226 2534 2269 2557 ubi

1366 2569 1455 2595 egitur
1495 2564 1522 2586 ¹.

1320 2617 1368 2643 21)
1388 2616 1441 2639 Pro
1461 2615 1509 2638 hac
1528 2617 1593 2637 nota
1611 2614 1745 2637 Editionis
1768 2614 1858 2638 1568..
1877 2621 1986 2640 ceterae
2006 2617 2067 2641 iil-:ic
2087 2620 2103 2642 4
2119 2619 2199 2642 Editt.
2220 2619 2269 2643 iia-

1356 2652 1432 2673 !›eutz
1458 2649 1577 2673 collatio
1596 2648 1658 2671 fidei
1678 2651 1703 2671 et
1724 2649 1884 2673 tabularum.

1320 2700 1367 2727 22)
1388 2700 1460 2724 ilaec
1479 2701 1543 2723 nota
1561 2698 1671 2723 nonnisi
1690 2698 1716 2723 in
1736 2699 1783 2724 Ed.
1803 2700 1873 2724 1583.
1897 2701 2040 2725 invenitur.
