2347 3000
230 125 303 160 399

331 210 382 243 De
400 210 536 242 danmis
554 215 670 241 autem
696 218 812 239 rerum
827 231 836 243 ,
870 214 960 248 quae
983 207 1065 235 sunt
1090 201 1126 233 in
1151 213 1215 233 no-

231 269 302 295 stra
322 267 511 306 potestate,
539 259 619 304 quia
639 259 712 291 sine
728 257 855 289 scelere
872 254 944 286 cedi
963 258 1128 297 possunt,
1155 264 1216 284 va-

233 314 279 345 let
297 313 433 355 regula:
463 310 591 343 Seii-nti
618 316 651 341 et
678 306 809 339 xolenti
835 317 908 337 non
932 305 968 336 sit
992 303 1142 343 iniuria,
1177 308 1216 335 ut

233 365 268 396 iu
294 363 496 396 xenditione
517 367 576 393 aut
595 357 872 403 pernmtatione,
906 362 946 388 ut
967 367 1045 387 cum
1063 354 1217 388 Glaucus

232 417 292 446 dat
316 427 420 447 aurea
447 425 543 445 arma
568 422 633 453 pro
659 407 848 452 aencis-¹⁷),
883 404 967 439 haec
991 418 1065 438 non
1088 412 1139 438 est
1165 405 1216 437 in-

231 465 334 499 iuria.
401 464 453 497 Ex
480 462 531 495 liis
559 459 714 492 sontibus
742 459 784 491 ad
816 457 969 502 reliquas
995 457 1218 501 quaestiones

231 517 332 549 facile
351 515 594 557 respondetur.
649 510 736 542 Cato
751 509 917 542 iniuriam
935 508 1001 541 sibi
1018 508 1118 547 facit,
1146 519 1218 541 sese

234 564 522 609 interficiensffi),
548 561 630 607 quia
655 573 728 593 non
753 566 802 593 est
824 560 989 593 dominus
1014 559 1068 592 sui
1094 570 1218 602 corpo-

232 618 298 654 ris,
339 617 397 649 sed
424 616 520 647 Deus
546 620 579 645 et
604 613 657 644 lex
680 611 842 655 superior
873 610 1038 643 dominus
1070 616 1139 649 est,
1180 615 1218 642 ut

231 668 335 710 xulgo
366 666 510 699 dicitur:
554 664 667 698 Nemo
696 670 747 696 est
774 662 941 695 dominus
974 661 1217 694 membrorum

230 730 388 752 suorum.

230 827 493 860 Postremus
525 825 651 856 locus
678 823 727 855 de
760 821 1028 855 discrimine
1061 819 1220 855 summi

458 875 572 910 iuris
600 881 641 907 et
668 872 994 918 aequitatisw).

332 962 468 995 Deinde
500 959 660 1005 seqnitur
690 959 727 991 in
759 965 855 991 textu
886 963 1086 1002 postremus
1123 954 1220 987 locus

228 1013 334 1048 liuius
359 1013 457 1052 libri,
494 1011 732 1044 dulcissimam
756 1009 1019 1042 distinctionem
1044 1006 1220 1050 explicans

230 1065 359 1100 summi
384 1064 469 1097 iuris
488 1070 522 1095 et
536 1061 743 1107 aequitatis,
779 1061 820 1093 de
847 1072 915 1104 qua
943 1065 976 1091 et
1000 1058 1036 1090 in
1051 1057 1220 1096 Ecclesia,

231 1123 265 1149 et
290 1117 326 1148 in
351 1117 449 1153 soro,
478 1121 512 1146 et
536 1114 571 1145 in
595 1119 669 1145 tota
696 1112 951 1144 consuetudine
975 1109 1066 1141 vitae
1092 1107 1220 1151 saepis-

229 1168 316 1201 sime
332 1166 519 1199 dicendum
538 1170 607 1203 est,
632 1163 704 1196 imo
724 1163 766 1195 de
785 1174 853 1206 qua
873 1173 938 1193 nos
960 1158 1115 1203 precatio
1133 1171 1220 1203 quo-

231 1219 365 1251 tidiana
388 1218 573 1249 admonet:
603 1214 699 1246 Sicut
716 1220 750 1246 et
765 1225 830 1245 nos
849 1211 1062 1244 remittimus
1085 1208 1220 1241 debito-

230 1270 327 1302 ribus
345 1268 487 1301 nostris.
539 1266 589 1298 Ac
607 1265 752 1308 prodest
768 1260 1033 1295 commone-lieri
1049 1260 1220 1293 discentes

230 1322 272 1353 de
290 1318 355 1352 hac
373 1316 619 1355 distinctione,
647 1322 686 1348 ut
710 1314 886 1357 fugiamus
905 1311 991 1345 haec
1010 1311 1114 1350 vitia,
1143 1322 1220 1343 cru-

231 1371 433 1409 delitatem,
476 1368 531 1401 cui
563 1379 666 1411 saepe
687 1365 906 1410 praetexitur
932 1363 1065 1407 species
1091 1361 1220 1395 summi

230 1422 335 1461 iuris,
364 1427 397 1453 et
420 1418 698 1462 indulgentiam,
727 1416 781 1450 cui
801 1415 1018 1459 praetexitur
1042 1413 1219 1445 interdum

230 1485 362 1506 nomen
378 1470 576 1516 aequitatis.
629 1469 719 1502 Sunt
736 1467 828 1500 enim
855 1468 945 1499 duae
969 1465 1115 1497 virtutes
1138 1463 1221 1495 vici-

233 1536 319 1563 nae,
360 1522 528 1556 severitas
552 1532 613 1554 seu
637 1520 735 1562 rigor
758 1518 865 1557 iuris,
908 1523 941 1549 et
966 1516 1146 1560 aequitas,
1183 1526 1221 1546 ac

230 1575 415 1619 utriusque
432 1579 586 1605 extrema
605 1577 687 1604 sunt
706 1569 894 1602 crudelitas
912 1573 944 1600 et
964 1565 1195 1609 indulgentia.

333 1651 495 1684 Primum
529 1654 646 1681 autem
678 1646 859 1680 sciendum
891 1650 962 1682 est,
1003 1642 1145 1675 differre
1169 1640 1222 1674 ius

231 1715 429 1740 summum,
473 1707 505 1733 et
530 1700 583 1732 ius
609 1697 824 1731 calumniose
851 1695 1079 1727 intellectum.
1147 1691 1221 1725 Etsi

231 1766 333 1798 saepe
351 1753 400 1786 sic
418 1753 614 1796 loquuntur
628 1747 791 1781 homines
803 1773 812 1785 ,
838 1752 877 1779 ut
894 1746 946 1778 ius
963 1756 1141 1778 summum
1162 1756 1222 1775 vo-

232 1811 311 1838 cent
334 1804 387 1836 ius
407 1801 624 1835 calumniose
648 1799 885 1836 intellectum,
913 1808 987 1828 non
1011 1801 1105 1828 recte
1128 1806 1222 1827 sum-

232 1868 329 1889 mum
347 1854 399 1887 ius
418 1854 540 1886 dicunt
557 1865 629 1884 esse
645 1849 779 1887 Iudaei,
804 1859 950 1892 prorsus
966 1846 1080 1879 nullas
1098 1856 1222 1888 operas

233 1905 443 1940 domesticas
466 1904 502 1936 in
528 1903 674 1937 sabbato
700 1902 827 1933 facere.
896 1897 988 1932 Nam
1012 1896 1090 1930 talis
1116 1895 1222 1928 inter-

268 2039 314 2071 17)
335 2039 396 2062 scil.
415 2035 551 2065 Diomedi,
572 2035 648 2058 Hom.
668 2033 698 2057 ll.
714 2033 762 2063 Vt,
781 2032 840 2056 2:35.
859 2031 919 2055 236.

270 2089 315 2120 18)
336 2089 403 2112 Post
429 2085 561 2116 proelium
588 2084 622 2107 ad
647 2083 781 2112 Thapsum
806 2081 849 2104 die
872 2081 897 2104 6,
920 2078 1022 2108 Aprilis
1047 2083 1110 2102 a.u.
1125 2085 1147 2103 c.
1164 2078 1223 2102 708.

303 2122 493 2147 commissum,
514 2124 565 2148 quo
585 2117 674 2146 scipio
694 2118 720 2139 et
740 2116 804 2138 luha
823 2120 838 2138 a
857 2115 886 2138 C.
903 2114 969 2137 lulio
984 2113 1105 2136 Caesare
1125 2112 1223 2135 devicti

300 2158 397 2185 erant,
416 2156 451 2178 Μ.
470 2153 583 2177 Porcius
605 2151 688 2179 Cato,
709 2149 753 2179 qni
771 2151 835 2172 tunc
854 2148 949 2172 Uticae
968 2147 1112 2176 praeerat,
1137 2146 1225 2169 omni-

302 2193 352 2215 bns
372 2191 452 2213 rebus
471 2186 680 2217 diligentissime
699 2183 875 2212 constitutis,
910 2181 1004 2205 tiberis
1024 2180 1082 2203 suis
1103 2181 1133 2203 L.
1153 2180 1225 2204 Cae-

302 2225 375 2253 sari,
402 2223 446 2253 qui
465 2224 521 2245 tuin
540 2221 563 2244 ei
583 2226 631 2250 pro
651 2220 797 2248 quaestore
816 2217 893 2246 erat,
925 2214 1135 2245 commendatis,
1165 2214 1224 2237 ser-

303 2266 362 2284 rum
381 2259 454 2281 iutro
473 2256 543 2279 clam
561 2255 587 2277 in
613 2253 762 2276 cubiculum
789 2251 879 2274 intulit
905 2252 986 2279 atque
1012 2249 1049 2272 ita
1074 2255 1105 2271 se
1131 2250 1225 2272 trans-

303 2294 375 2317 iecit.
421 2291 473 2321 Qui
498 2296 557 2313 cum
581 2288 671 2312 anima
695 2286 811 2309 nondum
837 2285 975 2313 exspirata
994 2282 1171 2310 concidisset,
1199 2283 1226 2305 et

305 2327 423 2352 medicus
443 2324 647 2352 familiaresque
659 2320 801 2344 continere
816 2320 897 2348 atque
910 2319 1009 2340 vulnus
1026 2317 1148 2344 obligare
1161 2323 1225 2339 cue-

306 2362 410 2392 pissent
422 2377 429 2389 ,
449 2359 505 2388 ipsc
525 2357 583 2380 suis
603 2355 724 2379 manibus
743 2355 842 2377 vulnus
855 2351 1043 2376 crudelissime
1058 2351 1165 2374 divellit
1180 2353 1225 2373 at-

306 2402 356 2425 que
379 2394 467 2417 animo
488 2391 623 2422 praesenti
644 2396 675 2412 se
693 2388 846 2415 interemit,
878 2393 911 2409 ne
937 2385 1100 2414 reipublicae
1127 2391 1225 2414 super-

305 2432 361 2452 stes
380 2429 462 2451 esset.
493 2424 593 2455 [ΗΠ-ι.)
614 2424 680 2448 Bell.
700 2423 759 2445 Al'r.
774 2421 899 2445 &7—89.
936 2420 1006 2443 Plut.
1026 2419 1085 2443 Cat.
1100 2418 1225 2443 59-70.

306 2464 355 2487 Dio
379 2461 499 2485 10-13.
536 2459 651 2488 Appian.
670 2457 703 2481 97
715 2469 743 2473 —-
758 2457 815 2480 100.

272 2515 319 2542 10)
339 2514 377 2536 De
397 2513 445 2535 hoc
465 2509 620 2534 discrimine
639 2508 806 2532 Aristoteles
827 2508 852 2530 in
872 2506 961 2536 eapite
978 2506 1013 2529 X.
1034 2505 1106 2529 dicit.
1127 2517 1159 2522 —
1195 2504 1226 2528 ln

308 2548 391 2572 Editt.
418 2552 465 2568 sex
492 2544 626 2573 prioribus
653 2543 842 2566 1532—1544.
876 2541 940 2563 haec
965 2546 1045 2569 pars,
1078 2539 1225 2568 inscripta:

309 2579 484 2609 „Discrimen
505 2578 600 2600 summi
619 2577 687 2600 iuris
707 2579 732 2599 et
758 2573 938 2602 {mundas-⁷2
970 2574 1066 2603 partini
1087 2573 1226 2596 Aristote-

306 2617 339 2639 lis
366 2615 449 2637 verba
477 2612 560 2635 latine
587 2617 684 2636 versa.
720 2611 816 2639 partini
842 2609 991 2639 longiorem
1020 2607 1226 2637 explicationem

304 2649 440 2673 continet:
460 2646 572 2677 primum
588 2645 656 2667 enim
672 2645 713 2667 liic
726 2645 877 2667 atteruntur
892 2643 974 2665 verba
990 2642 1015 2670 S.
1032 2643 1053 2664 1.
1073 2642 1169 2671 rapitis
1180 2641 1225 2670 Χ.,

305 2686 331 2707 et
351 2683 376 2710 s,
392 2682 418 2706 2,
437 2686 505 2710 quae
521 2679 653 2707 inscripta
674 2680 730 2700 est:
758 2674 973 2706 „Respoiisio”,
993 2676 1084 2699 addita
1103 2675 1226 2705 longiore

305 2715 503 2746 explicatione,
528 2713 596 2736 hanc
616 2712 723 2736 tandein
743 2713 827 2735 verba
847 2711 872 2742 S.
887 2710 974 2735 3-8.
994 2712 1153 2740 sequnntur.

474 121 597 157 PHIL.
625 119 736 155 MEL.
763 117 964 153 SCRIPTA
990 116 1055 150 AD
1081 114 1290 149 ETHICEN
1316 116 1380 151 ET
1409 117 1663 153 POLlTICEN
1692 116 2002 153 SPECTANTIA.

2178 119 2252 154 400

1268 203 1420 246 pret-‘itio
1457 204 1674 238 calumniosa
1710 211 1779 244 est,
1832 210 1871 237 ut
1911 204 2021 237 multa
2059 203 2253 238 recitantur

1269 255 1426 297 exempla
1468 255 1769 289 calumniosarum
1812 255 2165 299 interpretationum,
2217 256 2254 288 in

1269 305 1397 349 quibus
1428 306 1533 337 verba
1568 313 1690 339 contra
1714 318 1937 340 communem
1964 307 2255 339 consuetudinem

1270 362 1500 396 enarrantur,
1527 362 1565 389 ut
1583 356 1739 391 Thraces
1755 358 1847 402 pacti
1864 357 2021 390 inducias
2037 358 2174 390 dierum
2194 356 2256 389 ali-

1271 412 1375 451 quot,
1416 413 1523 439 noctu
1545 408 1810 451 populabantur
1836 409 2043 447 Boeotiam,
2071 415 2109 441 ut
2132 413 2256 440 narrat

1271 458 1465 503 strahow).
1524 456 1781 504 Athenaeusffl)
1805 466 1927 492 narrat
1952 457 2143 503 lphiclum,
2176 470 2256 491 cum

1271 507 1403 541 Rhodii
1427 508 1644 542 deditionem
1669 509 1849 549 fecissent,
1885 511 1954 550 ita,
1990 517 2028 544 nt
2055 524 2134 543 cum
2161 515 2256 542 certo

1271 572 1420 592 numero
1440 559 1583 592 navium
1600 560 1698 592 abire
1717 560 1800 604 ipsis
1817 560 1947 600 liceret,
1974 561 2180 605 imposuisse
2197 572 2257 594 eos

1273 611 1308 643 in
1328 623 1435 643 naves
1459 611 1533 643 sine
1558 611 1664 644 remis
1689 617 1722 643 et
1749 611 1844 644 velis.
1910 611 2013 655 Apud
2041 609 2257 656 Xenophon-

1272 661 1399 706 tein‘2‘2)
1434 661 1618 707 Critiasffi)
1653 662 1762 695 eludit
1791 662 2030 695 defensionem
2063 661 2258 695 Therame-

1273 712 1380 758 nis‘fl)
1398 711 1463 745 bac
1477 714 1614 746 fraude.
1668 712 1740 745 Lex
1758 719 1852 753 erat,
1881 725 1924 745 ne
1948 713 2026 758 quis
2050 720 2132 746 tunc
2149 710 2258 746 Athe-

1272 764 1326 796 nis
1351 775 1494 803 eorum,
1529 776 1682 808 quorum
1708 764 1854 796 nomina
1882 764 1918 796 in
1943 765 2104 809 catalogo
2127 763 2258 808 scripta

1273 820 1393 854 erant,
1420 815 1695 855 interficeretur,
1721 815 1789 848 nisi
1807 828 1843 848 re
1862 814 2027 849 iudicata.
2087 815 2175 849 Cum
2195 814 2259 858 igi-

1274 864 1580 900 turTberamenes
1597 879 1633 900 se
1651 866 1767 899 audiri
1784 866 1872 910 petit
1890 866 1984 899 iuxta
2004 867 2109 910 leges,
2134 865 2260 906 facilis,

1273 917 1389 962 inquit
1417 917 1562 957 Critias,
1603 917 1834 962 recusatio'ff')
1867 923 1936 957 est,
1973 918 2097 950 delebo
2127 928 2260 950 nomen

1274 968 1347 1000 eius
1363 968 1397 1000 in
1415 969 1597 1009 catalogo,
1626 968 1672 1000 ita
1691 968 1745 1000 lex
1773 969 1815 1000 ad
1841 981 1919 1001 eum
1944 966 2032 1000 nibil
2056 967 2260 1011 pertinebit.

1273 1019 1340 1052 Sed
1361 1032 1437 1052 cum
1456 1017 1716 1051 'l'lieramenem
1736 1017 1802 1050 bac
1817 1019 1974 1051 elusione
1991 1019 2120 1052 Critias
2143 1019 2261 1063 perdi-

1273 1070 1398 1107 disset,
1432 1069 1504 1112 ipse
1531 1069 1715 1113 aliquanto
1746 1075 1826 1112 post
1856 1080 1874 1100 a
1900 1067 2126 1114 Thrasybulo
2153 1070 2262 1102 inter-

1272 1121 1380 1152 fectus
1391 1119 1455 1164 ¹²⁶),
1484 1132 1617 1163 poenas
1634 1117 1844 1163 sophisticae
1863 1120 1971 1153 dedit.
2023 1120 2129 1153 Aliud
2147 1132 2262 1153 exem-

1274 1171 1371 1214 plum
1386 1168 1746 1214 narrat'l'liueydides
1762 1170 1852 1202 libro
1870 1170 2040 1216 te1·tio‘²⁷):
2068 1169 2262 1216 Paches‘ss),

1274 1234 1352 1255 cum
1386 1220 1549 1253 cinxisset
1578 1221 1762 1255 obsidione
1796 1219 2061 1265 Colophonem,
2102 1222 2262 1256 evocavit

1273 1273 1489 1317 praesectum
1507 1272 1748 1318 praesidiiffl),
1775 1272 1855 1304 data
1873 1273 1959 1312 fide,
1986 1285 2020 1305 se
2043 1272 2258 1306 incolumem

1275 1324 1310 1356 in
1326 1324 1450 1356 urbem
1470 1323 1700 1356 remissurum
1718 1335 1802 1356 esse.
1863 1322 1951 1356 Cum
1979 1323 2086 1367 igitur
2109 1336 2150 1356 ex
2175 1325 2263 1357 urbe

1275 1386 1432 1417 egressus
1451 1380 1538 1407 esset
1562 1375 1777 1418 praefectus,
1806 1374 1980 1407 retinetur
2003 1374 2038 1406 in
2061 1375 2201 1414 castris,
2229 1381 2264 1408 et

1274 1423 1408 1459 I'aches
1440 1425 1610 1469 oppidum
1644 1432 1844 1469 oppugnat,
1888 1425 1971 1471 quia
2001 1426 2144 1459 absente
2173 1426 2262 1459 duce

1274 1475 1463 1520 praesidii,
1488 1476 1599 1509 facilis
1617 1483 1691 1508 erat
1713 1477 1945 1520 oppugnatio.
2006 1476 2133 1510 Postea
2160 1483 2264 1521 capto

1276 1527 1408 1572 oppido
1421 1553 1429 1566 ,
1457 1525 1591 1560 Pacbes
1609 1527 1745 1560 reducit
1761 1527 1933 1560 Arcadem
1950 1527 1985 1560 in
2004 1528 2195 1572 oppidum,
2231 1534 2265 1561 et

1276 1579 1322 1611 ibi
1350 1591 1428 1611 eum
1455 1577 1638 1617 interficit,
1672 1579 1731 1611 sed
1758 1576 1812 1610 hic
1831 1576 1965 1611 Paches
1991 1585 2110 1622 postea
2136 1579 2201 1612 sibi
2227 1579 2264 1611 in

1275 1629 1351 1673 ipso
1384 1628 1540 1661 iudicum
1573 1641 1737 1662 consessu
1764 1627 1912 1663 Athenis
1945 1642 2054 1662 manu
2080 1642 2141 1663 sua
2166 1641 2263 1662 mor-

1275 1686 1345 1712 tem
1363 1685 1545 1712 conscivit.

1309 1827 1356 1855 ²0)
1376 1829 1465 1851 strab.
1485 1828 1533 1853 lx.
1561 1829 1587 1858 S.
1602 1830 1626 1853 4.
1652 1831 1692 1858 (p.
1708 1829 1755 1852 40¹
1772 1835 1814 1858 sq.
1834 1829 1876 1853 ed.
1897 1828 2029 1855 Caunum:
2059 1837 2084 1859 p.
2099 1829 2158 1854 616.
2173 1831 2200 1854 B.
2221 1831 2265 1856 ed.

1344 1863 1377 1884 at»
1396 1863 1585 1901 Atnieloveen.
1604 1863 1772 1888 Amstetaed.
1800 1863 1873 1888 1707.
1898 1864 1975 1894 Fol.;
2009 1864 2094 1889 1111.
2121 1871 2147 1894 p.
2161 1864 2212 1889 ³9⁴2
2224 1871 2265 1895 sq.

1343 1896 1385 1920 ed.
1406 1897 1571 1920 siehenkees
1591 1899 1617 1920 et
1632 1896 1826 1928 Tzseliucke.).

1307 1945 1355 1972 21)
1375 1947 1471 1970 Athen.
1498 1947 1518 1971 1.
1535 1947 1606 1970 vm.
1629 1953 1653 1971 c.
1673 1947 1715 1971 61.
1743 1945 1781 1977 (p.
1800 1947 1860 1972 361.
1880 1948 1909 1971 B.
1931 1947 1973 1972 ed.
1999 1947 2135 1978 Casuum
2170 1948 2200 1973 Τ.
2220 1948 2266 1975 111.

1344 1986 1368 2009 p.
1385 1980 1445 2003 331.
1465 1980 1506 2003 ed.
1527 1980 1798 2011 Schweighaeuser).

1310 2030 1357 2057 22)
1378 2031 1501 2060 Xenopli.
1517 2032 1623 2056 Bellen.
1644 2032 1661 2054 1.
1676 2031 1707 2056 ΙΙ.
1727 2038 1749 2055 c.
1761 2032 1786 2055 3.
1808 2032 1835 2061 S.
1848 2032 1974 2058 20—24.

1309 2083 1357 2108 2³]
1377 2084 1497 2115 Critias,
1515 2090 1584 2107 unus
1602 2084 1816 2116 trigintavirnm.

1310 2144 1357 2174 2⁴)
1379 2144 1576 2172 Theramenes,
1596 2144 1730 2168 electione
1749 2143 1774 2166 in
1793 2149 1931 2167 nnmerum
1950 2143 2063 2171 triginta
2082 2146 2263 2175 tyrannorum

1344 2178 1467 2205 rotatus,
1502 2179 1607 2201 resistit
1635 2185 1728 2201 eorum
1758 2178 1867 2200 iniustis
1893 2179 2032 2207 consiliis,
2065 2183 2229 2209 quapropter
2248 2188 2264 2205 a

1347 2212 1433 2236 Critia
1452 2214 1485 2236 ot)
1504 2213 1642 2239 ingenium
1661 2213 1688 2236 in
1708 2212 1845 2242 republica
1864 2213 1991 2236 mutabile
2009 2216 2151 2236 accusatur
2170 2216 2196 2237 et
2215 2221 2263 2240 ca-

1346 2246 1402 2276 pite
1421 2247 1575 2271 damnatur.

1311 2303 1358 2335 25)
1378 2304 1530 2333 recusatio]
1550 2303 1589 2327 sic
1603 2304 1686 2329 Editt.
1705 2303 1778 2328 1550.
1790 2320 1797 2334 ,
1818 2303 1910 2333 ¹55⁴..
1929 2303 2005 2328 1557.
2024 2306 2051 2327 et
2069 2305 2158 2335 15so.;
2182 2306 2262 2332 Editt.

1349 2339 1421 2362 1545.
1443 2340 1468 2361 et
1490 2339 1563 2363 1546.
1586 2338 1730 2362 correctio.

1311 2396 1358 2428 26)
1378 2397 1479 2420 Critias
1498 2397 1524 2420 in
1544 2397 1664 2427 proelio.
1694 2396 1763 2426 quod
1782 2396 1968 2426 Thrasybulus
1987 2396 2171 2427 trigintaviris
2189 2406 2263 2425 eom-

1346 2431 1583 2494 1ιίιιὶἤῗίιεἰιιιξίι-ειεο
1601 2437 1627 2456 a.
1643 2431 1702 2455 403.
1721 2436 1746 2454 a.
1764 2430 1843 2460 Cim,
1863 2430 1967 2453 occisus
1986 2433 2045 2461 est;
2070 2432 2194 2464 Xenoph.
2213 2435 2262 2459 1.1.

1312 2524 1360 2553 2⁷)
1381 2525 1500 2554 Thucyd.
1521 2525 1538 2549 1.
1554 2525 1598 2549 111.
1617 2532 1640 2549 c.
1656 2524 1699 2547 34.

1312 2579 1358 2609 28)
1380 2580 1498 2618 PacheS,
1517 2581 1627 2611 Epicuri
1646 2581 1734 2611 fitius,
1754 2580 1958 2604 Atheniensium
1979 2581 2032 2605 dux
2051 2581 2078 2606 in
2098 2583 2168 2606 bello
2183 2583 2263 2608 Pelo-

1348 2620 1524 2643 ponnesiaco.

1312 2673 1359 2700 29)
1379 2673 1440 2697 seit.
1465 2672 1602 2702 Hippiam.
1640 2672 1775 2695 Arcadum
1800 2673 1900 2696 ducem.
1926 2686 1958 2691 —

1348 2707 1438 2738 qttiuto
1462 2707 1523 2730 belli
1543 2706 1690 2736 Pelopeum.
1708 2712 1779 2730 anuo
1800 2707 1858 2731 427.
1874 2713 1899 2732 a.
1919 2709 1983 2733 Chr.

2013 2675 2070 2699 Hoc
2094 2676 2193 2700 factum
2220 2680 2262 2701 est
