2347 3000
211 121 285 158 535

315 209 541 243 Adiuvantur
557 215 673 242 autern
691 208 856 251 cogitatio
874 208 909 239 in
927 213 1062 247 mente,
1090 213 1123 239 et
1140 220 1202 239 vo-

216 261 334 294 luntas
354 261 532 305 imperans
551 260 687 298 nervis,
717 265 1008 302 temperamento.
1049 258 1201 291 Catilina

217 311 354 345 facilius
370 312 451 344 facit
470 312 610 349 caedes,
638 309 719 354 quia
746 322 809 341 nec
835 309 1001 351 cogitatio
1027 310 1126 342 firma
1153 315 1204 343 est

219 363 261 395 (le
287 360 549 406 pulchritudine
579 360 749 399 iustitiae,
783 366 816 392 et
846 358 992 393 honesta
1024 360 1204 399 societate,

218 419 258 447 ut
275 413 310 445 in
327 413 491 457 Scipione
517 417 577 443 aut
594 410 764 454 Augusto.
820 410 866 443 Et
884 418 1203 456 temper.·nnentum

219 463 334 497 cordis
353 470 385 495 et
402 461 584 505 sanguinis
612 461 767 493 abundat
797 463 888 494 mala
916 464 1066 495 mixtura
1093 463 1204 495 ruffae

220 522 253 548 et
268 521 363 547 atrae
378 513 469 551 bilis,
502 524 591 557 qnae
608 524 687 544 cum
704 513 906 546 redundant
921 520 953 546 ct
969 520 1050 547 sunt
1070 514 1206 546 inflam-

220 572 355 603 matae,
391 563 539 607 gignunt
559 563 702 606 spiritus
730 564 908 605 turbidos,
942 565 1127 605 ssatnosos,
1156 564 1208 596 in-

221 627 364 653 suaves,
400 620 610 653 venenatos,
645 616 847 655 mordaces,
883 616 943 660 qui
967 616 1134 658 languere
1159 616 1208 647 fa-

221 667 317 699 ciunt
334 665 516 698 cerebrum
528 691 537 704 ,
566 671 599 697 et
614 662 785 699 humores
803 667 957 699 efficiunt
973 679 1011 698 ac
1037 667 1209 710 imagina-

221 717 334 749 tiones
352 717 397 749 ad
413 716 587 749 tollendos
605 716 712 756 alios,
741 730 831 762 quae
850 729 929 750 cnm
953 718 1134 762 spiritibus
1160 717 1210 749 vi-

222 767 369 800 rulentis
387 767 536 800 incitant
555 768 713 800 membra
733 769 777 800 ad
793 781 916 802 saevas
935 775 969 801 et
992 769 1209 801 truculentas

221 818 389 852 actiones.
453 817 537 850 Ideo
566 815 769 862 philosophi
799 820 939 859 dicunt,
980 832 1097 853 mores
1129 832 1210 852 con-

223 881 348 913 gruere
380 881 459 902 eum
492 870 802 913 temperamentis,
845 877 878 903 et
906 870 1032 903 usitate
1064 871 1209 903 dicitur:

222 921 380 954 Naturae
397 920 556 965 sequitur
575 920 709 953 semina
736 922 884 966 quisque
908 934 1002 955 suae.
1055 922 1208 955 Adiuvat

225 971 477 1015 cogitationem
504 978 538 1004 et
557 972 784 1011 assuefactio,
818 973 900 1018 quia
926 986 1003 1006 cum
1030 985 1133 1017 saepe
1158 985 1212 1004 re-

223 1028 320 1066 petat
350 1022 548 1055 doctrinam
583 1029 616 1055 et
645 1023 948 1063 admonitionem,
990 1025 1127 1056 tirmior
1163 1029 1213 1056 est

223 1073 416 1112 memoria,
460 1079 493 1106 et
521 1073 621 1106 citius
651 1074 829 1117 promitur
859 1081 893 1107 et
918 1075 1085 1118 aspicitur
1112 1087 1213 1118 prae-

225 1131 383 1168 ceptum,
412 1130 451 1157 ut
469 1123 529 1168 qui
543 1136 647 1168 saepe
667 1125 746 1157 secit
764 1125 829 1157 iter
845 1138 908 1169 per
925 1126 1082 1170 aliquam
1098 1125 1213 1169 regio-

224 1188 319 1215 nem,
348 1175 459 1219 magis
476 1175 638 1207 meminit
653 1175 760 1215 viam,
787 1182 820 1208 et
838 1177 954 1209 minus
973 1183 1079 1215 errat,
1103 1188 1214 1208 mem-

225 1227 288 1259 bra
306 1226 412 1258 etiam
430 1225 565 1258 facilius
587 1227 630 1258 ad
654 1223 720 1258 hoc
743 1226 946 1270 diriguntur
969 1228 1065 1272 qnod
1090 1227 1213 1259 crebro

227 1284 400 1317 exercent,
429 1283 467 1308 ut
484 1274 707 1310 citharaedus
725 1278 949 1318 assuefactus,
976 1277 1122 1311 celerius
1139 1290 1215 1310 nio-

226 1334 283 1360 vet
301 1327 446 1371 digitos,
473 1333 507 1359 et
524 1327 650 1360 certius
668 1328 781 1372 tangit
802 1329 904 1369 fides,
935 1329 983 1362 ita
1007 1328 1214 1362 assuefactio

228 1379 415 1411 confirmat
444 1378 675 1418 memoriam,
718 1380 802 1412 facit
832 1380 1124 1423 imaginationem
1155 1392 1216 1412 seu

228 1429 549 1463 considerationem
583 1430 789 1470 fortiorem,
827 1431 864 1463 in
898 1444 966 1476 qua
1001 1431 1216 1476 conspicitur

228 1481 348 1526 aliquo
368 1481 475 1513 modo
495 1478 721 1523 pulchritudo
738 1479 907 1515 honestae
933 1482 1080 1516 actionis
1105 1489 1138 1515 et
1161 1494 1216 1515 or-

231 1532 335 1565 dinis.

331 1581 482 1615 Inclinat
515 1581 621 1615 etiam
654 1583 860 1616 assuefactio
892 1596 952 1618 seu
984 1585 1216 1624 voluntatem,

231 1647 291 1668 seu
308 1633 452 1677 spiritus
467 1632 550 1665 forti
573 1633 827 1677 imaginatione
854 1636 896 1667 ad
925 1647 1003 1667 cam
1029 1635 1217 1673 actionem,

231 1687 274 1718 de
308 1696 377 1730 qua
411 1690 542 1717 attente
574 1685 765 1728 cogitatur:
814 1685 903 1718 Eam
936 1686 1217 1725 inclinationem,

232 1736 544 1781 quantulacunque
576 1741 644 1775 est,
696 1736 860 1769 nominat
888 1737 1093 1770 Aristoteles
1133 1736 1217 1779 ἕξιν,

232 1799 322 1832 quae
340 1799 418 1819 cum
436 1786 480 1819 sit
494 1786 660 1829 languida
680 1793 713 1819 et
729 1787 892 1820 facillime
911 1789 1072 1820 turbetur
1089 1788 1218 1820 affecti-

231 1839 313 1877 bus,
355 1837 457 1870 valde
487 1837 675 1870 obscurum
702 1844 752 1871 est
776 1850 907 1872 nomen
937 1839 1074 1872 vistutis
1096 1839 1132 1871 in
1156 1837 1219 1871 ho-

232 1889 349 1927 mine,
384 1888 411 1921 si
437 1888 480 1921 sit
503 1888 576 1922 sine
602 1895 703 1921 motu
727 1889 860 1923 divino.
929 1889 996 1922 Sed
1025 1888 1092 1922 hoc
1124 1890 1218 1935 quod

234 1940 442 1972 nominatur
459 1939 569 1973 virtus
587 1937 749 1979 heroica,
777 1947 816 1973 ut
831 1941 1002 1973 fortitudo
1019 1941 1055 1973 in
1072 1939 1219 1980 Achille,

233 1991 456 2029 Alexandro,
494 1989 644 2036 Iulioss),
688 1998 736 2025 est
767 1992 943 2035 singulare
977 1993 1109 2026 donum
1141 1991 1220 2031 Dei,

235 2042 294 2088 qui
314 2042 446 2074 creavit
462 2042 530 2074 tale
547 2054 626 2081 cor,
654 2049 692 2075 ut
709 2043 798 2075 ciere
817 2049 934 2076 motus
951 2044 1170 2077 ardentiores
1188 2049 1221 2076 et

234 2094 402 2126 rectiores
426 2093 546 2137 possit.
613 2093 662 2125 Ut
693 2100 785 2126 creat
813 2094 931 2127 oculos
954 2095 1058 2138 longe
1082 2095 1220 2139 prospi-

237 2145 386 2184 cientes,
414 2150 452 2176 nt
470 2150 565 2176 creat
587 2142 733 2177 herbam
760 2145 938 2177 tollentem
966 2153 1100 2179 certum
1126 2159 1220 2179 mor-

236 2197 333 2229 bum.
385 2195 431 2228 Et
448 2196 581 2227 accedit
599 2195 692 2228 aliud
713 2197 845 2228 donum
862 2196 929 2228 Dei
953 2197 988 2229 in
1011 2197 1221 2241 praestanti-

236 2248 300 2280 bus
321 2245 546 2286 hominibus,
573 2248 668 2291 quod
691 2247 866 2292 aliquibus
890 2248 949 2280 dat
977 2255 1121 2281 eventus
1147 2262 1221 2281 nia-

237 2298 287 2341 gis
304 2298 429 2330 felices.

342 2349 390 2381 Ex
425 2346 478 2381 his
516 2348 810 2392 descriptionibus
852 2356 1031 2395 utcunque
1074 2350 1220 2383 iudIcari

239 2406 351 2443 potest
385 2399 469 2444 quid
500 2400 705 2432 nominetur
733 2400 940 2444 disciplina,
978 2408 1009 2433 et
1040 2414 1128 2447 qnae
1152 2402 1222 2435 sint

240 2463 364 2483 causae
389 2450 627 2495 propinquae,
661 2451 791 2484 scilicet
818 2465 916 2485 mens
941 2453 1097 2496 cogitans
1121 2466 1221 2497 prae-

241 2508 357 2544 cepta,
386 2508 419 2533 ct
437 2502 598 2534 voluntas
621 2502 798 2546 imperans
816 2504 951 2543 nervis,
980 2511 1017 2536 nt
1034 2505 1147 2537 cicant
1166 2517 1220 2537 ex-

241 2559 338 2585 terna
364 2553 522 2584 membra
552 2553 644 2585 iuxta
669 2560 874 2598 praecepta,
901 2555 1038 2588 etiamsi
1057 2556 1149 2589 intus
1167 2568 1220 2588 rc-

240 2609 400 2648 pugnant
427 2603 580 2637 affectus.
649 2604 801 2638 Facilius
830 2611 947 2639 autem
973 2607 1220 2651 obtemperant

275 2720 305 2750 3)
324 2720 407 2744 Iulius
426 2718 538 2742 caesar.

792 121 913 157 PHLI.
943 121 1055 155 MEL.
1091 119 1292 155 SCRIPTA
1321 119 1656 156 PHILOLOGICA.

2158 123 2233 160 536

1255 213 1397 240 externa
1417 208 1588 249 membra,
1617 221 1695 241 cum
1715 208 1751 240 in
1767 214 1883 241 mente
1899 214 1948 242 est
1964 207 2065 242 fortis
2081 210 2237 244 conside-

1256 258 1347 290 ratio
1365 271 1425 291 seu
1444 259 1649 302 imaginatio
1662 286 1671 300 ,
1699 266 1731 292 et
1750 266 2068 304 temperamentum
2083 271 2143 293 seu
2160 272 2238 294 san-

1257 309 1332 351 guis
1348 315 1381 341 et
1397 309 1540 352 spiritns
1565 310 1681 344 minus
1703 318 1784 344 sunt
1808 311 2019 344 turbulenti:
2055 316 2094 343 ut
2119 310 2240 344 dissici-

1257 361 1323 393 lins
1347 360 1436 403 regit
1457 360 1567 400 iram,
1601 362 1698 394 cuius
1723 363 1864 406 sanguis
1887 362 1987 394 valde
2011 361 2157 395 biliosus
2181 367 2243 402 est,

1259 417 1291 443 ct
1308 411 1540 443 immoderate.
1560 411 1770 446 incenditur.
1823 413 1910 445 Cum
1934 420 2050 446 autem
2075 412 2242 455 cogitatio

1259 462 1466 506 praecedat,
1494 474 1632 495 necesse
1653 469 1703 496 cst
1720 475 1883 496 normam
1903 471 2032 497 certam
2051 464 2124 497 eius
2152 463 2244 507 cogi-

1261 519 1406 545 tatlolns
1426 524 1509 545 esse.

1361 563 1423 596 list
1454 563 1560 606 igitur
1587 563 1766 596 verissime
1798 576 1922 597 norma
1947 573 2060 599 rectae
2085 563 2246 604 actionis,

1260 615 1315 647 lex
1334 614 1422 654 Dei,
1449 627 1509 647 sen
1526 614 1721 657 Decalogus
1738 621 1830 647 recte
1856 615 2061 650 intellectus.
2112 614 2152 648 In
2170 613 2247 660 phi-

1262 663 1424 709 losophia
1443 678 1607 698 normam
1627 666 1815 698 nominant
1831 674 1961 699 rectam
1986 667 2161 699 rationem
2185 678 2247 699 seu

1263 717 1373 759 legem
1405 723 1565 749 naturae.
1632 717 1748 749 Sciant
1781 724 1896 750 autem
1929 730 2051 751 omnes
2073 715 2248 757 homines,

1264 768 1374 811 legem
1394 774 1542 799 naturae
1563 780 1634 800 esse
1649 768 1767 800 radios
1784 768 1952 802 dix-initus
1978 769 2100 802 insitos
2121 767 2250 800 menti-

1264 820 1328 851 bus
1353 816 1537 858 humanis,
1573 819 1606 850 id
1633 825 1703 858 est,
1744 819 1889 853 notitias
1916 826 2147 864 congruentes
2170 831 2250 851 cnm

1265 870 1464 912 Decalogo,
1493 870 1586 914 quod
1606 882 1683 903 cum
1705 870 1749 902 ita
1775 870 1837 910 sit,
1870 869 2093 915 philosophia
2112 877 2146 903 et
2162 869 2251 914 poli-

1265 921 1331 953 tica
1358 921 1550 964 sapientia,
1586 933 1664 953 cum
1688 918 1750 953 bas
1774 921 1918 955 notitias
1942 923 2017 955 sine
2043 920 2252 965 corruptelis

1265 977 1490 1016 proponunt,
1535 978 1617 1004 sunt
1647 984 1702 1005 res
1729 972 1862 1012 bonae,
1908 979 1942 1005 et
1971 973 2099 1006 veritas
2125 984 2145 1005 a
2174 972 2251 1005 Deo

1267 1029 1425 1062 ostensa,
1459 1022 1547 1054 sicut
1570 1023 1717 1055 notitiae
1741 1035 1991 1064 numerorum,
2026 1030 2059 1056 et
2082 1023 2252 1057 excellens

1266 1075 1400 1106 donum
1425 1072 1512 1111 Dei,
1553 1085 1615 1104 nec
1640 1079 1721 1105 sunt
1744 1074 1925 1106 mendacia
1952 1075 2148 1118 pugnantia
2171 1086 2250 1107 cuin

1267 1125 1355 1158 Deo.
1416 1124 1535 1167 Quare
1559 1130 1592 1155 et
1616 1123 1748 1157 Paulus
1772 1124 1876 1158 Rom.
1893 1128 1928 1165 2,
1953 1125 2030 1170 (14.
2058 1124 2132 1169 15.)
2159 1125 2252 1157 affir-

1266 1181 1361 1214 mat,
1390 1174 1426 1206 in
1446 1174 1607 1218 gentibus
1626 1174 1794 1207 indicium
1813 1176 2047 1209 conscientiae
2067 1188 2139 1209 esse
2163 1175 2254 1208 iudi-

1268 1226 1359 1258 cium
1386 1225 1470 1265 Dei,
1514 1231 1548 1257 et
1569 1225 1738 1259 divinitus
1760 1226 1918 1259 additum
1945 1239 2017 1260 esse
2042 1227 2254 1267 carnificem,

1267 1275 1487 1310 horrendum
1505 1277 1699 1309 cruciatum
1725 1277 1857 1317 cordis,
1893 1278 1954 1323 qui
1982 1278 2105 1311 ordine
2128 1277 2256 1310 dix-ini-

1269 1335 1323 1361 tus
1340 1328 1496 1367 sancito,
1520 1328 1679 1373 sequitur
1705 1327 1955 1371 cogitationem
1981 1329 2065 1373 legis
2091 1340 2256 1362 accusan-

1269 1380 1312 1413 tis
1335 1379 1513 1412 delictum.

1371 1430 1466 1462 Haec
1482 1429 1646 1473 cogitatio
1665 1437 1698 1463 et
1715 1428 1770 1463 hic
1786 1430 1889 1463 dolor
1907 1444 1980 1464 non
2004 1437 2087 1465 sunt
2108 1430 2253 1464 menda-

1271 1481 1340 1520 cia,
1369 1482 1427 1514 sed
1444 1494 1498 1514 res
1516 1481 1563 1514 sic
1581 1481 1766 1514 ordinatae
1790 1494 1808 1514 a
1826 1482 1901 1514 Deo
1924 1483 1961 1516 in
1988 1489 2115 1516 natura
2138 1480 2254 1515 homi-

1270 1545 1368 1566 num.
1429 1532 1520 1566 Nam
1546 1532 1651 1565 etiam
1677 1533 1711 1565 in
1734 1530 1798 1565 hac
1824 1534 2014 1577 depravata
2037 1540 2183 1573 natura,
2217 1538 2256 1566 ut

1270 1596 1502 1616 numerorum
1518 1583 1686 1623 notitiae,
1722 1583 1768 1616 ita
1793 1584 1878 1628 legis
1901 1585 2048 1618 notitiae
2072 1585 2255 1618 nobiscum

1270 1641 1474 1667 nascuntur.
1528 1634 1620 1678 Quia
1638 1635 1712 1668 vult
1728 1634 1823 1668 Deus
1841 1647 1897 1668 eas
1922 1636 2163 1669 testiinonium
2183 1646 2255 1668 csse

1271 1686 1312 1717 de
1330 1685 1425 1728 ipso,
1455 1686 1550 1729 quod
1567 1685 1610 1717 sit
1625 1684 1737 1725 Deus,
1767 1686 1879 1730 qualis
1905 1687 1966 1727 sit,
1994 1688 2090 1732 qnod
2114 1687 2158 1720 sit
2181 1685 2256 1718 vin-

1271 1737 1337 1768 dex
1354 1736 1544 1776 scelerum,
1571 1736 1646 1769 vult
1670 1749 1732 1780 per
1759 1749 1815 1768 eas
1841 1738 1998 1771 accusari
2024 1744 2186 1782 peccata,
2222 1743 2256 1770 et

1271 1787 1515 1832 delinquentes
1531 1787 1670 1830 puniri,
1698 1787 1786 1819 sicut
1809 1787 1937 1822 dicitnr
1961 1789 2082 1834 (Rom.
2101 1789 2136 1828 3,
2160 1786 2255 1833 20.);

1272 1839 1340 1871 Per
1356 1839 1466 1881 legem
1485 1838 1638 1880 cognitio
1657 1838 1799 1881 peccati.
1833 1838 1918 1872 Vult
1937 1841 2041 1873 etiam
2058 1840 2133 1884 regi
2148 1839 2258 1872 vitam

1273 1895 1452 1922 externam
1470 1889 1506 1921 in
1529 1889 1692 1921 omnibus
1716 1889 1932 1931 actionibus,
1957 1897 1997 1924 ut
2021 1892 2149 1925 dicitur
2170 1891 2256 1937 (Ga-

1272 1941 1330 1973 lat.
1350 1940 1384 1978 3,
1401 1939 1496 1985 24.);
1525 1939 1596 1972 Lex
1614 1941 1836 1984 paedagogus
1861 1948 1922 1976 est.
1979 1941 2066 1975 Item
2093 1943 2142 1988 (1.
2161 1942 2254 1977 Tim.

1276 1993 1307 2031 1,
1326 1991 1395 2036 9.):
1431 1990 1504 2024 Lex
1525 1991 1662 2024 iniustis
1680 1991 1793 2035 posita
1813 1999 1873 2026 est.
1932 1993 2092 2040 Cumque
2115 1994 2170 2027 lex
2190 1994 2257 2027 Dei

1273 2043 1317 2076 sit
1331 2055 1386 2075 res
1409 2043 1522 2082 bona,
1551 2049 1583 2075 et
1607 2042 1779 2087 sapientia
1797 2043 1865 2076 Dei
1884 2056 1923 2078 ac
1948 2045 2094 2085 veritas,
2122 2046 2256 2090 perspi-

1275 2107 1376 2127 cuum
1403 2100 1472 2134 est,
1514 2091 1604 2126 hanc
1630 2092 1894 2138 philosophiam
1927 2102 1960 2128 et
1991 2097 2170 2140 politicam
2202 2108 2255 2129 sa-

1274 2145 1463 2189 pientiam,
1490 2157 1578 2190 quae
1597 2158 1674 2177 cum
1691 2146 1764 2189 lege
1782 2145 1848 2178 Dei
1870 2147 1911 2180 de
1937 2148 2086 2181 externis
2110 2147 2256 2180 actioni-

1273 2197 1337 2229 bus
1357 2196 1539 2240 congruit,
1568 2209 1639 2229 non
1657 2198 1894 2230 danmandam
1914 2211 1996 2231 csse.

1377 2248 1445 2281 Sed
1460 2260 1598 2281 necesse
1620 2254 1669 2280 est
1689 2254 1780 2280 recte
1799 2249 1948 2281 discerni
1973 2261 2098 2293 genera
2125 2249 2255 2282 doctri-

1275 2311 1421 2339 narum,
1462 2299 1573 2342 legem
1600 2305 1632 2331 ct
1658 2298 1908 2343 Evangelimn,
1948 2306 1986 2333 ut
2007 2301 2089 2332 alibi
2114 2301 2254 2344 copiose

1275 2351 1413 2383 dicitur.
1483 2350 1554 2383 Has
1588 2351 1847 2383 admonitiones
1880 2352 1992 2390 addo,
2031 2358 2069 2384 nt
2100 2352 2254 2386 iuniores

1275 2402 1516 2441 considerent,
1545 2402 1605 2447 qni
1627 2401 1696 2434 sint
1720 2402 1792 2434 veri
1818 2402 1929 2435 sontes
1953 2399 2199 2446 philosophiae
2221 2409 2253 2436 et

1275 2459 1447 2498 quatenus
1464 2453 1647 2496 probanda
1667 2453 1729 2492 sit,
1758 2458 1790 2485 et
1806 2459 1897 2485 recte
1916 2453 2118 2486 discernant
2141 2454 2250 2498 legem

1274 2511 1306 2537 et
1330 2503 1575 2547 Evangelium.
1641 2503 1703 2537 Est
1730 2503 1821 2536 enim
1849 2501 2071 2548 philosophia
2108 2504 2251 2538 moralis

1272 2555 1442 2599 particula
1461 2555 1545 2598 legis
1561 2555 1701 2587 divinae
1726 2555 1768 2587 de
1793 2557 1942 2589 externis
1966 2553 2122 2590 honestis
2146 2555 2252 2589 actio·

1272 2607 1393 2645 nibus,
1423 2618 1618 2649 congruens
1636 2618 1713 2638 cnm
1734 2606 1807 2649 lege
1826 2606 1958 2642 divina.

1374 2656 1462 2690 Cum
1481 2664 1596 2690 autem
1613 2657 1654 2689 ad
1674 2659 1843 2700 regendas
1865 2659 2019 2692 actiones
2040 2664 2134 2690 recta
2159 2656 2250 2701 cogi-

1271 2707 1358 2740 tatio
1375 2714 1408 2740 et
1425 2708 1566 2753 quidem
1584 2714 1715 2741 attenta
1732 2709 1981 2751 consideratio,
2000 2715 2033 2743 et
2047 2709 2148 2742 sortis
2164 2708 2250 2740 ima-
