2347 3000
41 157 112 193 109
598 151 622 186 Ι.

42 257 144 283 usus,
173 249 211 276 ut
236 243 278 275 ad
296 241 420 274 Missas
438 251 502 283 pro
520 238 688 277 mortuis,
718 243 751 270 et
777 236 924 274 similia,
952 247 1024 267 uon

43 301 189 340 possunt
213 293 334 338 repeti.
394 291 575 329 Primum,
618 289 698 334 quia
736 294 901 321 tenentur
929 298 1027 331 prae-

41 347 243 390 scriptione,
272 356 341 389 qua
357 343 499 381 violata,
523 341 643 386 quales
661 340 890 384 direptiones,
909 337 1026 383 qualia

43 399 132 430 bella
148 398 265 429 sutura
286 400 396 428 esseut
412 393 423 426 2'
462 392 524 426 Est
543 391 648 435 igitur
666 392 719 423 vel
738 391 890 423 maxiuu·
909 390 942 421 iu
961 387 1028 421 boe

43 461 136 487 casu,
163 447 217 479 vel
236 445 501 491 tranquillitatis
522 443 681 487 publicae
701 455 817 481 causa,
842 441 1026 473 retinenda

44 501 95 533 vis
113 496 411 543 praescriptionis.
456 496 634 529 Secundo:
664 494 736 526 Lex
756 493 864 535 magis
883 491 1027 525 domina

44 557 95 584 est
114 562 232 582 rerum
252 555 453 581 nostrarum
467 574 475 586 ,
504 559 609 591 quam
626 543 789 578 homiues
807 543 953 588 privati:
980 547 1029 575 est

44 608 160 635 autem
186 600 415 633 constitutum
439 598 573 642 legibus
598 597 633 629 in
650 595 799 639 Digestis
812 594 857 640 82)
878 596 920 627 de
939 594 1029 636 lega-

45 653 107 691 tis,
134 658 171 684 ut
199 651 346 695 pecunia
374 650 561 683 constituta
585 649 628 679 ad
649 647 865 691 spectacula,
893 643 1031 678 etiamsi

47 709 201 736 mutetur
221 716 315 741 mos,
344 708 553 734 tamennon
578 699 687 743 possit
706 698 836 741 repeti,
864 698 923 729 sed
949 708 1031 728 cou-

46 755 215 787 xcrteuda
238 754 282 787 sit
308 753 342 785 in
361 753 449 785 alios
471 763 553 784 usus
570 749 740 794 publicos.
794 747 844 780 lta
861 747 1032 780 Ecclesia—

47 819 125 839 rum
142 806 235 838 bona
253 805 421 837 collocata
441 809 541 834 autea
565 802 608 833 ad
626 801 774 839 abusus,
802 812 896 832 nunc
921 805 1033 831 traus-

47 857 130 890 ferri
150 857 324 889 debebant
341 855 384 886 ad
402 866 503 886 veros
522 865 625 892 usus,
653 850 719 884 hoc
735 858 796 891 est,
825 852 867 883 ad
888 851 1033 883 alendos

48 908 227 940 ministros
250 905 455 947 Evangelii,
485 905 528 936 ad
553 904 698 936 alendos
721 903 916 941 studiosos,
947 913 1034 947 quo-

47 971 124 992 rum
148 958 261 991 studia
286 970 326 989 eo
352 956 526 989 destinata
553 961 654 994 suut,
681 961 719 987 ut
743 954 899 987 serviant
918 953 1036 985 Eccle-

47 1010 135 1049 siae,
165 1009 247 1041 item
265 1008 464 1041 adiuvanda
483 1007 598 1039 studia
618 1006 716 1039 utilia
733 1005 922 1038 Ecclesiae.

48 1097 106 1131 Λη
123 1095 221 1140 leyes
240 1093 382 1134 civiles,
411 1091 479 1125 hoc
495 1095 565 1134 est,
593 1089 721 1125 edicta
745 1091 1039 1136 magistratuum

120 1153 288 1188 civilium
308 1152 469 1194 violare,
499 1153 549 1185 sit
564 1155 765 1195 peccatum
782 1146 967 1184 mortale?

151 1220 273 1252 Virtus
290 1217 404 1264 ἠθικὴ
429 1218 603 1261 significat
630 1231 703 1250 non
728 1224 865 1250 tantum
882 1215 967 1248 soris
983 1227 1040 1247 co-

50 1273 195 1307 hercere
216 1283 360 1309 manus,
388 1276 422 1301 et
445 1275 606 1302 externas
626 1269 780 1301 actiones
806 1279 946 1309 regere,
981 1266 1040 1298 sed

53 1325 158 1357 etiam
178 1321 329 1367 requirit
346 1321 383 1352 111
401 1320 520 1352 animo
540 1318 773 1365 προαίρεσιν,
798 1317 866 1351 hoc
886 1324 954 1356 est,
983 1317 1041 1348 de-

56 1374 302 1408 liberationem
330 1385 368 1403 ac
392 1371 567 1403 rationem
597 1371 750 1407 consilii;
786 1369 911 1402 deinde
935 1364 1040 1413 ἦθος,

56 1428 90 1459 id
108 1432 169 1463 est,
197 1424 355 1456 animum
375 1423 619 1461 assuefactum,
644 1427 679 1453 ut
700 1419 861 1453 cohibeat.
879 1420 1041 1462 impetus,

57 1484 89 1509 et
106 1474 271 1508 adhibeat
288 1473 568 1505 moderationem
586 1473 765 1516 quandam
784 1472 828 1503 ad
845 1470 1042 1502 deliberan-

57 1530 153 1560 dum.
206 1525 280 1557 Hae
297 1525 387 1556 duae
404 1536 457 1556 res
475 1524 518 1555 ad
534 1523 680 1555 virtutes
698 1535 778 1555 vere
798 1521 1042 1566 requiruntur,

56 1585 89 1612 et
116 1576 329 1610 instituenda
353 1580 402 1607 est
428 1573 683 1613 adolescentia,
709 1580 748 1607 ut
774 1573 957 1617 utriusque
991 1571 1043 1603 rei

57 1630 128 1661 vim
146 1634 179 1660 et
196 1633 361 1659 naturam
381 1625 563 1669 intelligat.
616 1624 852 1664 Deliberant»,
887 1622 954 1656 hoc
981 1628 1042 1662 est,

56 1676 266 1726 προαίρεσις
294 1689 414 1710 causas
439 1683 472 1709 et
496 1676 652 1710 rationes
677 1676 836 1709 omnium
863 1675 1042 1707 actionum

57 1742 228 1777 quaerere
244 1735 277 1761 et
293 1728 486 1771 intelligere
504 1729 626 1767 debet,
653 1741 743 1774 quae
771 1727 930 1760 animum
959 1725 1043 1758 iuci-

58 1789 169 1816 tatuiu
186 1793 248 1813 ceu
264 1780 363 1812 freno
386 1777 571 1813 retrahunt
595 1779 631 1811 in
647 1780 754 1819 viam,
779 1785 813 1812 et
831 1783 1044 1817 monstrant,

58 1834 143 1880 quid
162 1832 206 1866 sit
223 1832 411 1875 agendum.

159 1884 227 1917 Sed
251 1881 387 1928 ἠθικὸν
413 1888 560 1915 vocatur
587 1881 644 1914 illa
679 1881 790 1914 animi
823 1881 1045 1922 assuefactio,

58 1935 310 1982 aequabilitas,
338 1933 534 1966 moderatio
551 1939 584 1966 et
611 1933 804 1973 cunctatio,
834 1946 902 1979 qua
927 1946 962 1967 se
989 1945 1046 1965 co-

59 1986 180 2021 hibere
209 1991 344 2030 potest,
375 1986 488 2018 donec
510 1985 703 2018 deliberata
729 1997 766 2017 re
789 1997 867 2017 cum
892 1985 1045 2030 quadam

60 2038 231 2073 suavitate
249 2037 353 2069 saciat
371 2037 425 2077 id,
454 2037 549 2082 quod
565 2036 798 2069 rectissimum
818 2043 879 2070 cst.

162 2089 251 2121 Cum
266 2088 372 2131 igitur
387 2100 524 2122 necesse
542 2088 585 2121 sit
609 2085 840 2121 honestarum
866 2086 1045 2120 actionum

61 2153 181 2174 causas
205 2139 421 2182 intelligere,
449 2152 523 2172 non
545 2139 627 2172 satis
652 2145 703 2172 est
726 2139 817 2182 leges
840 2151 962 2179 nosse,
988 2138 1045 2171 sed

62 2192 213 2225 maxime
231 2204 318 2235 opus
336 2197 386 2223 est
403 2191 446 2222 ad
470 2188 608 2236 ἠθικὴν
639 2190 805 2223 virtutem
828 2190 1047 2223 essiciendmu

62 2256 176 2283 nosse,
204 2254 293 2288 quae
310 2242 353 2275 sit
372 2242 488 2285 legum
508 2241 690 2281 autoritas,
719 2248 892 2286 quatenus
910 2253 1048 2274 necesse

63 2296 106 2329 sit
130 2295 177 2328 eis
201 2295 459 2337 obtemperare.
537 2292 610 2324 Hac
636 2293 796 2325 doctriua
821 2293 1050 2325 confirmatus

64 2346 203 2381 animus
217 2351 250 2378 et
266 2343 556 2377 honorificentius
572 2345 698 2376 sentiet
717 2345 758 2377 (le
774 2344 920 2387 legibus,
948 2350 982 2377 et
998 2343 1050 2375 in-

66 2398 212 2441 telliget,
241 2402 414 2442 quatenus
441 2396 483 2429 sit
509 2395 839 2439 obtempei-audiun.
892 2395 1052 2428 Pertinet

66 2449 171 2492 igitur
204 2448 248 2480 ad
277 2445 416 2493 ἠθικὴν
451 2447 618 2479 virtutem
652 2444 737 2479 haec
770 2446 975 2479 diiudicatio
1007 2447 1049 2479 de

66 2502 181 2543 legum
210 2498 411 2532 autoritate.

166 2550 327 2583 Primum
360 2549 466 2593 igitur
507 2549 725 2593 respondeo:
779 2547 923 2581 Violare
962 2548 1053 2590 leges

67 2603 195 2642 civiles,
220 2614 281 2635 seu
298 2600 407 2634 edicta
425 2600 695 2645 magistratuum
712 2599 881 2639 civilium,
909 2605 957 2633 est
976 2590 1054 2643 pec-

100 2728 148 2755 82)
166 2727 271 2757 Digest.
288 2727 414 2751 xxxm.
434 2727 474 2751 tit.
491 2727 515 2752 2.
537 2727 597 2758 lege
614 2727 652 2751 16.
674 2725 770 2757 (corp.
789 2725 837 2749 tur.
853 2724 904 2749 civ.
920 2724 961 2750 ed.
976 2725 1055 2750 Beck.

136 2763 165 2786 T.
184 2761 202 2785 1.
223 2761 252 2786 P.
271 2762 303 2786 11.
324 2769 348 2791 p.
368 2760 451 2792 2⁰9).

668 148 1017 184 PHILOSOPHLOE
1044 144 1255 182 MORALIS
1281 141 1508 178 EPITOME.

1994 137 2065 168 110

1081 240 1194 266 catum
1212 231 1382 269 mortale,
1410 228 1514 261 etiam
1535 232 1629 259 extra
1647 236 1765 258 casum
1785 222 1952 259 scandali,
1983 222 2065 266 quia

1081 286 1211 317 Paulus
1228 285 1318 316 clare
1337 280 1554 325 ‹licitffimm
1574 278 1632 317 13,
1649 275 1718 321 5.)·.
1748 276 1894 309 Necesse
1916 279 1961 306 est
1985 273 2066 303 obe-

1081 336 1155 368 dire
1173 348 1246 368 uon
1271 335 1383 368 solum
1411 337 1556 377 propter
1581 329 1689 367 iram,
1717 325 1899 360 sedetiam
1921 330 2066 368 propter

1081 386 1346 425 conscientiam,
1371 383 1437 417 boe
1456 389 1517 421 est,
1535 393 1607 413 nou
1625 380 1737 413 solum
1756 377 1892 410 civilem
1913 387 2065 419 poenam

1082 438 1289 475 timeamus,
1324 438 1382 470 sed
1408 435 1514 468 etiam
1539 432 1688 466 sciamus
1719 427 1970 462 conscientiam
1992 426 2066 458 sieri

1082 502 1199 527 ream,
1239 488 1266 521 si
1301 500 1373 519 uon
1406 487 1701 528 obtemperemus.
1766 480 1839 513 lain
1874 484 1923 511 est
1953 478 2068 509 bonae

1082 540 1209 573 mentis
1222 565 1230 578 ,
1265 538 1487 571 considerare
1517 541 1689 581 quantum
1715 532 1759 566 sit
1790 529 1857 564 hoc
1887 528 2067 561 xiuculum

1084 590 1304 624 obedientiae.
1322 596 1355 622 et
1373 588 1531 632 publicae
1550 583 1829 630 tranquillitatis,
1851 582 1945 626 quod
1965 579 2068 611 etiam

1084 644 1178 675 Deus
1195 641 1363 686 requirit,
1390 645 1427 672 ut
1443 638 1576 681 legibus
1594 633 1912 682 et·*magistratibus
1937 632 2071 663 obtem-

1086 706 1259 739 perennis.

1186 744 1231 777 Et
1248 748 1395 776 testatur
1410 753 1445 775 se
1463 739 1638 772 xindicem
1664 738 1759 775 fore,
1787 737 1814 770 si
1840 748 1911 768 non
1939 735 2073 766 obteru-

1088 808 1263 842 peremus,
1326 793 1371 826 Et
1396 792 1537 838 quidem
1563 789 1666 834 punit
1691 788 1805 827 Deus,
1844 799 1923 819 cum
1950 786 1985 817 111
2008 782 2073 817 hac

1088 849 1171 885 vita,
1190 854 1264 879 tum
1283 851 1357 889 post
1377 842 1468 876 baur
1487 856 1499 874 x
1512 843 1608 879 itam,
1627 840 1714 873 sicut
1738 845 1772 871 et
1788 843 1954 882 quartum
1974 847 2074 880 prae—

1089 905 1228 943 ceptum
1246 899 1288 930 de
1305 895 1428 940 poenis
1447 895 1482 926 iu
1506 892 1571 925 bac
1588 892 1659 924 xita
1684 889 1842 935 loquitur
1867 887 1996 933 (Exod.
2014 887 2074 923 20,

1091 950 1183 995 12.):
1201 949 1236 982 Si
1252 948 1302 981 vis
1318 960 1389 980 esse
1408 947 1599 988 longaevus
1617 954 1721 987 super
1740 948 1872 973 terrain
1891 946 1954 971 etc.
1983 938 2074 971 {Natu

1092 1003 1125 1035 id
1148 1005 1373 1046 praeceptum
1393 999 1434 1030 de.
1453 994 1651 1030 obedientia
1672 991 1843 1038 praecipit
1860 1003 1933 1022 non
1949 989 2076 1024 solum,

1091 1060 1126 1087 ut
1148 1051 1365 1097 parentibus,
1382 1051 1441 1083 sed
1460 1047 1635 1083 omnibus,
1653 1044 1779 1090 quibus
1798 1048 1961 1087 parentes
1977 1052 2075 1073 suam

1092 1104 1319 1138 autoritatem
1336 1102 1508 1137 tribuunt,
1526 1098 1687 1130 videlicet
1703 1093 1978 1138 magistratibus,
1997 1092 2077 1123 obe-

1093 1157 1242 1189 diamus.
1294 1152 1377 1186 Ideo
1396 1159 1429 1185 et
1450 1151 1538 1184 aliae
1560 1150 1692 1182 multae
1718 1145 1912 1180 sententiae
1934 1144 1971 1176 iu
1995 1142 2078 1175 scri-

1094 1207 1205 1252 pturis
1222 1205 1479 1238 concionantur
1489 1203 1530 1235 de
1549 1200 1684 1244 poeuis,
1704 1199 1738 1231 111
1756 1196 1821 1230 hac
1840 1196 1909 1228 vita
1928 1193 2078 1228 luendis,

1094 1265 1131 1292 ut
1148 1257 1318 1290 Proverb.
1336 1254 1403 1294 24,
1425 1254 1501 1299 (21.
1521 1252 1616 1298 22)
1647 1251 1750 1283 Time
1766 1248 1880 1282 Deum
1900 1254 1932 1280 et
1948 1258 2078 1289 regem,

1095 1316 1127 1342 et
1144 1322 1222 1342 cum
1239 1307 1411 1341 seditiosis
1428 1318 1470 1338 ne
1489 1301 1760 1340 commiscearis,
1776 1300 1857 1345 quia
1875 1299 1942 1331 cito
1955 1309 2077 1331 eorum

1095 1361 1212 1392 veniet
1242 1358 1416 1390 interitus.
1469 1355 1513 1388 Et
1540 1352 1699 1387 Christus
1722 1351 1839 1396 iuquit
1857 1347 2000 1395 (NL-iub.
2018 1347 2079 1383 26,

1095 1410 1190 1455 52.);
1220 1409 1291 1454 Qui
1308 1408 1463 1452 gladium
1480 1405 1663 1449 acceperit,
1681 1403 1796 1447 gladio
1821 1402 1961 1446 peribit.
1987 1400 2077 1434 Bam

1095 1461 1251 1506 gladium
1269 1460 1425 1502 accipere
1450 1457 1621 1500 signifieat
1649 1454 1804 1498 accipere
1829 1453 1983 1495 gladium
2008 1463 2080 1482 nou

1095 1515 1218 1546 datum
1237 1524 1254 1543 a
1276 1511 1408 1554 legibus
1423 1515 1456 1541 et
1473 1506 1755 1550 magistratibus,
1784 1504 1819 1536 id
1845 1510 1913 1543 est,
1940 1502 2080 1535 seditio-

1095 1577 1172 1598 sum
1189 1575 1280 1602 csse,
1309 1568 1342 1594 et
1358 1573 1431 1593 non
1450 1559 1593 1592 obedire
1610 1555 1852 1602 praesentibus
1868 1552 2081 1598 magistrati-

1095 1617 1170 1649 bus.
1232 1614 1277 1647 Et
1296 1625 1370 1645 non
1387 1612 1500 1645 solum
1519 1610 1677 1653 exempla
1696 1609 1732 1640 in
1750 1606 1857 1641 sacris
1873 1605 1983 1639 literis
2003 1616 2081 1648 pro-

1098 1667 1230 1712 posita,
1264 1666 1325 1698 sed
1356 1664 1461 1697 etiam
1494 1661 1655 1695 omnium
1688 1666 1890 1703 temporum
1914 1655 2081 1690 historia(-

1096 1723 1289 1756 testantur,
1317 1715 1485 1749 divinitus
1501 1714 1545 1746 ad
1563 1724 1696 1757 poenas
1719 1707 1853 1743 retrahi
1872 1710 1907 1741 in
1929 1707 1993 1741 bac
2012 1707 2080 1738 xita

1097 1771 1306 1815 plerumque
1330 1765 1547 1805 homicidas,
1580 1765 1692 1803 sures,
1727 1762 1908 1806 periuros,
1935 1759 2083 1792 iniustos

1098 1821 1248 1859 iudices,
1276 1818 1479 1857 seditiosos,
1507 1823 1690 1862 tyrannos.
1743 1814 1838 1846 Haec
1854 1825 1894 1845 eo
1912 1811 2010 1849 dico,
2047 1816 2081 1841 ut

1098 1873 1249 1907 sciamus
1275 1870 1390 1903 Deum
1415 1867 1505 1902 hanc
1530 1863 1792 1914 παιδαγωγίαν
1818 1863 2018 1909 requirere,
2047 1868 2082 1892 ut

1099 1930 1196 1957 metu
1212 1934 1408 1967 poenarum
1429 1918 1682 1953 coherceantur
1702 1915 1875 1950 homines.

1200 1974 1247 2006 Et
1262 1972 1318 2006 hic
1343 1979 1457 2006 metus
1479 1971 1541 2003 alit
1559 1968 1794 2002 reverentiam
1815 1978 1895 2011 erga
1914 1966 2026 2008 leges,
2053 1971 2082 1996 et

1102 2024 1236 2072 ἠθικὸν
1256 2025 1360 2057 efficit
1378 2022 1577 2061 inanimis,
1606 2034 1683 2053 cum
1702 2020 1797 2052 vetut
1815 2020 1954 2051 frenum
1974 2016 2083 2048 iuii‹·it

1102 2077 1373 2121 cupiditatibus,
1415 2081 1449 2107 et
1482 2075 1526 2106 ad
1564 2071 1803 2105 obedientiam
1840 2068 2086 2103 assuefaciunt.

1100 2129 1173 2162 Nee
1191 2128 1337 2161 dubium
1355 2133 1425 2166 est,
1453 2125 1538 2170 quin
1553 2124 1653 2156 multi
1672 2123 1788 2156 tristes
1804 2134 1903 2154 casus
1919 2121 1986 2153 siut
2005 2132 2086 2163 poe-

1102 2192 1168 2213 nae
1188 2177 1292 2213 11111115
1313 2177 1521 2211 barbaricae
1544 2175 1737 2213 libertatis,
1765 2186 1871 2218 quam
1898 2172 1962 2205 sibi
1986 2170 2085 2202 multi

1102 2237 1273 2270 sumunt„
1300 2243 1364 2262 uec
1387 2229 1512 2262 volunt
1535 2227 1725 2260 autoritate
1751 2224 1973 2268 superiorum
2004 2222 2088 2263 regi.

1102 2283 1194 2317 Nam
1212 2283 1266 2314 lex
1283 2281 1403 2314 dixina
1418 2292 1492 2312 non
1510 2279 1610 2318 fallit,
1639 2290 1728 2322 quae
1750 2275 1863 2320 iuquit
1882 2274 2011 2319 (Exod.
2028 2272 2089 2308 20,

1106 2333 1200 2379 12.);
1229 2333 1375 2366 Honora
1398 2338 1532 2376 patrem
1551 2337 1581 2362 et
1601 2335 1771 2366 matrem,
1806 2327 1833 2359 si
1852 2326 1901 2359 xis
1919 2338 1992 2359 esse
2013 2326 2088 2357 lon-

1104 2398 1233 2429 gaevus
1251 2396 1356 2429 super
1373 2390 1517 2416 terram.
1570 2381 1708 2413 Deinde
1724 2377 1839 2410 maior
1861 2378 1966 2410 etiam
1992 2389 2089 2409 rexe—

1105 2437 1219 2470 tentia
1238 2435 1353 2469 existit
1369 2435 1405 2467 in
1424 2433 1568 2471 animis,
1597 2444 1675 2464 cum
1693 2429 1868 2462 credimus
1896 2435 1973 2473 post
1999 2426 2089 2461 lianc

1106 2488 1215 2520 vitam
1243 2487 1397 2520 aeternis
1424 2485 1550 2530 poenis
1576 2482 1805 2515 xiolationem
1825 2481 1941 2524 legum
1958 2480 2091 2524 puniri,

1106 2539 1174 2572 uisi
1198 2538 1455 2582 resipiscamus.
1525 2536 1641 2568 Debet
1668 2540 1782 2566 autem
1808 2530 1894 2564 baec
1916 2532 2089 2565 sententia

1107 2592 1150 2624 de
1166 2590 1434 2633 magistratuum
1455 2586 1574 2620 edictis
1592 2586 1784 2630 prudenter
1801 2583 1968 2627 intelligi,
2003 2583 2091 2615 scili-

1109 2648 1161 2675 cet
1179 2643 1220 2674 de
1240 2639 1292 2674 1115
1310 2639 1451 2677 edictis,
1476 2650 1565 2684 quae
1588 2650 1662 2670 non
1686 2637 1807 2669 iubent
1830 2636 1943 2667 facere
1969 2641 2090 2666 contra

1108 2694 1275 2726 mandata
1294 2691 1372 2724 Dei.
1425 2690 1488 2724 Est
1503 2696 1537 2723 et
1553 2689 1758 2727 videndum,
1775 2699 1820 2719 au
1838 2686 1882 2720 sit
1897 2685 2090 2730 petulantia

1110 2744 1147 2777 in
1171 2743 1245 2784 his,
1279 2743 1338 2789 qui
1362 2754 1436 2776 non
1454 2741 1648 2781 obediunt,
1682 2751 1726 2772 an
1744 2737 1932 2772 inciderint
1955 2737 2093 2781 aliquae
