2347 3000
221 107 296 142 999

441 193 499 228 De
528 194 670 228 tertio
699 192 996 238 praeiudicio.

330 268 500 313 Quaestio
519 269 612 313 apud
630 268 838 301 Ciceronem
855 266 1029 309 significat
1045 263 1218 298 iudicium

227 319 408 365 publicum
427 322 468 353 de.
487 333 523 352 re
542 319 702 363 capitali,
727 318 762 351 id
787 317 914 363 estw),
950 316 1219 362 inquisitionem

230 372 285 404 vel
295 370 341 417 Π)
365 372 406 403 de
423 373 533 409 sacto,
560 370 615 402 vel
638 370 680 403 de
704 369 799 409 iure,
836 381 882 402 an
904 368 1032 414 aliquis
1056 368 1100 401 sit
1127 379 1220 407 reus,

230 422 336 462 item,
363 434 409 455 an
436 434 514 455 reus
539 419 668 453 babeat
693 421 849 466 aliquam
875 419 1159 458 excusationem,
1187 424 1221 450 et

232 474 269 506 in
286 473 470 506 Pandectis
488 472 665 505 interdum
690 472 738 505 sic
763 478 966 516 usurpatur.
1028 471 1097 502 Sed
1122 470 1156 502 in
1180 469 1221 501 ti-

232 525 306 557 tulo
330 525 372 556 de
396 523 662 568 quaestionibus
679 523 725 569 τθ’)
756 523 929 567 significat
953 521 1221 567 inquisitionem

233 587 296 619 per
312 581 488 607 tormenta
509 573 583 619 (ein
610 572 760 608 scbarffe
784 574 910 619 frage).
972 574 1040 606 Sed
1058 571 1125 605 boc
1143 572 1221 604 loco

233 626 327 669 apud
345 625 553 659 Ciceronem
578 626 645 658 alia
671 631 722 659 est
745 625 974 669 significatio,
1008 624 1097 657 sicut
1119 634 1222 667 saepe

233 677 336 714 alias;
365 683 503 710 tantum
518 676 611 709 enim
631 683 823 721 usurpatur
841 690 904 720 pro
922 676 1050 709 iudicio
1069 675 1223 719 publico.

233 728 433 760 Decernere
453 727 696 772 quaestionem
715 734 765 761 est
781 729 1014 766 constituere,
1038 733 1077 759 111
1095 726 1145 759 rei
1164 738 1224 758 vo-

235 785 358 811 centur
376 778 411 810 in
431 779 601 812 iudicium
626 785 660 811 01
683 779 897 823 puniantur,
930 784 969 811 ut
988 777 1158 811 Octavius
1177 777 1224 809 le-

235 842 313 874 gem
333 830 412 862 tulit
429 831 471 863 de
492 830 698 876 quaestione
717 828 878 863 habenda
904 829 939 861 in
964 842 1041 869 eos,
1070 840 1223 874 quorum

236 893 345 926 opera
380 881 509 915 Caesar
540 882 673 915 occisus
706 888 791 915 erat.
859 882 1076 926 Plerumque
1106 886 1222 913 autem

236 931 443 978 quaestione
465 934 606 966 decreta
631 939 768 966 tantum
788 934 830 965 de
856 933 947 965 sacto
974 932 1226 977 quaerebatur,

235 990 275 1017 ut
291 996 370 1016 cmn
388 984 546 1029 quaestio
563 982 756 1017 haberetur
778 984 813 1015 in
838 996 916 1023 005,
944 983 1006 1028 qui
1020 980 1226 1015 Bacchana-

235 1035 327 1068 libus
360 1035 491 1068 initiati
522 1041 624 1068 erant
639 1035 696 1080 79).
766 1033 838 1067 Iam
864 1047 920 1068 res
944 1036 1112 1067 damnata
1139 1039 1226 1072 erat,

235 1091 375 1118 tantum
411 1098 585 1130 personae
622 1085 913 1130 inquirebantur,
965 1091 999 1117 et
1033 1084 1226 1130 quaereba-

236 1136 349 1184 tur⁸⁰)
365 1138 407 1170 de
424 1138 516 1170 facto
529 1164 538 1177 ,
565 1137 715 1177 scilicet,
742 1137 803 1182 qui
821 1142 936 1170 essent
955 1135 1097 1170 initiati.
1144 1134 1226 1167 Ideo

236 1200 330 1220 nova
348 1188 555 1233 quaestione
578 1189 740 1228 decreta,
768 1188 899 1232 species
920 1187 994 1232 ipsa
1014 1198 1227 1231 praegrava—

235 1239 296 1271 bat
311 1239 505 1279 Milonem,
533 1239 634 1285 quasi
653 1239 846 1283 Pompeius
865 1251 939 1271 rem
958 1240 1171 1277 damnasset,
1194 1243 1229 1269 et

237 1297 376 1323 tantum
393 1297 577 1336 quaereret
596 1291 853 1324 consessionem
870 1291 963 1324 sacti.
1007 1289 1090 1323 Ideo
1103 1289 1227 1322 Cicero

235 1342 375 1385 mitigat
398 1340 466 1375 hoc
489 1342 768 1386 praeiudicium,
797 1349 830 1375 et
846 1341 1022 1386 disputat,
1051 1340 1229 1387 quaestio-

236 1404 317 1425 nem
344 1405 417 1425 non
442 1394 484 1425 de
507 1394 600 1426 sacto
626 1400 762 1426 tantum
788 1391 931 1433 haberi,
967 1394 1027 1426 sed
1054 1392 1160 1424 etiam
1186 1392 1228 1424 (10

237 1444 324 1477 iure.
399 1444 582 1484 Secundo,
622 1445 703 1489 quia
736 1444 929 1488 Pompeius
961 1450 1037 1476 erat
1070 1449 1229 1476 armatus

237 1495 350 1527 atroci
366 1496 672 1528 senatusconsulto
686 1522 695 1535 ,
724 1497 824 1528 daret
841 1496 964 1528 consul
989 1507 1156 1539 operam,
1184 1507 1228 1526 ne

238 1546 323 1590 quid
340 1547 535 1590 respublica
554 1547 759 1580 detrimenti
777 1547 984 1592 caperetffl).
1023 1546 1122 1586 ltem,
1145 1545 1227 1591 quia

236 1597 364 1630 Miloni
384 1611 464 1630 vere
475 1597 520 1643 82)
539 1598 681 1637 oberat,
712 1599 806 1642 quod
826 1611 878 1631 res
893 1611 967 1630 non
995 1598 1229 1641 cognosceba-

237 1655 295 1681 tur
314 1649 497 1681 ordinario
515 1650 644 1689 modo,
673 1649 795 1681 Cicero
816 1649 913 1681 addit
937 1660 1080 1693 graxem
1105 1660 1229 1693 quere-

235 1700 308 1732 lam
326 1701 368 1732 de
386 1712 479 1732 nova
497 1700 706 1745 quaestione
725 1693 935 1739 constituta,
972 1706 1005 1732 et
1021 1699 1155 1742 colligit
1173 1711 1229 1731 ex-

237 1751 373 1794 empla,
402 1763 492 1796 quae
522 1752 713 1783 ostendunt
737 1751 940 1784 clarissimis
965 1751 1098 1784 cixibus
1122 1750 1229 1782 inter-

236 1802 333 1835 sectis
364 1814 438 1834 rem
466 1808 606 1835 tantum
631 1803 675 1835 ad
703 1802 885 1835 ordi11aria
909 1801 1038 1835 iudicia
1062 1802 1229 1834 reiectam

236 1853 377 1898 055083).
982 1853 985 1856 ’

339 1919 424 1964 Cap.
440 1918 499 1953 VI.
531 1918 560 1964 Q.
581 1920 638 1955 14.
669 1922 762 1963 Quod
784 1922 814 1954 εἰ
836 1918 917 1967 per]
953 1919 1010 1953 III.
1038 1919 1229 1963 Mitigatio.

237 1972 330 2012 Quod
344 1969 526 2018 sentiebat]
550 1971 586 2004 id
605 1978 677 2012 est,
704 1979 744 2005 ut
761 1985 817 2005 res
835 1973 878 2004 ad
894 1972 1022 2004 iudicia
1041 1971 1230 2003 reiiceren-

236 2028 304 2055 tur.
382 2025 512 2056 Novum
535 2021 778 2069 quczestz'onem]
814 2023 849 2055 id
875 2029 944 2063 est,
982 2035 1114 2055 novum
1140 2021 1231 2054 iudi-

236 2073 341 2106 cium.
438 2072 668 2120 Decernebat]
705 2074 835 2107 scilicet
861 2080 1014 2107 senatus.
1115 2076 1230 2106 limo-a

236 2123 407 2171 ordinem]
437 2125 472 2157 id
501 2131 570 2164 est,
607 2138 680 2157 non
705 2125 853 2158 servatis
882 2131 1082 2169 temporum
1108 2124 1229 2157 discri-

235 2175 403 2210 minibus.
479 2178 603 2210 Divisa
629 2174 815 2223 sententia]
855 2176 886 2208 id
911 2183 979 2216 est,
1015 2175 1228 2208 nominatim

272 2312 321 2340 76)
342 2311 368 2335 id
388 2313 443 2341 est]
463 2311 502 2335 sic
520 2312 604 2335 Editt.
621 2311 713 2337 1553..
736 2313 826 2337 1554.:
847 2311 894 2334 Ed.
915 2311 988 2333 1568.
1006 2311 1031 2334 h.
1047 2317 1069 2333 e.
1088 2308 1150 2341 (hoc
1164 2311 1229 2339 est).

273 2355 321 2383 77)
341 2356 401 2385 vel]
421 2355 462 2379 sic
481 2356 529 2379 Ed.
548 2355 638 2385 1568.;
665 2355 689 2377 in
710 2354 900 2379 Editt.1553..
923 2355 995 2376 155⁴.
1016 2354 1101 2378 deest.

273 2398 321 2426 73)
340 2399 445 2429 Digest.
464 2393 587 2423 XLVIII.
607 2398 648 2422 tit.
668 2398 707 2422 18.
728 2398 760 2421 de
780 2397 993 2427 quaestionibus.

274 2442 322 2470 79)
342 2442 421 2465 Cous.
441 2442 544 2472 Pauly:
572 2442 638 2465 Real
651 2441 787 2471 -Envych
807 2442 835 2464 T.
852 2441 882 2466 11.
904 2447 928 2470 p.
947 2440 1013 2464 1070
1028 2447 1067 2469 sq.

271 2484 319 2509 80)
340 2485 536 2513 quaerebatur]
556 2484 594 2507 sie
614 2484 696 2507 Editt.
717 2483 806 2515 1553.,
830 2484 920 2512 1554.;
951 2483 998 2507 Ed.
1019 2483 1092 2506 1568.
1113 2488 1230 2512 quaere-

308 2519 413 2541 bantur,

271 2561 319 2587 81)
339 2560 417 2583 daret
435 2561 528 2583 consul
550 2573 582 2577 —
602 2561 737 2590 caperet]
757 2559 796 2583 sic
814 2560 863 2583 Ed.
880 2560 970 2590 1568.;
995 2559 1023 2583 in
1042 2559 1125 2583 Editt.
1144 2559 1229 2585 1553..

309 2594 381 2617 ¹554.
403 2595 468 2617 haec
488 2596 572 2617 verba
591 2595 696 2618 desunt.

271 2637 320 2665 82)
338 2638 419 2665 vere]
441 2637 480 2659 sic
501 2637 549 2661 Ed.
569 2638 659 2665 1568.;
685 2638 711 2661 in
733 2637 920 2665 Editt.1553..
942 2638 1016 2660 1554.
1036 2637 1121 2661 deest.

271 2680 320 2708 83)
340 2679 389 2702 His
410 2679 500 2701 verbis
521 2679 586 2702 haee
607 2680 710 2702 scholia
730 2680 754 2702 in
776 2679 858 2702 Editt.
878 2680 951 2704 ¹553.
964 2697 969 2703 .
992 2681 1066 2706 1552.
1085 2682 1148 2703 sunt
1168 2680 1230 2704 fini-

306 2716 351 2744 ta;
377 2714 518 2743 sequentia
540 2713 566 2736 in
586 2715 646 2738 sola
665 2715 715 2739 Ed.
734 2714 807 2738 1568.
827 2714 1011 2737 inveniuntur.

794 103 917 142 PHIL.
951 102 1065 141 MEL.
1098 100 1301 139 SCRIPTA
1333 100 1681 140 PHILOLOGICAI

2157 101 2255 140 1000

1272 189 1530 234 interrogatum
1557 197 1628 232 est,
1658 189 1745 237 quid
1771 189 1918 236 quisque,
1941 195 2099 223 censeret
2122 190 2164 222 de.
2190 190 2260 224 sin-

1272 242 1361 285 gulis
1381 241 1550 285 partibus·

1376 291 1406 336 Q.
1428 290 1486 326 15.
1514 295 1560 326 A!
1576 290 1685 339 enim]
1705 292 1867 325 Tertium
1885 290 2156 336 praeiudicium.
2223 294 2264 326 Ue

1273 340 1510 389 qemereretnr]
1540 343 1573 375 id
1598 350 1668 383 est,
1695 350 1735 376 ut
1758 343 1925 375 iudieium
1954 343 2131 386 publicum
2158 340 2265 375 liabe-

1275 400 1383 427 retur.
1463 396 1551 434 Quid
1564 392 1684 440 porro]
1715 394 1871 437 Mitigat:
1911 394 2003 426 llaec
2029 393 2188 438 quaestio
2214 399 2265 426 est

1275 446 1316 477 de
1344 445 1440 483 iure,
1470 456 1544 476 non
1569 446 1611 477 de.
1638 446 1742 478 sacto.
1832 448 1946 490 lVeque
1969 442 2105 491 quaeri]
2143 444 2176 475 id
2202 450 2264 483 est,

1274 509 1346 528 non
1365 495 1565 529 deduxisset
1583 508 1656 528 rem
1678 496 1714 528 in
1735 496 1916 528 iudicium.
1983 497 2123 530 Causam
2143 496 2267 528 inleri-

1274 545 1347 594 ffls]
1377 547 1411 579 id
1435 553 1506 587 est,
1535 547 1562 580 is
1585 548 1628 580 de
1655 547 1729 580 iure
1754 547 2030 591 disputationem
2055 544 2178 578 baberi
2205 558 2266 578 vo-

1276 599 1352 632 luit.

1379 648 1466 692 Cap.
1482 647 1555 682 VII.
1584 646 1614 692 Q.
1633 648 1691 682 16.
1725 651 1828 683 Domi
1852 646 1951 695 suae]
1987 647 2130 691 Colligit
2151 659 2266 680 exem-

1276 700 1346 744 pla.
1425 701 1529 733 Nulla
1545 698 1712 747 quaestio]
1741 701 1872 733 50111001
1888 712 2003 739 nova,
2029 696 2095 731 1100
2115 704 2184 738 est,
2210 710 2266 731 res

1278 757 1327 784 est
1344 750 1513 796 permissa
1532 751 1669 785 usitatis
1686 751 1836 785 iudiciis.

1381 800 1410 845 Q.
1428 802 1486 835 18.
1512 804 1590 835 Non
1603 802 1671 846 fult
1687 804 1770 836 illud
1783 803 1919 846 facinus
1933 798 2158 847 puniendum]
2187 799 2268 833 Clo-

1278 852 1373 885 diani
1393 853 1441 886 sic
1459 853 1661 897 disputant,
1688 855 1789 899 quasi
1806 855 1926 887 liceret
1944 852 2068 885 Clodio
2095 852 2132 884 in
2150 850 2267 895 Appia

1279 904 1334 936 via
1355 904 1578 944 latrocinari,
1603 906 1905 949 quemadmodum
1923 905 2039 937 vellet.

1382 954 1412 998 Q.
1434 955 1491 989 19.
1519 958 1559 989 In
1582 956 1640 988 illa
1658 954 1778 1002 cansa]
1802 957 1933 990 scilieet
1949 955 2008 989 ubi
2027 953 2200 998 Pompeio
2216 953 2269 985 in-

1278 1005 1426 1039 sidiatus
1449 1012 1499 1040 est
1524 1006 1680 1041 Clodius.
1757 1009 1939 1041 Hominum
1961 1003 2122 1053 consilia]
2152 1005 2186 1038 id
2206 1010 2270 1043 est,

1280 1063 1439 1090 conatus.

1383 1108 1468 1152 Cap.
1492 1106 1583 1142 VIII.
1618 1106 1648 1151 Q.
1672 1108 1733 1142 20.
1782 1108 1935 1142 Coloniae
1950 1103 2024 1153 ⁸³¹)]
2059 1104 2271 1149 Metropolis

1281 1158 1382 1204 quasi
1401 1165 1515 1191 mater
1532 1158 1676 1192 urbium
1695 1171 1713 1191 a
1729 1158 1849 1204 μήτηρ
1862 1185 1869 1199 ,
1904 1158 1940 1190 id
1965 1164 2035 1197 est,
2068 1163 2203 1197 mater,
2238 1161 2272 1189 et

1280 1207 1400 1248 πολίς,
1428 1210 1464 1241 id
1480 1216 1550 1249 est,
1577 1210 1674 1244 urbs.
1728 1209 1898 1243 Coloniae
1916 1209 2118 1241 retinebant
2140 1207 2193 1241 ius
2214 1219 2270 1239 ca-

1280 1259 1401 1305 piendi
1425 1259 1582 1295 honores
1597 1260 1756 1301 Romae,
1783 1260 1818 1293 id
1836 1266 1905 1300 est,
1933 1258 2112 1293 habebant
2126 1258 2271 1303 privile-

1281 1312 1337 1356 gia
1353 1311 1531 1345 Romana.

1385 1363 1470 1408 Cap.
1492 1362 1550 1396 IX.
1593 1361 1623 1406 Q.
1643 1362 1704 1397 23.
1747 1360 1984 1409 Quamobrem]
2020 1360 2203 1395 Transitio
2236 1365 2271 1392 et

1283 1414 1441 1459 epilogus
1459 1414 1772 1458 praeiudiciorum.
1839 1416 2081 1459 Sapienterque
2096 1410 2271 1455 disceptet]

1284 1467 1316 1498 id
1335 1473 1404 1506 est,
1431 1466 1562 1499 iudicet
1575 1472 1681 1500 recte.
1759 1467 1937 1512 Reliquam
1952 1470 2000 1500 est
2018 1461 2165 1510 iudices]
2193 1474 2272 1509 κρι-

1282 1515 1454 1562 νόμενον.

1386 1567 1415 1612 Q.
1431 1567 1492 1603 24.
1519 1571 1559 1602 Ρ.
1575 1569 1707 1602 Clodius
1722 1581 1821 1614 quum
1839 1566 1901 1615 st]
1928 1565 2110 1601 Narratio.
2163 1563 2270 1597 Ordi-

1284 1626 1340 1652 tur
1360 1620 1605 1652 narrationem
1623 1631 1642 1651 a
1660 1632 1761 1652 causa
1788 1619 1979 1663 praecipua
2005 1617 2078 1650 odii
2102 1617 2268 1649 adversus

1284 1670 1456 1702 Milonem
1470 1697 1479 1709 ,
1508 1682 1618 1715 quare
1636 1670 1789 1703 voluerit
1808 1670 1883 1702 tolli
1901 1669 2088 1702 Milonem.

1386 1719 1415 1764 Q.
1435 1720 1496 1756 25.
1524 1722 1668 1756 Contulit
1683 1720 1737 1769 se]
1766 1721 1801 1753 id
1818 1728 1887 1762 est,
1914 1721 2059 1754 iuvabat
2082 1731 2141 1753 eos
2165 1731 2271 1763 pecu-

1283 1771 1361 1811 nia,
1387 1773 1520 1815 gratia,
1549 1780 1582 1805 et
1598 1773 1717 1806 multis
1736 1773 1869 1812 modis,
1897 1778 1937 1805 111
1953 1772 2010 1804 ille
2025 1771 2152 1804 Miloni
2171 1781 2271 1815 prae-

1282 1824 1445 1858 ferretur.
1527 1822 1669 1870 Tribus]
1698 1824 1733 1856 id
1753 1830 1819 1863 est,
1849 1824 2069 1856 convocabat
2086 1822 2271 1867 populum,

1283 1881 1315 1907 et
1334 1875 1565 1918 promittebat
1583 1875 1614 1907 ei
1629 1886 1664 1908 50
1682 1876 1790 1908 multa
1813 1876 1977 1907 daturum
1990 1901 1998 1914 ,
2033 1886 2076 1906 ne
2102 1873 2271 1917 eligerent

1283 1926 1457 1959 Milonem
1490 1926 1683 1960 consulem.
1786 1924 1911 1973 Homo]
1953 1926 2084 1959 scilicet
2115 1924 2270 1958 Clodius.

1285 1976 1534 2024 Certissimum]
1571 1978 1607 2010 id
1641 1984 1710 2018 est,
1751 1974 1846 2011 hand
1869 1977 1974 2011 dubie
1998 1977 2171 2010 Milonem
2196 1975 2273 2009 sieri

1283 2028 1475 2061 consulem.

1387 2078 1417 2122 Q.
1434 2079 1494 2114 26.
1516 2078 1701 2127 Favonius]
1731 2079 1882 2113 Senator
1899 2079 2084 2113 Romanus
2100 2085 2134 2112 et
2156 2077 2271 2111 imita-

1284 2137 1340 2163 tor
1364 2131 1521 2164 Catonis.
1588 2130 1736 2164 Flamen
1765 2132 1832 2165 suit
1863 2132 1958 2176 apud
1986 2137 2140 2170 veteres,
2183 2129 2271 2163 sicut

1284 2183 1377 2226 apud
1396 2195 1460 2216 nos
1480 2182 1663 2226 episeopus
1683 2190 1742 2216 aut
1760 2183 1962 2216 canonicus.

1386 2234 1471 2278 Cap.
1487 2234 1526 2266 X.
1552 2232 1580 2277 Q.
1595 2233 1656 2268 29.
1682 2237 1797 2281 lVeque
1813 2240 1989 2279 praesente
2004 2228 2154 2278 domino]
2170 2230 2271 2265 Servi

1284 2285 1534 2318 interfecerunt
1557 2285 1733 2319 Clodium.

1387 2336 1472 2381 Cap.
1490 2335 1547 2370 XI.
1577 2336 1605 2381 Q.
1619 2337 1677 2371 30.
1706 2340 1798 2372 Ilaec
1812 2335 1917 2384 sicut]
1941 2331 2187 2379 Epiphaneam
2209 2337 2271 2371 0⁵1,

1284 2388 1318 2419 in
1353 2400 1423 2432 quo
1457 2388 1584 2432 repetit
1612 2389 1913 2433 propositionem,
1955 2393 1989 2419 et
2014 2385 2112 2418 addit
2136 2383 2270 2429 praeci-

1283 2452 1391 2483 puum
1410 2439 1672 2484 syllogisnnnn,
1701 2447 1739 2473 ut
1762 2447 1881 2484 postea
1909 2437 2052 2471 accedat
2074 2437 2118 2469 ad
2143 2436 2270 2469 confir-

1285 2491 1476 2523 mationem
1495 2488 1728 2536 zptzfcilttbvov.

1386 2542 1471 2586 Cap.
1489 2541 1561 2575 Xll.
1591 2541 1619 2585 Q.
1639 2543 1698 2577 32.
1736 2543 1884 2582 Quonam
1910 2543 2015 2585 iyiiur
2034 2536 2148 2585 pacto]
2178 2537 2270 2571 Con-

1282 2594 1455 2627 firmatio:
1480 2594 1545 2627 Cui
1561 2594 1638 2638 plns
1655 2593 1875 2637 propositum
1897 2599 1947 2625 est
1963 2591 2155 2631 connnodi,
2175 2586 2268 2621 hunc

1316 2712 1363 2740 84)
1384 2713 1459 2735 Hanc
1479 2710 1535 2736 Cic.
1553 2715 1647 2734 vocem
1667 2709 1726 2731 huic
1746 2710 1826 2732 notae
1849 2708 1898 2738 ipsi
1920 2707 2125 2737 adscripsimus.
