2347 3000
196 145 268 182 575

197 235 282 267 lium
316 238 429 264 errata
463 228 646 261 toleranda
683 230 782 261 sunt,
827 229 864 254 ut
895 219 1102 253 Aristoteles
1135 218 1187 250 in-

198 285 273 331 quit
290 286 324 318 2.
345 281 589 327 politicorum,
617 276 789 321 quaedam
808 279 922 305 errata
943 273 1057 315 legum
1077 276 1109 303 ct
1126 282 1187 313 gu·-

198 338 428 369 lueruatorum
451 329 632 363 toleranda
651 325 775 371 esst·⁵).

301 385 368 418 Sed
402 390 518 415 tamen
543 377 730 411 discrimen
756 380 917 407 tem-‘dur
942 373 1033 405 inter
1067 378 1187 416 tyran-

199 450 282 471 uum
302 435 513 469 mediocrem
533 428 792 471 magistratum,
819 431 847 456 et
870 425 960 456 inter
978 430 1114 456 atroces
1135 422 1187 455 in-

201 489 325 526 iurias,
353 492 386 518 et
400 496 473 516 non
491 487 626 512 atroces
643 478 678 509 in
695 476 846 520 negotiis
861 475 1025 520 politicis.

301 540 354 570 Aa
385 546 456 568 cum
485 534 607 565 dictum
638 531 682 562 sit
714 527 815 572 (Luc.
835 527 869 565 6,
887 525 980 569 35.);
1028 527 1188 560 Mutuum

199 594 292 628 dale,
321 587 406 619 nihil
423 585 498 617 {mle
515 585 705 624 sperantes,
733 580 896 613 tollantur
919 581 1109 611 contractus
1132 579 1189 609 ἰη-

201 647 250 673 rer
267 631 502 672 Christianos?

303 688 390 720 Cum
409 696 514 728 supra
537 683 667 715 dictum
694 680 755 719 sit,
789 678 1051 711 distinctionem
1076 676 1190 709 domi-

200 741 342 774 niorum
377 737 452 769 iure
483 735 604 767 (livino
633 731 802 766 sancitam
825 742 896 762 esse
923 729 958 761 in
982 733 1188 773 praecepto:

201 793 280 828 Bon
307 791 440 822 furtum
462 786 586 824 facies,
629 790 662 816 et
684 789 801 815 tamen
827 779 910 813 haec
936 779 1005 812 vita
1031 779 1110 812 talis
1135 778 1190 817 sit,

200 850 236 876 ut
254 841 313 874 alii
330 839 480 873 aliorum
498 837 602 870 rebus
619 841 652 867 et
669 833 848 866 laboribus
868 831 1059 874 indigeant,
1085 841 1191 875 quae-

203 894 268 928 stio
287 898 356 931 est,
385 888 567 935 quomodo
585 887 645 919 siat
663 882 951 917 communicatio.

302 941 533 985 Respondeo:
559 937 616 971 Fit
641 948 701 980 per
720 940 920 967 contrzwtus
939 939 1033 965 certo
1053 930 1190 963 ordine.

202 993 374 1027 Vocabuli
393 990 551 1024 delinitio
574 988 701 1021 usitata
723 984 808 1019 hacc
835 984 1005 1016 traditur:
1041 982 1191 1015 Contra-

205 1054 278 1079 ctus
295 1051 346 1078 est
362 1044 456 1077 ultro
478 1041 636 1084 citroque
655 1036 843 1078 obligatio,
870 1042 945 1067 orta
965 1035 1008 1066 ab
1028 1045 1189 1077 expresso

205 1107 392 1130 consensu:
436 1105 496 1126 seu
528 1097 578 1124 est
603 1089 755 1131 legitima
786 1086 902 1129 pactio
927 1098 986 1118 seu
1010 1095 1191 1128 expressus

204 1158 411 1184 cousensus,
446 1156 486 1175 ex
514 1154 584 1186 quo
618 1140 731 1171 oritur
761 1136 950 1178 obligatio,
993 1134 1192 1178 germanice

205 1199 373 1241 banbtuug
397 1195 450 1226 wl
476 1192 683 1236 bemitligung
707 1189 760 1221 κεί
783 1187 1036 1230 nerpssidfiung,
1069 1196 1191 1228 graece

205 1248 448 1294 (ηἰέίλ).α)χιια
466 1257 483 1276 a
502 1244 605 1276 rebus
623 1252 713 1287 quae
735 1240 996 1271 transferuntur
1013 1236 1193 1281 utrinque,

207 1301 261 1332 xel
280 1310 368 1344 quae
387 1296 617 1329 conseruntur
633 1293 675 1325 ad
696 1290 978 1323 translationem.

310 1348 443 1382 [Tsitate
482 1352 599 1378 autem
633 1346 868 1377 numerantur
899 1344 1098 1372 contractus
1130 1349 1194 1369 no-

205 1414 301 1435 vem:
345 1398 496 1442 emptio,
534 1393 731 1432 mutuatio,
767 1391 932 1431 donatio,
965 1389 1194 1434 permutatio,

208 1452 494 1487 commodatum,
519 1446 670 1485 locatio,
705 1442 977 1489 oppignoratio,
1012 1437 1195 1486 ἕμᾳύτευ-

206 1516 278 1545 σις,
306 1500 518 1546 depositum.

549 1573 843 1608 Mutuatio.

308 1645 486 1682 Mutuatio
506 1651 552 1677 est
573 1647 791 1679 contractus,
815 1641 851 1672 in
869 1652 938 1684 quo
966 1637 1115 1683 pecunia
1140 1637 1193 1668 vel

209 1713 262 1734 res
280 1699 397 1737 utilis,
425 1696 521 1729 cuius
546 1707 626 1727 usus
646 1699 691 1725 est
715 1691 958 1734 consumptio,
984 1689 1195 1721 transfertur

209 1751 329 1795 gratis,
358 1747 460 1781 officii
478 1759 579 1779 causa
603 1745 636 1776 in
655 1744 818 1779 alterum,
848 1741 963 1786 quoad
984 1739 1194 1778 dominimu,

208 1791 264 1837 ξω]
292 1802 337 1834 ita
364 1806 401 1832 ut
426 1798 469 1831 sit
493 1796 685 1839 obligatus,
726 1799 764 1826 ut
786 1799 861 1837 post
887 1792 1031 1836 aliquod
1058 1797 1195 1835 tempus

210 1854 334 1887 reddat
364 1862 437 1883 non
467 1849 558 1880 idem
590 1846 795 1881 indixiduo,
837 1844 896 1876 sed
925 1843 1131 1875 tantundem
1159 1841 1195 1873 in

210 1914 378 1941 numen),
407 1900 564 1944 pondere
585 1903 617 1929 et
636 1907 812 1928 mensura.

211 1983 332 2022 Quare
356 1979 572 2011 inseruntur
597 1972 812 2017 particulae
842 1971 968 2016 gratis
1003 1972 1040 2002 et
1075 1965 1197 2015 officii

638 2020 778 2056 causa?

311 2094 540 2139 Respondeo:
585 2090 632 2123 Ut
658 2089 888 2122 exa-ludantur
913 2086 1094 2130 pactiones
1115 2098 1196 2119 usu-

210 2160 328 2182 rarum
342 2174 350 2187 ,
378 2152 410 2178 et
428 2142 667 2177 mutuationes
685 2141 888 2172 damnosae.

311 2197 374 2231 Est
398 2202 514 2228 autem
541 2203 666 2231 usura,
693 2191 851 2229 lucrum,
884 2188 979 2233 quod
1006 2187 1098 2220 ultra
1124 2199 1198 2220 sor-

213 2258 281 2283 tem
301 2247 433 2281 accedit
450 2251 596 2290 propter
615 2242 767 2275 osticium
788 2238 1032 2273 mutilationis.

314 2296 486 2332 Prohibet
504 2301 620 2328 autem
634 2294 688 2326 lex
704 2292 823 2325 divina
843 2297 961 2335 petere
983 2296 1015 2322 et
1040 2288 1197 2333 accipere

211 2363 374 2389 usuram,
402 2348 483 2394 quia
509 2358 586 2379 cum
611 2345 681 2377 vita
708 2343 781 2377 sine
808 2341 938 2374 mutuis
966 2340 1103 2373 auxiliis
1126 2352 1197 2373 esse

213 2414 285 2436 non
301 2400 430 2444 possit,
457 2399 551 2431 iuxta
569 2396 660 2429 dicta
678 2393 758 2439 χεὶρ
772 2394 878 2438 χεῖρα
896 2390 1031 2432 finnt,
1061 2388 1197 2425 δάκτυ-

213 2457 272 2490 λος
296 2449 333 2485 δὲ
358 2447 552 2484 δάκτυλον.
622 2443 741 2487 Σώζει
770 2442 808 2477 δὲ
834 2441 927 2487 ἀνὴρ
952 2440 1091 2487 ἄνδρα,
1136 2440 1195 2476 καὶ

211 2501 311 2540 πόλις
333 2498 496 2545 πόλινῦ),
532 2498 635 2537 item,
669 2494 783 2530 δεῖται
807 2491 915 2539 χερὸς
940 2490 1008 2537 μὲν
1032 2491 1110 2538 χεὶρ
1136 2490 1195 2526 καῖ

247 2603 276 2629 5]
297 2601 408 2624 Aristot.
430 2598 507 2621 Potit.
531 2596 592 2620 1.11.
612 2603 633 2619 c.
649 2597 672 2619 5.
714 2613 718 2618 .
736 2594 775 2617 13.
795 2594 836 2617 ed.
857 2593 951 2615 Stahr:
974 2590 1041 2614 ὅταν
1058 2590 1111 2623 γάρ
1131 2592 1149 2623 ,η’
1168 2590 1196 2614 τὸ

282 2633 332 2657 μὲν
351 2632 454 2664 βίλτιον
482 2630 594 2660 μικρὸν,
627 2628 655 2652 τό
677 2627 694 2651 δ
725 2627 823 2651 ἐθίζων
842 2624 958 2657 uilior-*¹4-
978 2624 1050 2649 λύειν
1069 2624 1131 2651 τούς
1149 2624 1196 2647 νό-

280 2661 347 2694 ’μηυς
368 2674 384 2698 ᾳ
393 2658 492 2689 asson,
519 2662 643 2694 ιμτνεςιὸν
662 2661 697 2687 (ἧς
717 2661 811 2685 ἐατέον
830 2660 904 2687 ἐνίας
923 2658 1060 2691 ὁμαρῐίας
1078 2659 1124 2682 καὶ
1143 2659 1197 2682 τῶν

279 2692 440 2726 ‘rouoesrnh‘
459 2697 503 2721 mc}
523 2697 577 2720 τῶν
595 2694 746 2727 ἀρχόντων.

246 2747 275 2774 6)
296 2744 373 2768 Cont‘.
393 2748 474 2771 supra
497 2748 520 2769 p.
538 2740 595 2762 ¹5⁴.

777 136 900 171 PHlL.
933 133 1046 168 MEL.
1082 131 1282 167 SCRIPTA
1318 129 1655 165 PHILOLOGICA.

2155 125 2228 161 576

1238 215 1329 256 ποὺς
1347 214 1470 256 ποδός.
1522 217 1607 250 Vult
1626 217 1722 251 Deus
1739 217 1774 249 in
1793 212 2071 248 commutatione
2093 213 2226 246 servari

1239 269 1488 313 aequalitatem
1515 269 1715 301 ordinatam
1742 269 1777 300 in
1804 264 2001 311 praeceptis
2020 261 2147 307 (Exod.
2166 264 2227 303 20,

1242 317 1451 363 13—15.):
1482 318 1562 352 Non
1582 320 1736 359 occides,
1762 319 1843 352 Non
1859 312 2120 353 moechaberis,
2147 312 2228 347 Non

1240 372 1370 403 furtum
1398 369 1512 402 facies.
1580 370 1632 402 De
1664 368 1728 402 hac
1753 369 1914 402 ordinata
1938 365 2150 411 aequalitate
2176 364 2228 397 in-

1241 421 1317 466 quit.
1348 418 1494 465 (Manli.
1513 419 1572 459 19,
1595 420 1687 466 19.):
1731 420 1847 463 Dilige
1880 417 2082 463 proximum
2117 422 2230 454 tuum,

1240 473 1329 506 sicut
1353 478 1385 504 te
1414 471 1542 515 ipsum.
1610 471 1715 503 ltem:
1748 471 1854 516 Quod
1877 469 1940 502 tihi
1964 480 2037 501 non
2063 467 2115 500 vis
2142 466 2230 505 fieri,

1242 522 1342 556 alteri
1362 534 1405 555 ne
1425 522 1558 554 seceris.

1343 588 1396 620 De
1430 586 1495 621 liae
1529 588 1692 620 ordinata
1720 586 1932 632 aequalitate
1957 585 2173 629 intelligatur
2197 591 2230 617 et

1242 639 1417 671 definitio:
1462 637 1680 684 δικαιοσύνη
1706 637 1778 672 ἔστι
1805 634 1982 672 κοινωνία
2015 636 2107 670 θεοῦ
2138 633 2229 679 μετὰ

1242 686 1419 736 ἰσότητος.
1473 690 1678 735 Aequalitas
1703 696 1820 722 autem
1839 689 1882 722 sit
1900 687 1997 726 talis,
2023 699 2067 719 ne
2086 686 2164 731 quis
2182 686 2230 718 al-

1244 741 1308 773 teri
1344 741 1385 774 sit
1424 741 1543 773 efficax
1579 753 1680 774 causa
1721 740 1871 779 damni,
1925 745 1963 771 ut
1998 750 2077 771 cum
2112 748 2231 770 emens

1244 804 1366 836 agrum
1398 792 1457 824 ‹lat
1482 792 1634 836 pretium
1653 791 1870 836 legitimum,
1898 795 2059 823 servatur
2077 787 2231 834 aequali-

1244 849 1314 883 tas,
1343 843 1479 876 etiamsi
1502 843 1683 887 possidens
1709 855 1831 887 agrum
1855 841 1991 886 aliquot
2018 851 2129 873 annos
2153 839 2232 884 plus

1244 894 1325 926 inde
1345 895 1482 938 accipit.
1521 894 1624 926 Dedit
1644 894 1736 926 enim
1755 894 1906 938 pretium
1924 891 2133 935 legitimum,
2160 902 2230 937 quo

1244 945 1408 977 venditor
1449 957 1573 989 agrum
1612 946 1748 985 alium,
1805 950 1863 978 aut
1894 956 1966 976 rem
1999 942 2133 986 pariter
2164 941 2231 975 uti-

1244 996 1311 1028 lem
1338 1008 1452 1028 emere
1476 1003 1606 1039 potest,
1651 1009 1690 1029 ac
1714 1002 1835 1040 postea
1863 1000 2002 1038 emptor
2028 993 2143 1036 longis
2170 1004 2231 1025 an-

1244 1059 1373 1079 norum
1390 1047 1511 1090 spatiis
1529 1046 1680 1090 amplius
1696 1046 1839 1090 accipit,
1868 1058 1938 1077 non
1956 1057 1996 1077 ex
2013 1044 2147 1083 alieno,
2172 1044 2231 1077 sed

1245 1110 1284 1129 ex
1303 1110 1385 1134 suo;
1421 1103 1458 1129 ut
1474 1109 1551 1129 cum
1571 1098 1705 1130 cineres
1725 1097 1809 1130 emit
1824 1108 1935 1140 parvo
1953 1095 1988 1127 in
2004 1094 2174 1135 Livonia,
2200 1101 2234 1127 et

1246 1160 1375 1191 magno
1400 1148 1522 1180 xendit
1548 1149 1582 1180 in
1605 1148 1749 1192 Anglia:
1786 1148 1932 1179 debetur
1957 1146 2049 1178 enim
2078 1156 2234 1179 accessus

1246 1205 1392 1243 propter
1419 1199 1578 1231 lahorem
1612 1206 1643 1231 et
1676 1205 1836 1242 sumptus
1866 1196 2154 1236 transvectionis‚
2200 1202 2234 1229 et

1246 1256 1360 1294 potest
1389 1250 1483 1289 fieri,
1518 1256 1555 1283 ut
1578 1263 1633 1284 res
1659 1251 1732 1295 ipsa
1761 1255 1908 1294 propter
1931 1261 2032 1282 nsum
2060 1247 2231 1280 maiorem

1247 1301 1329 1334 alihi
1347 1301 1457 1345 pluris
1476 1302 1546 1334 fiat.

1346 1367 1385 1402 In
1410 1370 1590 1414 emptione
1613 1368 1720 1413 igitur
1746 1367 1797 1401 rei
1820 1367 2005 1401 translatio
2029 1368 2103 1401 fieri
2121 1373 2236 1412 potest

1247 1428 1393 1466 propter
1410 1421 1567 1461 lucrum,
1595 1421 1677 1466 quia
1697 1426 1815 1464 empto
1832 1431 1936 1463 agm,
1964 1425 2085 1464 postea
2104 1431 2177 1451 non
2195 1430 2235 1451 ex

1248 1473 1386 1513 alieno,
1412 1474 1471 1505 sed
1492 1486 1531 1505 ex
1554 1484 1632 1505 meo
1659 1471 1792 1515 accipio
1818 1471 1975 1510 lucrum,
2004 1471 2086 1503 item
2110 1469 2235 1514 procul

1248 1538 1261 1555 x
1273 1522 1377 1557 eliens
1396 1536 1468 1556 rem
1488 1535 1598 1567 parvo
1615 1529 1785 1566 emptam,
1810 1522 1912 1554 debet
1928 1519 2058 1554 habere
2075 1527 2234 1565 sumptus

1676 1573 1714 1606 ln
1737 1572 1959 1606 mutuatione
1986 1573 2024 1605 fit
2049 1572 2233 1606 translatio

1248 1626 1297 1658 rei
1323 1638 1411 1670 quae
1439 1625 1658 1658 consumitur
1679 1637 1762 1663 usu,
1805 1630 1843 1656 ut
1867 1623 2034 1655 frumenti
2060 1622 2234 1656 mutuatio

1249 1678 1290 1709 ad
1315 1689 1431 1709 usum.
1498 1676 1590 1720 Quia
1619 1688 1701 1718 ergo
1727 1688 1780 1708 res
1801 1686 1867 1707 usu
1896 1674 2134 1713 consumitur,
2176 1680 2235 1706 aut

1247 1741 1307 1760 sua
1326 1734 1450 1760 natura
1470 1725 1557 1759 nihil
1576 1726 1705 1770 gignit,
1733 1724 1926 1770 aequalitas
1945 1732 2013 1763 est,
2039 1731 2077 1758 ut
2094 1730 2236 1757 tantun-

1248 1781 1325 1811 dem
1359 1779 1546 1817 reddatur,
1583 1783 1754 1822 quantum
1788 1778 1908 1809 datum
1944 1782 2012 1815 est,
2046 1788 2119 1809 non
2146 1776 2236 1820 plus,

1250 1829 1351 1875 quia,
1379 1829 1406 1862 si
1429 1829 1504 1872 plus
1522 1830 1746 1867 redderetur,
1774 1827 1807 1860 id
1827 1826 2000 1858 accideret
2016 1838 2081 1870 pro
2106 1825 2233 1867 nihilo,

1249 1888 1279 1914 et
1309 1879 1555 1913 exhauriretur
1580 1880 1749 1918 reddens,
1788 1877 1888 1911 sicuti
1913 1878 2072 1911 videmus
2096 1879 2233 1921 magnis

1249 1932 1364 1965 usuris
1398 1929 1576 1963 exhauriri
1609 1936 1699 1963 totas
1730 1936 1868 1972 gentes,
1911 1929 1991 1973 quia
2024 1941 2089 1973 pro
2122 1928 2234 1962 nihilo

1250 1985 1457 2016 redduntur.
1510 1981 1615 2021 Item,
1651 1981 1765 2015 Nemo
1790 1980 1893 2013 dehet
1913 1981 2051 2013 lucrum
2077 1981 2234 2025 accipere

1251 2047 1290 2068 ex
1310 2046 1383 2066 non
1400 2045 1483 2073 suo,
1517 2045 1571 2066 res
1597 2034 1678 2065 data
1702 2038 1826 2065 mutuo
1854 2031 1982 2064 desinit
2007 2043 2079 2065 esse
2106 2033 2232 2066 dantis.

1249 2087 1342 2129 Ergo
1369 2096 1441 2118 non
1464 2085 1541 2128 plus
1563 2084 1784 2117 reddendum
1809 2089 1870 2117 est.
1930 2083 1985 2115 Sic
2009 2083 2115 2126 igitur
2141 2084 2234 2116 ordi-

1250 2144 1330 2170 nata
1351 2143 1401 2170 est
1419 2135 1595 2169 mutuatio
1613 2135 1686 2178 lege
1704 2135 1823 2167 divina
1836 2161 1845 2175 ,
1873 2140 1912 2167 ut
1927 2134 1970 2168 sit
1987 2134 2155 2169 osticium;
2183 2135 2232 2167 os-

1251 2189 1366 2221 ficium
1387 2193 1503 2220 autem
1521 2199 1634 2232 neque
1650 2187 1840 2226 damnum,
1866 2197 1980 2230 neque
2006 2185 2093 2218 lucri
2116 2192 2232 2229 capta·

1251 2241 1298 2273 tio
1319 2251 1390 2273 esse
1406 2244 1531 2283 potest.

1249 1582 1279 1607 et
1304 1575 1456 1618 pretium
1479 1575 1622 1608 laboris.

1351 2308 1429 2342 Sint
1448 2306 1553 2351 igitur
1579 2304 1643 2339 liae
1664 2307 1983 2340 demonstrationes
2003 2305 2231 2340 fundamenta

1252 2362 1285 2392 in
1311 2359 1376 2393 hac
1399 2358 1579 2397 doctrina,
1615 2364 1647 2391 et
1669 2359 1881 2402 adiungatur
1906 2358 1960 2390 lcx
1976 2356 2053 2391 Dei.

1250 2413 1370 2456 ptione
1402 2417 1434 2443 et
1463 2409 1667 2442 venditione
1698 2415 1858 2443 servatur
1889 2409 2101 2453 aequalitas,
2151 2411 2232 2457 quia

1249 2470 1397 2508 uterque
1428 2460 1562 2506 aliquid
1596 2461 1739 2505 accipit,
1779 2465 1813 2492 et
1838 2466 1887 2492 est
1916 2472 2034 2493 rerum
2060 2461 2150 2494 sacta
2179 2473 2235 2495 ex-

1251 2514 1435 2559 aequatio,
1468 2512 1604 2545 etiamsi
1627 2519 1747 2556 postea
1770 2517 1930 2555 tempore
1957 2518 2095 2556 emptor
2125 2513 2233 2545 sumit

1250 2566 1344 2609 plus,
1373 2571 1432 2596 aut
1450 2563 1612 2595 venditor
1625 2562 1730 2595 sumit
1748 2562 1845 2605 plns,
1872 2569 2019 2606 propter
2040 2575 2121 2597 suos
2136 2563 2235 2596 labo-

1249 2629 1322 2654 res,
1352 2622 1383 2648 et
1408 2621 1587 2658 sumptus,
1614 2613 1694 2658 quia
1719 2619 1751 2644 et
1775 2620 1915 2656 emptor
1937 2620 1970 2646 et
1994 2613 2157 2647 venditor
2179 2627 2235 2648 su-

1249 2673 1349 2700 munt
1367 2667 1444 2710 plus
1460 2678 1501 2698 ex
1518 2664 1674 2708 proprio.
1727 2662 1822 2707 Ergo
1841 2664 1919 2697 talis
1940 2665 2071 2709 emptio
2097 2671 2130 2697 et
2153 2677 2236 2698 ven-

1250 2718 1336 2751 ditio
1354 2723 1402 2750 est
1423 2717 1523 2749 iusta.

2106 2355 2145 2388 ln
2164 2371 2235 2392 em-
