<?xml version="1.0" encoding="UTF-8"?>
<!DOCTYPE html PUBLIC "-//W3C//DTD XHTML 1.0 Transitional//EN"
    "http://www.w3.org/TR/xhtml1/DTD/xhtml1-transitional.dtd">
<html xmlns="http://www.w3.org/1999/xhtml" xml:lang="en" lang="en">
 <head>
  <title>
</title>
<meta http-equiv="Content-Type" content="text/html;charset=utf-8" />
  <meta name='ocr-system' content='tesseract 3.04.00' />
  <meta name='ocr-capabilities' content='ocr_page ocr_carea ocr_par ocr_line ocrx_word'/>
</head>
<body>
  <div class='ocr_page' id='page_1' title='image "./operaquaesupersu16melauoft_0170.png"; bbox 0 0 2347 3000; ppageno 0'>
   <div class='ocr_carea' id='block_1_1' title="bbox 224 128 293 161">
    <p class='ocr_par' dir='ltr' id='par_1_1' title="bbox 224 128 293 161">
     <span class='ocr_line' id='line_1_1' title="bbox 224 128 293 161; baseline 0 0"><span class='ocrx_word' id='word_1_1' title='bbox 224 128 293 161; x_wconf 79' lang='lat'>311</span> 
     </span>
    </p>
   </div>
   <div class='ocr_carea' id='block_1_2' title="bbox 225 213 1210 462">
    <p class='ocr_par' dir='ltr' id='par_1_2' title="bbox 225 213 1210 462">
     <span class='ocr_line' id='line_1_2' title="bbox 225 213 1209 257; baseline 0 -12"><span class='ocrx_word' id='word_1_2' title='bbox 225 213 301 256; x_wconf 85' lang='lat' dir='ltr'>piat</span> <span class='ocrx_word' id='word_1_3' title='bbox 314 215 512 257; x_wconf 84' lang='lat' dir='ltr'>praesentia</span> <span class='ocrx_word' id='word_1_4' title='bbox 530 216 622 248; x_wconf 81' lang='grc'>11111111</span> <span class='ocrx_word' id='word_1_5' title='bbox 635 243 643 255; x_wconf 88' lang='grc'>,</span> <span class='ocrx_word' id='word_1_6' title='bbox 677 213 839 248; x_wconf 78' lang='lat' dir='ltr'>habenda</span> <span class='ocrx_word' id='word_1_7' title='bbox 857 221 906 248; x_wconf 88' lang='lat' dir='ltr'>est</span> <span class='ocrx_word' id='word_1_8' title='bbox 924 220 957 247; x_wconf 78' lang='grc'>01</span> <span class='ocrx_word' id='word_1_9' title='bbox 974 213 1131 247; x_wconf 84' lang='lat' dir='ltr'>scandali</span> <span class='ocrx_word' id='word_1_10' title='bbox 1153 224 1209 245; x_wconf 79' lang='lat' dir='ltr'>ra-</span> 
     </span>
     <span class='ocr_line' id='line_1_3' title="bbox 227 263 1208 311; baseline 0.001 -15"><span class='ocrx_word' id='word_1_11' title='bbox 227 264 295 303; x_wconf 89' lang='lat' dir='ltr'>tio,</span> <span class='ocrx_word' id='word_1_12' title='bbox 323 267 538 308; x_wconf 84' lang='lat' dir='ltr'>parcendum</span> <span class='ocrx_word' id='word_1_13' title='bbox 556 267 639 299; x_wconf 89' lang='lat' dir='ltr'>item</span> <span class='ocrx_word' id='word_1_14' title='bbox 655 264 834 311; x_wconf 67' lang='lat' dir='ltr'>alienae²³²⁵)</span> <span class='ocrx_word' id='word_1_15' title='bbox 853 264 1100 298; x_wconf 82' lang='lat' dir='ltr'>conscientiae.</span> <span class='ocrx_word' id='word_1_16' title='bbox 1145 263 1208 297; x_wconf 88' lang='lat' dir='ltr'>His</span> 
     </span>
     <span class='ocr_line' id='line_1_4' title="bbox 226 317 1208 360; baseline 0.001 -13"><span class='ocrx_word' id='word_1_17' title='bbox 226 317 443 357; x_wconf 62' lang='lat' dir='ltr'>argumentis</span> <span class='ocrx_word' id='word_1_18' title='bbox 467 324 630 350; x_wconf 68' lang='lat' dir='ltr'>movetur</span> <span class='ocrx_word' id='word_1_19' title='bbox 651 318 812 350; x_wconf 63' lang='lat' dir='ltr'>voluntas</span> <span class='ocrx_word' id='word_1_20' title='bbox 838 323 870 349; x_wconf 90' lang='lat' dir='ltr'>et</span> <span class='ocrx_word' id='word_1_21' title='bbox 898 317 1084 350; x_wconf 85' lang='lat' dir='ltr'>confirmat</span> <span class='ocrx_word' id='word_1_22' title='bbox 1111 328 1208 360; x_wconf 83' lang='lat' dir='ltr'>spem</span> 
     </span>
     <span class='ocr_line' id='line_1_5' title="bbox 1017 367 1209 400; baseline 0 -1"><span class='ocrx_word' id='word_1_23' title='bbox 1017 367 1067 400; x_wconf 74' lang='lat' dir='ltr'>Ac</span> <span class='ocrx_word' id='word_1_24' title='bbox 1085 368 1209 400; x_wconf 73' lang='lat' dir='ltr'>volun-</span> 
     </span>
     <span class='ocr_line' id='line_1_6' title="bbox 227 418 1210 462; baseline 0.002 -14"><span class='ocrx_word' id='word_1_25' title='bbox 227 424 279 449; x_wconf 77' lang='lat' dir='ltr'>tas</span> <span class='ocrx_word' id='word_1_26' title='bbox 301 421 506 452; x_wconf 70' lang='lat' dir='ltr'>confirmata</span> <span class='ocrx_word' id='word_1_27' title='bbox 531 432 549 451; x_wconf 91' lang='lat' dir='ltr'>a</span> <span class='ocrx_word' id='word_1_28' title='bbox 573 419 706 462; x_wconf 73' lang='lat' dir='ltr'>Spiritu</span> <span class='ocrx_word' id='word_1_29' title='bbox 728 425 870 457; x_wconf 85' lang='lat' dir='ltr'>sancto,</span> <span class='ocrx_word' id='word_1_30' title='bbox 905 425 939 451; x_wconf 91' lang='lat' dir='ltr'>et</span> <span class='ocrx_word' id='word_1_31' title='bbox 963 418 1125 457; x_wconf 87' lang='lat' dir='ltr'>incitata,</span> <span class='ocrx_word' id='word_1_32' title='bbox 1153 430 1210 450; x_wconf 86' lang='lat' dir='ltr'>co-</span> 
     </span>
    </p>
   </div>
   <div class='ocr_carea' id='block_1_3' title="bbox 226 367 966 411">
    <p class='ocr_par' dir='ltr' id='par_1_3' title="bbox 226 367 966 411">
     <span class='ocr_line' id='line_1_7' title="bbox 226 367 966 411; baseline 0.004 -14"><span class='ocrx_word' id='word_1_33' title='bbox 226 367 378 410; x_wconf 77' lang='lat' dir='ltr'>Spiritus</span> <span class='ocrx_word' id='word_1_34' title='bbox 393 375 551 408; x_wconf 83' lang='lat' dir='ltr'>sauctus,</span> <span class='ocrx_word' id='word_1_35' title='bbox 580 375 617 401; x_wconf 86' lang='grc'>111.</span> <span class='ocrx_word' id='word_1_36' title='bbox 641 369 861 411; x_wconf 84' lang='lat' dir='ltr'>obtemperet</span> <span class='ocrx_word' id='word_1_37' title='bbox 887 367 966 409; x_wconf 74' lang='lat' dir='ltr'>legi.</span> 
     </span>
    </p>
   </div>
   <div class='ocr_carea' id='block_1_4' title="bbox 224 466 1212 973">
    <p class='ocr_par' dir='ltr' id='par_1_4' title="bbox 224 466 1212 973">
     <span class='ocr_line' id='line_1_8' title="bbox 228 466 1208 514; baseline 0.001 -14"><span class='ocrx_word' id='word_1_38' title='bbox 228 466 347 501; x_wconf 77' lang='grc'>111-1001</span> <span class='ocrx_word' id='word_1_39' title='bbox 377 477 516 503; x_wconf 64' lang='lat' dir='ltr'>externa</span> <span class='ocrx_word' id='word_1_40' title='bbox 544 470 719 507; x_wconf 88' lang='lat' dir='ltr'>membra,</span> <span class='ocrx_word' id='word_1_41' title='bbox 763 469 903 501; x_wconf 84' lang='lat' dir='ltr'>interim</span> <span class='ocrx_word' id='word_1_42' title='bbox 930 475 963 501; x_wconf 86' lang='lat' dir='ltr'>et</span> <span class='ocrx_word' id='word_1_43' title='bbox 986 469 1208 514; x_wconf 81' lang='lat' dir='ltr'>disciplinam</span> 
     </span>
     <span class='ocr_line' id='line_1_9' title="bbox 225 518 1210 563; baseline 0.002 -12"><span class='ocrx_word' id='word_1_44' title='bbox 225 518 351 563; x_wconf 72' lang='lat' dir='ltr'>loseph</span> <span class='ocrx_word' id='word_1_45' title='bbox 376 521 490 559; x_wconf 83' lang='lat' dir='ltr'>addit,</span> <span class='ocrx_word' id='word_1_46' title='bbox 519 520 606 552; x_wconf 63' lang='lat' dir='ltr'>vitat</span> <span class='ocrx_word' id='word_1_47' title='bbox 632 532 857 561; x_wconf 72' lang='lat' dir='ltr'>congressus,</span> <span class='ocrx_word' id='word_1_48' title='bbox 886 521 1068 561; x_wconf 76' lang='lat' dir='ltr'>convivia,</span> <span class='ocrx_word' id='word_1_49' title='bbox 1096 521 1210 553; x_wconf 90' lang='lat' dir='ltr'>acrius</span> 
     </span>
     <span class='ocr_line' id='line_1_10' title="bbox 228 570 1210 616; baseline 0.003 -14"><span class='ocrx_word' id='word_1_50' title='bbox 228 570 375 602; x_wconf 88' lang='lat' dir='ltr'>intendit</span> <span class='ocrx_word' id='word_1_51' title='bbox 412 571 569 603; x_wconf 86' lang='lat' dir='ltr'>animum</span> <span class='ocrx_word' id='word_1_52' title='bbox 606 571 640 603; x_wconf 93' lang='lat' dir='ltr'>in</span> <span class='ocrx_word' id='word_1_53' title='bbox 676 572 924 616; x_wconf 84' lang='lat' dir='ltr'>occupationes</span> <span class='ocrx_word' id='word_1_54' title='bbox 953 573 1006 606; x_wconf 87' lang='lat' dir='ltr'>sui</span> <span class='ocrx_word' id='word_1_55' title='bbox 1040 572 1210 611; x_wconf 87' lang='lat' dir='ltr'>numeris,</span> 
     </span>
     <span class='ocr_line' id='line_1_11' title="bbox 226 622 1209 668; baseline 0 -14"><span class='ocrx_word' id='word_1_56' title='bbox 226 622 359 659; x_wconf 88' lang='lat' dir='ltr'>studia,</span> <span class='ocrx_word' id='word_1_57' title='bbox 398 623 635 665; x_wconf 60' lang='lat' dir='ltr'>prmmtiones,</span> <span class='ocrx_word' id='word_1_58' title='bbox 669 622 758 655; x_wconf 84' lang='lat' dir='ltr'>sicut</span> <span class='ocrx_word' id='word_1_59' title='bbox 781 629 813 655; x_wconf 89' lang='grc'>01</span> <span class='ocrx_word' id='word_1_60' title='bbox 831 624 961 657; x_wconf 84' lang='lat' dir='ltr'>Paulus</span> <span class='ocrx_word' id='word_1_61' title='bbox 985 623 1209 668; x_wconf 69' lang='lat' dir='ltr'>disciplinam</span> 
     </span>
     <span class='ocr_line' id='line_1_12' title="bbox 226 673 1209 721; baseline 0.001 -16"><span class='ocrx_word' id='word_1_62' title='bbox 226 685 288 705; x_wconf 78' lang='lat' dir='ltr'>suo</span> <span class='ocrx_word' id='word_1_63' title='bbox 320 673 478 716; x_wconf 78' lang='lat' dir='ltr'>exemplo</span> <span class='ocrx_word' id='word_1_64' title='bbox 512 674 756 713; x_wconf 85' lang='lat' dir='ltr'>commendat,</span> <span class='ocrx_word' id='word_1_65' title='bbox 803 676 834 708; x_wconf 85' lang='lat'>1.</span> <span class='ocrx_word' id='word_1_66' title='bbox 853 673 1014 708; x_wconf 84' lang='lat' dir='ltr'>Corinth.</span> <span class='ocrx_word' id='word_1_67' title='bbox 1036 675 1070 715; x_wconf 86' lang='lat'>9,</span> <span class='ocrx_word' id='word_1_68' title='bbox 1097 673 1209 721; x_wconf 72' lang='grc'>(27.);</span> 
     </span>
     <span class='ocr_line' id='line_1_13' title="bbox 224 723 1210 769; baseline 0.005 -16"><span class='ocrx_word' id='word_1_69' title='bbox 224 723 357 765; x_wconf 63' lang='lat' dir='ltr'>Sugillo</span> <span class='ocrx_word' id='word_1_70' title='bbox 390 736 517 767; x_wconf 87' lang='lat' dir='ltr'>corpus</span> <span class='ocrx_word' id='word_1_71' title='bbox 550 737 687 763; x_wconf 78' lang='lat' dir='ltr'>meum,</span> <span class='ocrx_word' id='word_1_72' title='bbox 729 725 822 757; x_wconf 88' lang='lat' dir='ltr'>etin</span> <span class='ocrx_word' id='word_1_73' title='bbox 843 727 1047 759; x_wconf 80' lang='lat' dir='ltr'>servitutem</span> <span class='ocrx_word' id='word_1_74' title='bbox 1075 726 1210 769; x_wconf 82' lang='lat' dir='ltr'>redigo.</span> 
     </span>
     <span class='ocr_line' id='line_1_14' title="bbox 225 773 1211 821; baseline 0.003 -16"><span class='ocrx_word' id='word_1_75' title='bbox 225 773 318 805; x_wconf 85' lang='lat' dir='ltr'>Haec</span> <span class='ocrx_word' id='word_1_76' title='bbox 338 775 465 817; x_wconf 87' lang='lat' dir='ltr'>partim</span> <span class='ocrx_word' id='word_1_77' title='bbox 483 776 570 808; x_wconf 83' lang='lat' dir='ltr'>fiunt</span> <span class='ocrx_word' id='word_1_78' title='bbox 589 776 789 819; x_wconf 83' lang='lat' dir='ltr'>impellente</span> <span class='ocrx_word' id='word_1_79' title='bbox 808 777 941 820; x_wconf 82' lang='lat' dir='ltr'>Spiritu</span> <span class='ocrx_word' id='word_1_80' title='bbox 960 784 1101 817; x_wconf 84' lang='lat' dir='ltr'>sancto,</span> <span class='ocrx_word' id='word_1_81' title='bbox 1131 788 1211 821; x_wconf 90' lang='lat' dir='ltr'>par-</span> 
     </span>
     <span class='ocr_line' id='line_1_15' title="bbox 226 823 1211 870; baseline 0.003 -14"><span class='ocrx_word' id='word_1_82' title='bbox 226 824 286 857; x_wconf 88' lang='lat' dir='ltr'>tim</span> <span class='ocrx_word' id='word_1_83' title='bbox 307 823 462 859; x_wconf 86' lang='lat' dir='ltr'>humana</span> <span class='ocrx_word' id='word_1_84' title='bbox 478 827 672 870; x_wconf 77' lang='lat' dir='ltr'>diligentia.</span> <span class='ocrx_word' id='word_1_85' title='bbox 733 827 920 861; x_wconf 86' lang='lat' dir='ltr'>Caeterum</span> <span class='ocrx_word' id='word_1_86' title='bbox 939 829 1148 868; x_wconf 79' lang='grc'>1101115111111,</span> <span class='ocrx_word' id='word_1_87' title='bbox 1176 828 1211 860; x_wconf 88' lang='lat' dir='ltr'>id</span> 
     </span>
     <span class='ocr_line' id='line_1_16' title="bbox 226 877 1212 926; baseline 0.004 -19"><span class='ocrx_word' id='word_1_88' title='bbox 226 882 293 915; x_wconf 80' lang='lat' dir='ltr'>est,</span> <span class='ocrx_word' id='word_1_89' title='bbox 332 877 373 908; x_wconf 93' lang='lat' dir='ltr'>de</span> <span class='ocrx_word' id='word_1_90' title='bbox 400 877 654 921; x_wconf 85' lang='lat' dir='ltr'>imputatione,</span> <span class='ocrx_word' id='word_1_91' title='bbox 690 879 758 911; x_wconf 81' lang='lat' dir='ltr'>alia</span> <span class='ocrx_word' id='word_1_92' title='bbox 783 891 927 923; x_wconf 87' lang='lat' dir='ltr'>prorsus</span> <span class='ocrx_word' id='word_1_93' title='bbox 956 880 1114 926; x_wconf 83' lang='lat' dir='ltr'>quaestio</span> <span class='ocrx_word' id='word_1_94' title='bbox 1149 886 1212 919; x_wconf 88' lang='lat' dir='ltr'>est,</span> 
     </span>
     <span class='ocr_line' id='line_1_17' title="bbox 227 925 620 973; baseline 0.008 -14"><span class='ocrx_word' id='word_1_95' title='bbox 227 940 333 972; x_wconf 82' lang='lat' dir='ltr'>quam</span> <span class='ocrx_word' id='word_1_96' title='bbox 351 925 407 960; x_wconf 84' lang='grc'>1110</span> <span class='ocrx_word' id='word_1_97' title='bbox 426 936 620 973; x_wconf 86' lang='lat' dir='ltr'>praetereo.</span> 
     </span>
    </p>
   </div>
   <div class='ocr_carea' id='block_1_5' title="bbox 619 1032 822 1087">
    <p class='ocr_par' dir='ltr' id='par_1_5' title="bbox 619 1032 822 1087">
     <span class='ocr_line' id='line_1_18' title="bbox 619 1032 822 1087; baseline 0 -12"><span class='ocrx_word' id='word_1_98' title='bbox 619 1032 753 1087; x_wconf 80' lang='lat' dir='ltr'>Caput</span> <span class='ocrx_word' id='word_1_99' title='bbox 772 1035 822 1075; x_wconf 92' lang='grc' dir='ltr'>Π.</span> 
     </span>
    </p>
   </div>
   <div class='ocr_carea' id='block_1_6' title="bbox 226 1115 1213 2544">
    <p class='ocr_par' dir='ltr' id='par_1_6' title="bbox 226 1115 1213 2235">
     <span class='ocr_line' id='line_1_19' title="bbox 328 1115 1213 1161; baseline 0.002 -13"><span class='ocrx_word' id='word_1_100' title='bbox 328 1115 366 1148; x_wconf 85' lang='grc'>111</span> <span class='ocrx_word' id='word_1_101' title='bbox 400 1116 514 1160; x_wconf 87' lang='lat' dir='ltr'>primo</span> <span class='ocrx_word' id='word_1_102' title='bbox 547 1117 659 1161; x_wconf 85' lang='lat' dir='ltr'>capite</span> <span class='ocrx_word' id='word_1_103' title='bbox 687 1118 829 1151; x_wconf 86' lang='lat' dir='ltr'>secundi</span> <span class='ocrx_word' id='word_1_104' title='bbox 855 1118 934 1150; x_wconf 88' lang='lat' dir='ltr'>libri</span> <span class='ocrx_word' id='word_1_105' title='bbox 959 1116 1049 1150; x_wconf 84' lang='lat' dir='ltr'>lianc</span> <span class='ocrx_word' id='word_1_106' title='bbox 1074 1125 1213 1151; x_wconf 88' lang='lat' dir='ltr'>senten-</span> 
     </span>
     <span class='ocr_line' id='line_1_20' title="bbox 226 1167 1212 1213; baseline 0.004 -15"><span class='ocrx_word' id='word_1_107' title='bbox 226 1167 311 1199; x_wconf 82' lang='lat' dir='ltr'>tiam</span> <span class='ocrx_word' id='word_1_108' title='bbox 330 1167 493 1207; x_wconf 86' lang='lat' dir='ltr'>tradidit,</span> <span class='ocrx_word' id='word_1_109' title='bbox 523 1170 617 1212; x_wconf 77' lang='lat' dir='ltr'>quod</span> <span class='ocrx_word' id='word_1_110' title='bbox 638 1169 747 1202; x_wconf 70' lang='lat' dir='ltr'>virtus</span> <span class='ocrx_word' id='word_1_111' title='bbox 768 1176 993 1213; x_wconf 84' lang='lat' dir='ltr'>comparetur</span> <span class='ocrx_word' id='word_1_112' title='bbox 1015 1169 1212 1212; x_wconf 86' lang='lat' dir='ltr'>disciplina.</span> 
     </span>
     <span class='ocr_line' id='line_1_21' title="bbox 226 1218 1213 1263; baseline 0 -12"><span class='ocrx_word' id='word_1_113' title='bbox 226 1218 330 1251; x_wconf 62' lang='lat' dir='ltr'>*Nunc</span> <span class='ocrx_word' id='word_1_114' title='bbox 348 1218 552 1251; x_wconf 83' lang='lat' dir='ltr'>insecundo</span> <span class='ocrx_word' id='word_1_115' title='bbox 571 1219 682 1263; x_wconf 81' lang='lat' dir='ltr'>eapite</span> <span class='ocrx_word' id='word_1_116' title='bbox 704 1220 868 1252; x_wconf 86' lang='lat' dir='ltr'>nominat</span> <span class='ocrx_word' id='word_1_117' title='bbox 893 1232 1054 1259; x_wconf 87' lang='lat' dir='ltr'>causam,</span> <span class='ocrx_word' id='word_1_118' title='bbox 1082 1220 1213 1252; x_wconf 87' lang='lat' dir='ltr'>scilicet</span> 
     </span>
     <span class='ocr_line' id='line_1_22' title="bbox 227 1270 1213 1315; baseline 0.003 -14"><span class='ocrx_word' id='word_1_119' title='bbox 227 1276 359 1301; x_wconf 88' lang='lat' dir='ltr'>rectam</span> <span class='ocrx_word' id='word_1_120' title='bbox 382 1270 575 1307; x_wconf 78' lang='lat' dir='ltr'>rationein,</span> <span class='ocrx_word' id='word_1_121' title='bbox 613 1284 680 1315; x_wconf 86' lang='lat' dir='ltr'>qua</span> <span class='ocrx_word' id='word_1_122' title='bbox 705 1271 941 1314; x_wconf 84' lang='lat' dir='ltr'>appellatione</span> <span class='ocrx_word' id='word_1_123' title='bbox 966 1271 1213 1315; x_wconf 76' lang='lat' dir='ltr'>complectitur</span> 
     </span>
     <span class='ocr_line' id='line_1_23' title="bbox 227 1321 1213 1361; baseline 0.002 -9"><span class='ocrx_word' id='word_1_124' title='bbox 227 1326 380 1352; x_wconf 87' lang='lat' dir='ltr'>mentem</span> <span class='ocrx_word' id='word_1_125' title='bbox 398 1326 488 1353; x_wconf 89' lang='lat' dir='ltr'>reete</span> <span class='ocrx_word' id='word_1_126' title='bbox 508 1321 740 1361; x_wconf 86' lang='lat' dir='ltr'>iudicantem,</span> <span class='ocrx_word' id='word_1_127' title='bbox 775 1328 807 1355; x_wconf 87' lang='lat' dir='ltr'>et</span> <span class='ocrx_word' id='word_1_128' title='bbox 832 1322 1051 1355; x_wconf 66' lang='lat' dir='ltr'>voluntatem</span> <span class='ocrx_word' id='word_1_129' title='bbox 1077 1323 1213 1355; x_wconf 88' lang='lat' dir='ltr'>obtem-</span> 
     </span>
     <span class='ocr_line' id='line_1_24' title="bbox 227 1371 1212 1416; baseline 0.004 -14"><span class='ocrx_word' id='word_1_130' title='bbox 227 1378 420 1414; x_wconf 81' lang='lat' dir='ltr'>perantem.</span> <span class='ocrx_word' id='word_1_131' title='bbox 486 1371 531 1404; x_wconf 83' lang='lat' dir='ltr'>Et</span> <span class='ocrx_word' id='word_1_132' title='bbox 560 1372 731 1413; x_wconf 66' lang='lat' dir='ltr'>significat</span> <span class='ocrx_word' id='word_1_133' title='bbox 752 1380 873 1416; x_wconf 86' lang='lat' dir='ltr'>postea</span> <span class='ocrx_word' id='word_1_134' title='bbox 896 1385 931 1406; x_wconf 89' lang='lat' dir='ltr'>se</span> <span class='ocrx_word' id='word_1_135' title='bbox 955 1374 997 1405; x_wconf 87' lang='lat' dir='ltr'>de</span> <span class='ocrx_word' id='word_1_136' title='bbox 1023 1371 1076 1406; x_wconf 88' lang='lat' dir='ltr'>his</span> <span class='ocrx_word' id='word_1_137' title='bbox 1101 1373 1212 1407; x_wconf 86' lang='lat' dir='ltr'>causis</span> 
     </span>
     <span class='ocr_line' id='line_1_25' title="bbox 227 1422 1212 1470; baseline 0.004 -17"><span class='ocrx_word' id='word_1_138' title='bbox 227 1434 347 1455; x_wconf 82' lang='lat' dir='ltr'>rursus</span> <span class='ocrx_word' id='word_1_139' title='bbox 364 1422 539 1455; x_wconf 87' lang='lat' dir='ltr'>dicturum</span> <span class='ocrx_word' id='word_1_140' title='bbox 559 1436 642 1457; x_wconf 86' lang='lat' dir='ltr'>esse.</span> <span class='ocrx_word' id='word_1_141' title='bbox 696 1423 839 1467; x_wconf 74' lang='lat' dir='ltr'>Repetit</span> <span class='ocrx_word' id='word_1_142' title='bbox 856 1431 972 1457; x_wconf 91' lang='lat' dir='ltr'>autem</span> <span class='ocrx_word' id='word_1_143' title='bbox 991 1424 1024 1457; x_wconf 88' lang='lat' dir='ltr'>id</span> <span class='ocrx_word' id='word_1_144' title='bbox 1045 1425 1140 1470; x_wconf 85' lang='lat' dir='ltr'>quod</span> <span class='ocrx_word' id='word_1_145' title='bbox 1157 1437 1212 1457; x_wconf 84' lang='lat' dir='ltr'>su-</span> 
     </span>
     <span class='ocr_line' id='line_1_26' title="bbox 227 1473 1212 1519; baseline 0.002 -14"><span class='ocrx_word' id='word_1_146' title='bbox 227 1486 290 1517; x_wconf 83' lang='lat' dir='ltr'>pra</span> <span class='ocrx_word' id='word_1_147' title='bbox 309 1473 467 1512; x_wconf 84' lang='lat' dir='ltr'>monuit,</span> <span class='ocrx_word' id='word_1_148' title='bbox 495 1486 568 1506; x_wconf 87' lang='lat' dir='ltr'>nou</span> <span class='ocrx_word' id='word_1_149' title='bbox 594 1476 832 1519; x_wconf 86' lang='lat' dir='ltr'>quaerendam</span> <span class='ocrx_word' id='word_1_150' title='bbox 857 1473 913 1508; x_wconf 85' lang='lat' dir='ltr'>hic</span> <span class='ocrx_word' id='word_1_151' title='bbox 939 1487 1010 1508; x_wconf 84' lang='lat' dir='ltr'>esse</span> <span class='ocrx_word' id='word_1_152' title='bbox 1034 1476 1212 1509; x_wconf 87' lang='lat' dir='ltr'>certitudi-</span> 
     </span>
     <span class='ocr_line' id='line_1_27' title="bbox 226 1525 1213 1571; baseline 0.003 -15"><span class='ocrx_word' id='word_1_153' title='bbox 226 1537 309 1556; x_wconf 88' lang='lat' dir='ltr'>nem</span> <span class='ocrx_word' id='word_1_154' title='bbox 344 1525 467 1564; x_wconf 80' lang='lat' dir='ltr'>taleni,</span> <span class='ocrx_word' id='word_1_155' title='bbox 506 1531 545 1557; x_wconf 89' lang='lat' dir='ltr'>ut</span> <span class='ocrx_word' id='word_1_156' title='bbox 574 1525 610 1557; x_wconf 91' lang='lat' dir='ltr'>in</span> <span class='ocrx_word' id='word_1_157' title='bbox 645 1527 849 1567; x_wconf 71' lang='lat' dir='ltr'>geometria.</span> <span class='ocrx_word' id='word_1_158' title='bbox 919 1526 1066 1571; x_wconf 87' lang='lat' dir='ltr'>Semper</span> <span class='ocrx_word' id='word_1_159' title='bbox 1094 1533 1213 1559; x_wconf 88' lang='lat' dir='ltr'>manet</span> 
     </span>
     <span class='ocr_line' id='line_1_28' title="bbox 229 1573 1210 1611; baseline 0.003 -4"><span class='ocrx_word' id='word_1_160' title='bbox 229 1575 376 1607; x_wconf 85' lang='lat' dir='ltr'>immota</span> <span class='ocrx_word' id='word_1_161' title='bbox 402 1573 488 1608; x_wconf 87' lang='lat' dir='ltr'>haec</span> <span class='ocrx_word' id='word_1_162' title='bbox 515 1577 704 1609; x_wconf 87' lang='lat' dir='ltr'>sententia:</span> <span class='ocrx_word' id='word_1_163' title='bbox 749 1577 882 1611; x_wconf 86' lang='lat' dir='ltr'>Omnes</span> <span class='ocrx_word' id='word_1_164' title='bbox 904 1578 1017 1610; x_wconf 91' lang='lat' dir='ltr'>lineae</span> <span class='ocrx_word' id='word_1_165' title='bbox 1042 1590 1060 1610; x_wconf 87' lang='lat' dir='ltr'>a</span> <span class='ocrx_word' id='word_1_166' title='bbox 1091 1585 1210 1611; x_wconf 90' lang='lat' dir='ltr'>centro</span> 
     </span>
     <span class='ocr_line' id='line_1_29' title="bbox 228 1627 1211 1674; baseline 0.005 -16"><span class='ocrx_word' id='word_1_167' title='bbox 228 1628 269 1658; x_wconf 83' lang='lat' dir='ltr'>ad</span> <span class='ocrx_word' id='word_1_168' title='bbox 291 1627 609 1660; x_wconf 75' lang='lat' dir='ltr'>circiunser-entiam</span> <span class='ocrx_word' id='word_1_169' title='bbox 626 1628 745 1660; x_wconf 91' lang='lat' dir='ltr'>circuli</span> <span class='ocrx_word' id='word_1_170' title='bbox 763 1630 907 1668; x_wconf 87' lang='lat' dir='ltr'>ductae,</span> <span class='ocrx_word' id='word_1_171' title='bbox 936 1636 1017 1662; x_wconf 86' lang='lat' dir='ltr'>sunt</span> <span class='ocrx_word' id='word_1_172' title='bbox 1037 1630 1211 1674; x_wconf 80' lang='lat' dir='ltr'>aequales.</span> 
     </span>
     <span class='ocr_line' id='line_1_30' title="bbox 227 1678 1210 1723; baseline 0.004 -14"><span class='ocrx_word' id='word_1_173' title='bbox 227 1679 275 1710; x_wconf 75' lang='lat' dir='ltr'>At.</span> <span class='ocrx_word' id='word_1_174' title='bbox 311 1679 346 1710; x_wconf 91' lang='lat' dir='ltr'>in</span> <span class='ocrx_word' id='word_1_175' title='bbox 382 1678 576 1711; x_wconf 87' lang='lat' dir='ltr'>moralibus</span> <span class='ocrx_word' id='word_1_176' title='bbox 613 1691 686 1711; x_wconf 89' lang='lat' dir='ltr'>non</span> <span class='ocrx_word' id='word_1_177' title='bbox 723 1687 843 1712; x_wconf 88' lang='lat' dir='ltr'>manet</span> <span class='ocrx_word' id='word_1_178' title='bbox 877 1693 1016 1723; x_wconf 86' lang='lat' dir='ltr'>semper</span> <span class='ocrx_word' id='word_1_179' title='bbox 1044 1680 1210 1713; x_wconf 87' lang='lat' dir='ltr'>immota:</span> 
     </span>
     <span class='ocr_line' id='line_1_31' title="bbox 228 1729 1210 1775; baseline 0.004 -14"><span class='ocrx_word' id='word_1_180' title='bbox 228 1729 350 1761; x_wconf 77' lang='lat' dir='ltr'>Redde</span> <span class='ocrx_word' id='word_1_181' title='bbox 371 1729 590 1773; x_wconf 88' lang='lat' dir='ltr'>depositum,</span> <span class='ocrx_word' id='word_1_182' title='bbox 623 1736 661 1763; x_wconf 87' lang='lat' dir='ltr'>ut</span> <span class='ocrx_word' id='word_1_183' title='bbox 675 1730 702 1763; x_wconf 90' lang='lat' dir='ltr'>si</span> <span class='ocrx_word' id='word_1_184' title='bbox 721 1732 877 1774; x_wconf 75' lang='lat' dir='ltr'>gladium</span> <span class='ocrx_word' id='word_1_185' title='bbox 895 1732 1014 1764; x_wconf 82' lang='lat' dir='ltr'>furens</span> <span class='ocrx_word' id='word_1_186' title='bbox 1038 1738 1210 1775; x_wconf 84' lang='lat' dir='ltr'>reposcat.</span> 
     </span>
     <span class='ocr_line' id='line_1_32' title="bbox 227 1780 1210 1825; baseline 0.002 -12"><span class='ocrx_word' id='word_1_187' title='bbox 227 1780 421 1813; x_wconf 72' lang='lat' dir='ltr'>Variantur</span> <span class='ocrx_word' id='word_1_188' title='bbox 437 1780 529 1813; x_wconf 88' lang='lat' dir='ltr'>enim</span> <span class='ocrx_word' id='word_1_189' title='bbox 549 1788 733 1825; x_wconf 82' lang='lat' dir='ltr'>praccepta</span> <span class='ocrx_word' id='word_1_190' title='bbox 751 1784 942 1815; x_wconf 87' lang='lat' dir='ltr'>secundum</span> <span class='ocrx_word' id='word_1_191' title='bbox 966 1783 1121 1816; x_wconf 78' lang='lat' dir='ltr'>diversas</span> <span class='ocrx_word' id='word_1_192' title='bbox 1146 1783 1210 1815; x_wconf 89' lang='lat' dir='ltr'>cir-</span> 
     </span>
     <span class='ocr_line' id='line_1_33' title="bbox 229 1831 1211 1871; baseline 0.002 -7"><span class='ocrx_word' id='word_1_193' title='bbox 229 1832 456 1865; x_wconf 86' lang='lat' dir='ltr'>cumstantias</span> <span class='ocrx_word' id='word_1_194' title='bbox 475 1832 509 1864; x_wconf 92' lang='lat' dir='ltr'>in</span> <span class='ocrx_word' id='word_1_195' title='bbox 528 1831 692 1871; x_wconf 85' lang='lat' dir='ltr'>obiectis,</span> <span class='ocrx_word' id='word_1_196' title='bbox 720 1840 759 1866; x_wconf 86' lang='lat' dir='ltr'>ut</span> <span class='ocrx_word' id='word_1_197' title='bbox 776 1834 811 1866; x_wconf 91' lang='lat' dir='ltr'>in</span> <span class='ocrx_word' id='word_1_198' title='bbox 828 1834 1015 1867; x_wconf 84' lang='lat' dir='ltr'>medendo.</span> <span class='ocrx_word' id='word_1_199' title='bbox 1070 1834 1136 1867; x_wconf 83' lang='lat' dir='ltr'>Sed</span> <span class='ocrx_word' id='word_1_200' title='bbox 1160 1840 1211 1866; x_wconf 82' lang='lat' dir='ltr'>ta-</span> 
     </span>
     <span class='ocr_line' id='line_1_34' title="bbox 228 1883 1210 1929; baseline 0.002 -14"><span class='ocrx_word' id='word_1_201' title='bbox 228 1895 310 1915; x_wconf 89' lang='lat' dir='ltr'>men</span> <span class='ocrx_word' id='word_1_202' title='bbox 345 1883 518 1927; x_wconf 86' lang='lat' dir='ltr'>principia</span> <span class='ocrx_word' id='word_1_203' title='bbox 555 1885 728 1928; x_wconf 84' lang='lat' dir='ltr'>quaedam</span> <span class='ocrx_word' id='word_1_204' title='bbox 767 1891 907 1929; x_wconf 75' lang='lat' dir='ltr'>oportet</span> <span class='ocrx_word' id='word_1_205' title='bbox 943 1897 1014 1918; x_wconf 85' lang='lat' dir='ltr'>esse</span> <span class='ocrx_word' id='word_1_206' title='bbox 1050 1884 1210 1924; x_wconf 83' lang='lat' dir='ltr'>immota,</span> 
     </span>
     <span class='ocr_line' id='line_1_35' title="bbox 229 1934 1210 1980; baseline 0.001 -13"><span class='ocrx_word' id='word_1_207' title='bbox 229 1947 321 1979; x_wconf 81' lang='lat' dir='ltr'>quae</span> <span class='ocrx_word' id='word_1_208' title='bbox 336 1941 417 1966; x_wconf 82' lang='lat' dir='ltr'>sunt</span> <span class='ocrx_word' id='word_1_209' title='bbox 432 1935 572 1977; x_wconf 76' lang='lat' dir='ltr'>regulae</span> <span class='ocrx_word' id='word_1_210' title='bbox 589 1934 797 1968; x_wconf 86' lang='lat' dir='ltr'>inferiorum</span> <span class='ocrx_word' id='word_1_211' title='bbox 815 1936 1105 1980; x_wconf 63' lang='lat' dir='ltr'>praeceptionum</span> <span class='ocrx_word' id='word_1_212' title='bbox 1117 1963 1125 1976; x_wconf 88' lang='lat'>,</span> <span class='ocrx_word' id='word_1_213' title='bbox 1160 1942 1210 1975; x_wconf 89' lang='grc'>111,</span> 
     </span>
     <span class='ocr_line' id='line_1_36' title="bbox 228 1985 1211 2020; baseline 0.002 -3"><span class='ocrx_word' id='word_1_214' title='bbox 228 1985 304 2017; x_wconf 87' lang='lat' dir='ltr'>Deo</span> <span class='ocrx_word' id='word_1_215' title='bbox 322 1992 372 2018; x_wconf 79' lang='lat' dir='ltr'>est</span> <span class='ocrx_word' id='word_1_216' title='bbox 388 1986 636 2019; x_wconf 83' lang='lat' dir='ltr'>obediendum.</span> <span class='ocrx_word' id='word_1_217' title='bbox 687 1986 800 2019; x_wconf 68' lang='lat' dir='ltr'>Nemo</span> <span class='ocrx_word' id='word_1_218' title='bbox 819 1987 894 2020; x_wconf 90' lang='lat' dir='ltr'>sine</span> <span class='ocrx_word' id='word_1_219' title='bbox 914 1987 1002 2020; x_wconf 88' lang='lat' dir='ltr'>insta</span> <span class='ocrx_word' id='word_1_220' title='bbox 1021 1999 1120 2020; x_wconf 84' lang='grc'>01111511</span> <span class='ocrx_word' id='word_1_221' title='bbox 1140 1987 1211 2019; x_wconf 91' lang='lat' dir='ltr'>lae-</span> 
     </span>
     <span class='ocr_line' id='line_1_37' title="bbox 229 2031 1211 2080; baseline 0.001 -11"><span class='ocrx_word' id='word_1_222' title='bbox 229 2038 363 2069; x_wconf 92' lang='lat' dir='ltr'>dendus</span> <span class='ocrx_word' id='word_1_223' title='bbox 383 2043 443 2070; x_wconf 88' lang='lat' dir='ltr'>est.</span> <span class='ocrx_word' id='word_1_224' title='bbox 486 2036 603 2080; x_wconf 68' lang='lat' dir='ltr'>Vagae</span> <span class='ocrx_word' id='word_1_225' title='bbox 620 2031 783 2071; x_wconf 72' lang='lat' dir='ltr'>libidines</span> <span class='ocrx_word' id='word_1_226' title='bbox 799 2045 881 2071; x_wconf 87' lang='lat' dir='ltr'>sunt</span> <span class='ocrx_word' id='word_1_227' title='bbox 895 2038 1073 2071; x_wconf 73' lang='lat' dir='ltr'>vitandae.</span> <span class='ocrx_word' id='word_1_228' title='bbox 1116 2038 1211 2071; x_wconf 84' lang='lat' dir='ltr'>Haec</span> 
     </span>
     <span class='ocr_line' id='line_1_38' title="bbox 227 2089 1211 2132; baseline 0 -11"><span class='ocrx_word' id='word_1_229' title='bbox 227 2095 309 2121; x_wconf 88' lang='lat' dir='ltr'>sunt</span> <span class='ocrx_word' id='word_1_230' title='bbox 335 2095 523 2132; x_wconf 82' lang='lat' dir='ltr'>perpetua,</span> <span class='ocrx_word' id='word_1_231' title='bbox 553 2095 589 2120; x_wconf 91' lang='grc'>111</span> <span class='ocrx_word' id='word_1_232' title='bbox 616 2089 840 2131; x_wconf 78' lang='lat' dir='ltr'>geometrica.</span> <span class='ocrx_word' id='word_1_233' title='bbox 895 2089 962 2123; x_wconf 87' lang='lat' dir='ltr'>Sed</span> <span class='ocrx_word' id='word_1_234' title='bbox 987 2102 1048 2121; x_wconf 89' lang='lat' dir='ltr'>cnr</span> <span class='ocrx_word' id='word_1_235' title='bbox 1070 2102 1142 2121; x_wconf 91' lang='lat' dir='ltr'>non</span> <span class='ocrx_word' id='word_1_236' title='bbox 1164 2089 1211 2122; x_wconf 90' lang='grc'>510</span> 
     </span>
     <span class='ocr_line' id='line_1_39' title="bbox 228 2137 1210 2183; baseline 0.002 -11"><span class='ocrx_word' id='word_1_237' title='bbox 228 2139 464 2173; x_wconf 80' lang='lat' dir='ltr'>assentiantur</span> <span class='ocrx_word' id='word_1_238' title='bbox 487 2137 649 2173; x_wconf 82' lang='lat' dir='ltr'>homines</span> <span class='ocrx_word' id='word_1_239' title='bbox 667 2137 720 2173; x_wconf 90' lang='grc'>1115</span> <span class='ocrx_word' id='word_1_240' title='bbox 737 2140 891 2181; x_wconf 89' lang='lat' dir='ltr'>notitiis,</span> <span class='ocrx_word' id='word_1_241' title='bbox 918 2147 957 2173; x_wconf 88' lang='lat' dir='ltr'>ut</span> <span class='ocrx_word' id='word_1_242' title='bbox 978 2140 1210 2183; x_wconf 72' lang='lat' dir='ltr'>geometricis,</span> 
     </span>
     <span class='ocr_line' id='line_1_40' title="bbox 229 2191 564 2235; baseline 0.003 -12"><span class='ocrx_word' id='word_1_243' title='bbox 229 2203 333 2235; x_wconf 84' lang='lat' dir='ltr'>supra</span> <span class='ocrx_word' id='word_1_244' title='bbox 352 2191 483 2223; x_wconf 88' lang='lat' dir='ltr'>dictum</span> <span class='ocrx_word' id='word_1_245' title='bbox 504 2197 564 2224; x_wconf 76' lang='lat' dir='ltr'>cst.</span> 
     </span>
    </p>

    <p class='ocr_par' dir='ltr' id='par_1_7' title="bbox 228 2241 1211 2544">
     <span class='ocr_line' id='line_1_41' title="bbox 332 2241 1208 2287; baseline 0.001 -14"><span class='ocrx_word' id='word_1_246' title='bbox 332 2242 437 2286; x_wconf 85' lang='lat' dir='ltr'>Quod</span> <span class='ocrx_word' id='word_1_247' title='bbox 459 2249 575 2275; x_wconf 85' lang='lat' dir='ltr'>autem</span> <span class='ocrx_word' id='word_1_248' title='bbox 601 2242 648 2274; x_wconf 85' lang='lat' dir='ltr'>ait</span> <span class='ocrx_word' id='word_1_249' title='bbox 664 2241 887 2283; x_wconf 73' lang='lat' dir='ltr'>Aristoteles,</span> <span class='ocrx_word' id='word_1_250' title='bbox 915 2241 1002 2275; x_wconf 88' lang='grc'>111100</span> <span class='ocrx_word' id='word_1_251' title='bbox 1024 2248 1208 2287; x_wconf 81' lang='lat' dir='ltr'>praecepta</span> 
     </span>
     <span class='ocr_line' id='line_1_42' title="bbox 229 2292 1210 2337; baseline 0.001 -13"><span class='ocrx_word' id='word_1_252' title='bbox 229 2293 406 2326; x_wconf 85' lang='lat' dir='ltr'>actionum</span> <span class='ocrx_word' id='word_1_253' title='bbox 429 2292 517 2326; x_wconf 84' lang='grc'>1111111</span> <span class='ocrx_word' id='word_1_254' title='bbox 535 2292 664 2326; x_wconf 87' lang='lat' dir='ltr'>habere</span> <span class='ocrx_word' id='word_1_255' title='bbox 682 2294 786 2334; x_wconf 83' lang='lat' dir='ltr'>firmi,</span> <span class='ocrx_word' id='word_1_256' title='bbox 809 2306 883 2327; x_wconf 87' lang='lat' dir='ltr'>non</span> <span class='ocrx_word' id='word_1_257' title='bbox 900 2294 1115 2337; x_wconf 81' lang='lat' dir='ltr'>intelligatur</span> <span class='ocrx_word' id='word_1_258' title='bbox 1132 2293 1210 2327; x_wconf 91' lang='lat' dir='ltr'>uni-</span> 
     </span>
     <span class='ocr_line' id='line_1_43' title="bbox 228 2344 1211 2391; baseline 0.001 -16"><span class='ocrx_word' id='word_1_259' title='bbox 228 2345 409 2377; x_wconf 61' lang='lat' dir='ltr'>vei-salites</span> <span class='ocrx_word' id='word_1_260' title='bbox 425 2346 467 2377; x_wconf 89' lang='lat' dir='ltr'>de</span> <span class='ocrx_word' id='word_1_261' title='bbox 483 2344 650 2384; x_wconf 89' lang='lat' dir='ltr'>summis,</span> <span class='ocrx_word' id='word_1_262' title='bbox 685 2347 744 2378; x_wconf 90' lang='grc'>5011</span> <span class='ocrx_word' id='word_1_263' title='bbox 767 2347 809 2379; x_wconf 87' lang='lat' dir='ltr'>de</span> <span class='ocrx_word' id='word_1_264' title='bbox 834 2346 1009 2391; x_wconf 87' lang='lat' dir='ltr'>plerisque</span> <span class='ocrx_word' id='word_1_265' title='bbox 1035 2344 1211 2378; x_wconf 86' lang='lat' dir='ltr'>inferiori-</span> 
     </span>
     <span class='ocr_line' id='line_1_44' title="bbox 228 2395 1210 2440; baseline 0.002 -14"><span class='ocrx_word' id='word_1_266' title='bbox 228 2395 302 2427; x_wconf 89' lang='lat' dir='ltr'>bus.</span> <span class='ocrx_word' id='word_1_267' title='bbox 354 2395 490 2429; x_wconf 82' lang='lat' dir='ltr'>Deinde</span> <span class='ocrx_word' id='word_1_268' title='bbox 507 2396 704 2440; x_wconf 78' lang='lat' dir='ltr'>ingreditur</span> <span class='ocrx_word' id='word_1_269' title='bbox 719 2397 754 2429; x_wconf 90' lang='lat' dir='ltr'>in</span> <span class='ocrx_word' id='word_1_270' title='bbox 772 2398 888 2430; x_wconf 86' lang='lat' dir='ltr'>locum</span> <span class='ocrx_word' id='word_1_271' title='bbox 908 2397 1210 2436; x_wconf 87' lang='lat' dir='ltr'>amoenissimum,</span> 
     </span>
     <span class='ocr_line' id='line_1_45' title="bbox 228 2446 1210 2494; baseline 0.001 -16"><span class='ocrx_word' id='word_1_272' title='bbox 228 2446 289 2478; x_wconf 83' lang='lat' dir='ltr'>ubi</span> <span class='ocrx_word' id='word_1_273' title='bbox 304 2458 343 2478; x_wconf 77' lang='lat' dir='ltr'>ex</span> <span class='ocrx_word' id='word_1_274' title='bbox 360 2448 525 2489; x_wconf 70' lang='lat' dir='ltr'>gradibus</span> <span class='ocrx_word' id='word_1_275' title='bbox 543 2448 723 2481; x_wconf 84' lang='lat' dir='ltr'>actionum</span> <span class='ocrx_word' id='word_1_276' title='bbox 750 2449 909 2494; x_wconf 80' lang='lat' dir='ltr'>quaerit,</span> <span class='ocrx_word' id='word_1_277' title='bbox 937 2461 1026 2494; x_wconf 83' lang='lat' dir='ltr'>quae</span> <span class='ocrx_word' id='word_1_278' title='bbox 1051 2448 1096 2482; x_wconf 82' lang='lat' dir='ltr'>sit</span> <span class='ocrx_word' id='word_1_279' title='bbox 1120 2447 1210 2491; x_wconf 90' lang='lat' dir='ltr'>opti-</span> 
     </span>
     <span class='ocr_line' id='line_1_46' title="bbox 230 2498 1210 2544; baseline 0.003 -15"><span class='ocrx_word' id='word_1_280' title='bbox 230 2510 284 2529; x_wconf 84' lang='lat' dir='ltr'>ma</span> <span class='ocrx_word' id='word_1_281' title='bbox 305 2498 412 2537; x_wconf 86' lang='lat' dir='ltr'>actio,</span> <span class='ocrx_word' id='word_1_282' title='bbox 440 2499 569 2531; x_wconf 87' lang='lat' dir='ltr'>scilicet</span> <span class='ocrx_word' id='word_1_283' title='bbox 594 2500 800 2539; x_wconf 85' lang='lat' dir='ltr'>inediocris,</span> <span class='ocrx_word' id='word_1_284' title='bbox 829 2506 862 2533; x_wconf 87' lang='lat' dir='ltr'>et</span> <span class='ocrx_word' id='word_1_285' title='bbox 883 2501 1065 2544; x_wconf 70' lang='lat' dir='ltr'>praefatur</span> <span class='ocrx_word' id='word_1_286' title='bbox 1088 2510 1210 2532; x_wconf 83' lang='lat' dir='ltr'>omnes</span> 
     </span>
    </p>
   </div>
   <div class='ocr_carea' id='block_1_7' title="bbox 228 2547 1210 2647">
    <p class='ocr_par' dir='ltr' id='par_1_8' title="bbox 228 2547 1210 2647">
     <span class='ocr_line' id='line_1_47' title="bbox 229 2547 1209 2597; baseline 0.003 -18"><span class='ocrx_word' id='word_1_287' title='bbox 229 2547 379 2581; x_wconf 77' lang='lat' dir='ltr'>artifices</span> <span class='ocrx_word' id='word_1_288' title='bbox 402 2550 680 2583; x_wconf 77' lang='lat' dir='ltr'>mediocritatem</span> <span class='ocrx_word' id='word_1_289' title='bbox 705 2552 885 2596; x_wconf 81' lang='lat' dir='ltr'>quandam</span> <span class='ocrx_word' id='word_1_290' title='bbox 910 2563 1089 2597; x_wconf 78' lang='lat' dir='ltr'>quaerere.</span> <span class='ocrx_word' id='word_1_291' title='bbox 1149 2550 1209 2589; x_wconf 82' lang='lat' dir='ltr'>Ut,</span> 
     </span>
     <span class='ocr_line' id='line_1_48' title="bbox 228 2599 1210 2647; baseline 0.003 -16"><span class='ocrx_word' id='word_1_292' title='bbox 228 2599 378 2631; x_wconf 87' lang='lat' dir='ltr'>intentio</span> <span class='ocrx_word' id='word_1_293' title='bbox 399 2601 493 2647; x_wconf 70' lang='lat' dir='ltr'>vocis</span> <span class='ocrx_word' id='word_1_294' title='bbox 512 2601 619 2633; x_wconf 85' lang='lat' dir='ltr'>nimia</span> <span class='ocrx_word' id='word_1_295' title='bbox 648 2602 756 2635; x_wconf 87' lang='lat' dir='ltr'>laedit</span> <span class='ocrx_word' id='word_1_296' title='bbox 782 2615 914 2647; x_wconf 77' lang='lat' dir='ltr'>organa</span> <span class='ocrx_word' id='word_1_297' title='bbox 939 2603 1045 2635; x_wconf 68' lang='lat' dir='ltr'>xocis.</span> <span class='ocrx_word' id='word_1_298' title='bbox 1095 2600 1210 2635; x_wconf 63' lang='lat' dir='ltr'>Nimis</span> 
     </span>
    </p>
   </div>
   <div class='ocr_carea' id='block_1_8' title="bbox 227 2650 1211 2698">
    <p class='ocr_par' dir='ltr' id='par_1_9' title="bbox 227 2650 1211 2698">
     <span class='ocr_line' id='line_1_49' title="bbox 227 2650 1211 2698; baseline 0.001 -15"><span class='ocrx_word' id='word_1_299' title='bbox 227 2650 397 2683; x_wconf 80' lang='lat' dir='ltr'>submissa</span> <span class='ocrx_word' id='word_1_300' title='bbox 421 2657 470 2683; x_wconf 88' lang='lat' dir='ltr'>est</span> <span class='ocrx_word' id='word_1_301' title='bbox 493 2652 656 2686; x_wconf 76' lang='lat' dir='ltr'>absurda.</span> <span class='ocrx_word' id='word_1_302' title='bbox 715 2654 866 2687; x_wconf 71' lang='lat' dir='ltr'>Amatur</span> <span class='ocrx_word' id='word_1_303' title='bbox 891 2654 999 2698; x_wconf 82' lang='lat' dir='ltr'>igitur</span> <span class='ocrx_word' id='word_1_304' title='bbox 1023 2651 1211 2686; x_wconf 82' lang='lat' dir='ltr'>mediocri-</span> 
     </span>
    </p>
   </div>
   <div class='ocr_carea' id='block_1_9' title="bbox 263 2734 958 2767">
    <p class='ocr_par' dir='ltr' id='par_1_10' title="bbox 263 2734 958 2767">
     <span class='ocr_line' id='line_1_50' title="bbox 263 2734 958 2767; baseline 0.004 -8"><span class='ocrx_word' id='word_1_305' title='bbox 263 2736 295 2764; x_wconf 70' lang='lat' dir='ltr'>*J</span> <span class='ocrx_word' id='word_1_306' title='bbox 314 2735 436 2765; x_wconf 77' lang='lat' dir='ltr'>alienae]</span> <span class='ocrx_word' id='word_1_307' title='bbox 459 2734 499 2758; x_wconf 85' lang='lat' dir='ltr'>sic</span> <span class='ocrx_word' id='word_1_308' title='bbox 516 2734 563 2759; x_wconf 79' lang='lat' dir='ltr'>Ed.</span> <span class='ocrx_word' id='word_1_309' title='bbox 582 2736 673 2767; x_wconf 68' lang='lat'>1546.;</span> <span class='ocrx_word' id='word_1_310' title='bbox 699 2737 748 2761; x_wconf 74' lang='lat' dir='ltr'>Ed.</span> <span class='ocrx_word' id='word_1_311' title='bbox 766 2738 839 2762; x_wconf 75' lang='lat'>1545.</span> <span class='ocrx_word' id='word_1_312' title='bbox 859 2737 958 2762; x_wconf 75' lang='lat' dir='ltr'>aliena.</span> 
     </span>
    </p>
   </div>
   <div class='ocr_carea' id='block_1_10' title="bbox 498 125 1970 164">
    <p class='ocr_par' dir='ltr' id='par_1_11' title="bbox 498 125 1970 164">
     <span class='ocr_line' id='line_1_51' title="bbox 498 125 1970 164; baseline 0 -2"><span class='ocrx_word' id='word_1_313' title='bbox 498 127 698 163; x_wconf 75' lang='lat' dir='ltr'>SCRIPTA</span> <span class='ocrx_word' id='word_1_314' title='bbox 723 128 798 164; x_wconf 89' lang='lat' dir='ltr'>PH.</span> <span class='ocrx_word' id='word_1_315' title='bbox 824 127 935 163; x_wconf 81' lang='lat' dir='ltr'>MEL.</span> <span class='ocrx_word' id='word_1_316' title='bbox 962 127 1027 162; x_wconf 91' lang='lat' dir='ltr'>AD</span> <span class='ocrx_word' id='word_1_317' title='bbox 1053 125 1263 161; x_wconf 84' lang='lat' dir='ltr'>ETHICEN</span> <span class='ocrx_word' id='word_1_318' title='bbox 1289 126 1353 160; x_wconf 83' lang='lat' dir='ltr'>ET</span> <span class='ocrx_word' id='word_1_319' title='bbox 1380 126 1634 163; x_wconf 88' lang='lat' dir='ltr'>POLITICEN</span> <span class='ocrx_word' id='word_1_320' title='bbox 1662 127 1970 163; x_wconf 65' lang='lat' dir='ltr'>SPECTANTIA.</span> 
     </span>
    </p>
   </div>
   <div class='ocr_carea' id='block_1_11' title="bbox 2172 131 2247 168">
    <p class='ocr_par' dir='ltr' id='par_1_12' title="bbox 2172 131 2247 168">
     <span class='ocr_line' id='line_1_52' title="bbox 2172 131 2247 168; baseline 0.053 -4"><span class='ocrx_word' id='word_1_321' title='bbox 2172 131 2247 168; x_wconf 76' lang='lat'>312</span> 
     </span>
    </p>
   </div>
   <div class='ocr_carea' id='block_1_12' title="bbox 1261 213 2249 402">
    <p class='ocr_par' dir='ltr' id='par_1_13' title="bbox 1261 213 2249 402">
     <span class='ocr_line' id='line_1_53' title="bbox 1263 213 2246 258; baseline 0.003 -13"><span class='ocrx_word' id='word_1_322' title='bbox 1263 218 1334 253; x_wconf 81' lang='lat' dir='ltr'>tas,</span> <span class='ocrx_word' id='word_1_323' title='bbox 1362 226 1453 258; x_wconf 86' lang='lat' dir='ltr'>quae</span> <span class='ocrx_word' id='word_1_324' title='bbox 1470 213 1635 247; x_wconf 74' lang='lat' dir='ltr'>convenit</span> <span class='ocrx_word' id='word_1_325' title='bbox 1649 221 1810 255; x_wconf 84' lang='lat' dir='ltr'>naturae,</span> <span class='ocrx_word' id='word_1_326' title='bbox 1839 221 1873 247; x_wconf 86' lang='lat' dir='ltr'>et</span> <span class='ocrx_word' id='word_1_327' title='bbox 1890 214 2043 247; x_wconf 85' lang='lat' dir='ltr'>musicus</span> <span class='ocrx_word' id='word_1_328' title='bbox 2060 215 2246 248; x_wconf 81' lang='lat' dir='ltr'>mediocri-</span> 
     </span>
     <span class='ocr_line' id='line_1_54' title="bbox 1263 262 2248 310; baseline 0.005 -15"><span class='ocrx_word' id='word_1_329' title='bbox 1263 270 1368 296; x_wconf 82' lang='lat' dir='ltr'>tatem</span> <span class='ocrx_word' id='word_1_330' title='bbox 1389 262 1479 297; x_wconf 87' lang='grc'>1111110</span> <span class='ocrx_word' id='word_1_331' title='bbox 1495 265 1644 310; x_wconf 83' lang='lat' dir='ltr'>quaerit.</span> <span class='ocrx_word' id='word_1_332' title='bbox 1698 266 1748 299; x_wconf 70' lang='lat' dir='ltr'>Ac</span> <span class='ocrx_word' id='word_1_333' title='bbox 1764 278 1891 307; x_wconf 67' lang='lat' dir='ltr'>magna</span> <span class='ocrx_word' id='word_1_334' title='bbox 1916 266 2074 309; x_wconf 77' lang='lat' dir='ltr'>profecto</span> <span class='ocrx_word' id='word_1_335' title='bbox 2097 267 2174 299; x_wconf 89' lang='lat' dir='ltr'>laus</span> <span class='ocrx_word' id='word_1_336' title='bbox 2197 273 2248 300; x_wconf 87' lang='lat' dir='ltr'>est</span> 
     </span>
     <span class='ocr_line' id='line_1_55' title="bbox 1261 314 2249 360; baseline 0.005 -14"><span class='ocrx_word' id='word_1_337' title='bbox 1261 314 1473 355; x_wconf 71' lang='lat' dir='ltr'>Aristotelis,</span> <span class='ocrx_word' id='word_1_338' title='bbox 1496 317 1592 360; x_wconf 84' lang='lat' dir='ltr'>qnod</span> <span class='ocrx_word' id='word_1_339' title='bbox 1610 316 1704 349; x_wconf 74' lang='lat' dir='ltr'>videt</span> <span class='ocrx_word' id='word_1_340' title='bbox 1722 317 1868 350; x_wconf 73' lang='lat' dir='ltr'>virtutes</span> <span class='ocrx_word' id='word_1_341' title='bbox 1886 330 1957 350; x_wconf 85' lang='lat' dir='ltr'>esse</span> <span class='ocrx_word' id='word_1_342' title='bbox 1974 316 2249 359; x_wconf 81' lang='lat' dir='ltr'>mediocritates,</span> 
     </span>
     <span class='ocr_line' id='line_1_56' title="bbox 1264 364 1847 402; baseline 0.007 -5"><span class='ocrx_word' id='word_1_343' title='bbox 1264 372 1297 398; x_wconf 84' lang='lat' dir='ltr'>et</span> <span class='ocrx_word' id='word_1_344' title='bbox 1310 366 1406 400; x_wconf 77' lang='lat' dir='ltr'>utilis</span> <span class='ocrx_word' id='word_1_345' title='bbox 1425 372 1476 399; x_wconf 87' lang='grc'>051</span> <span class='ocrx_word' id='word_1_346' title='bbox 1492 364 1690 400; x_wconf 70' lang='grc' dir='ltr'>111111101ιίΗο</span> <span class='ocrx_word' id='word_1_347' title='bbox 1709 367 1744 399; x_wconf 86' lang='grc'>111</span> <span class='ocrx_word' id='word_1_348' title='bbox 1763 368 1847 402; x_wconf 67' lang='lat' dir='ltr'>xita.</span> 
     </span>
    </p>
   </div>
   <div class='ocr_carea' id='block_1_13' title="bbox 1541 433 1966 469">
    <p class='ocr_par' dir='ltr' id='par_1_14' title="bbox 1541 433 1966 469">
     <span class='ocr_line' id='line_1_57' title="bbox 1541 433 1966 469; baseline 0.007 -4"><span class='ocrx_word' id='word_1_349' title='bbox 1541 433 1601 466; x_wconf 87' lang='lat' dir='ltr'>De</span> <span class='ocrx_word' id='word_1_350' title='bbox 1629 435 1966 469; x_wconf 78' lang='lat' dir='ltr'>mediocritate.</span> 
     </span>
    </p>
   </div>
   <div class='ocr_carea' id='block_1_14' title="bbox 1263 492 2250 1050">
    <p class='ocr_par' dir='ltr' id='par_1_15' title="bbox 1263 492 2250 1050">
     <span class='ocr_line' id='line_1_58' title="bbox 1366 492 2250 537; baseline 0.003 -11"><span class='ocrx_word' id='word_1_351' title='bbox 1366 492 1502 526; x_wconf 84' lang='lat' dir='ltr'>Ordine</span> <span class='ocrx_word' id='word_1_352' title='bbox 1519 493 1706 537; x_wconf 68' lang='lat' dir='ltr'>investigat</span> <span class='ocrx_word' id='word_1_353' title='bbox 1727 493 1932 528; x_wconf 72' lang='lat' dir='ltr'>Aristoteles</span> <span class='ocrx_word' id='word_1_354' title='bbox 1950 495 2191 528; x_wconf 81' lang='lat' dir='ltr'>definitionem</span> <span class='ocrx_word' id='word_1_355' title='bbox 2216 501 2250 529; x_wconf 87' lang='lat' dir='ltr'>et</span> 
     </span>
     <span class='ocr_line' id='line_1_59' title="bbox 1263 545 2248 590; baseline 0.003 -14"><span class='ocrx_word' id='word_1_356' title='bbox 1263 550 1428 577; x_wconf 80' lang='lat' dir='ltr'>naturam</span> <span class='ocrx_word' id='word_1_357' title='bbox 1444 545 1603 585; x_wconf 72' lang='lat' dir='ltr'>virtutis,</span> <span class='ocrx_word' id='word_1_358' title='bbox 1632 545 1667 577; x_wconf 92' lang='lat' dir='ltr'>in</span> <span class='ocrx_word' id='word_1_359' title='bbox 1684 556 1752 590; x_wconf 83' lang='lat' dir='ltr'>qua</span> <span class='ocrx_word' id='word_1_360' title='bbox 1772 546 1925 589; x_wconf 87' lang='lat' dir='ltr'>primmn</span> <span class='ocrx_word' id='word_1_361' title='bbox 1943 547 2030 579; x_wconf 86' lang='lat' dir='ltr'>sacta</span> <span class='ocrx_word' id='word_1_362' title='bbox 2051 553 2100 579; x_wconf 75' lang='lat' dir='ltr'>est</span> <span class='ocrx_word' id='word_1_363' title='bbox 2114 547 2248 580; x_wconf 87' lang='lat' dir='ltr'>mentio</span> 
     </span>
     <span class='ocr_line' id='line_1_60' title="bbox 1265 596 2250 642; baseline 0.005 -16"><span class='ocrx_word' id='word_1_364' title='bbox 1265 596 1474 640; x_wconf 69' lang='lat' dir='ltr'>praecipuae</span> <span class='ocrx_word' id='word_1_365' title='bbox 1499 608 1643 636; x_wconf 87' lang='lat' dir='ltr'>causae,</span> <span class='ocrx_word' id='word_1_366' title='bbox 1687 596 1866 637; x_wconf 71' lang='lat' dir='ltr'>videlicet,</span> <span class='ocrx_word' id='word_1_367' title='bbox 1908 599 2003 642; x_wconf 79' lang='lat' dir='ltr'>quod</span> <span class='ocrx_word' id='word_1_368' title='bbox 2034 610 2172 632; x_wconf 86' lang='lat' dir='ltr'>necesse</span> <span class='ocrx_word' id='word_1_369' title='bbox 2205 597 2250 631; x_wconf 88' lang='lat' dir='ltr'>sit</span> 
     </span>
     <span class='ocr_line' id='line_1_61' title="bbox 1264 648 2250 689; baseline 0.004 -12"><span class='ocrx_word' id='word_1_370' title='bbox 1264 659 1341 679; x_wconf 91' lang='lat' dir='ltr'>eam</span> <span class='ocrx_word' id='word_1_371' title='bbox 1368 660 1561 689; x_wconf 69' lang='lat' dir='ltr'>congruere</span> <span class='ocrx_word' id='word_1_372' title='bbox 1585 648 1628 679; x_wconf 91' lang='lat' dir='ltr'>ad</span> <span class='ocrx_word' id='word_1_373' title='bbox 1658 653 1788 680; x_wconf 87' lang='lat' dir='ltr'>rectam</span> <span class='ocrx_word' id='word_1_374' title='bbox 1822 648 2009 682; x_wconf 84' lang='lat' dir='ltr'>rationem.</span> <span class='ocrx_word' id='word_1_375' title='bbox 2076 649 2170 682; x_wconf 87' lang='lat' dir='ltr'>Haec</span> <span class='ocrx_word' id='word_1_376' title='bbox 2199 655 2250 683; x_wconf 85' lang='grc'>051</span> 
     </span>
     <span class='ocr_line' id='line_1_62' title="bbox 1265 698 2249 742; baseline 0.004 -13"><span class='ocrx_word' id='word_1_377' title='bbox 1265 698 1357 730; x_wconf 89' lang='lat' dir='ltr'>enim</span> <span class='ocrx_word' id='word_1_378' title='bbox 1385 699 1497 742; x_wconf 88' lang='lat' dir='ltr'>prima</span> <span class='ocrx_word' id='word_1_379' title='bbox 1527 705 1560 731; x_wconf 90' lang='lat' dir='ltr'>et</span> <span class='ocrx_word' id='word_1_380' title='bbox 1588 711 1689 731; x_wconf 92' lang='lat' dir='ltr'>causa</span> <span class='ocrx_word' id='word_1_381' title='bbox 1718 705 1749 731; x_wconf 91' lang='grc'>01</span> <span class='ocrx_word' id='word_1_382' title='bbox 1768 700 1885 741; x_wconf 75' lang='lat' dir='ltr'>regula</span> <span class='ocrx_word' id='word_1_383' title='bbox 1904 699 2055 732; x_wconf 58' lang='lat' dir='ltr'>virtutis.</span> <span class='ocrx_word' id='word_1_384' title='bbox 2107 701 2156 733; x_wconf 78' lang='grc' dir='ltr'>.Χο</span> <span class='ocrx_word' id='word_1_385' title='bbox 2174 712 2249 733; x_wconf 85' lang='lat' dir='ltr'>cae-</span> 
     </span>
     <span class='ocr_line' id='line_1_63' title="bbox 1265 748 2247 795; baseline 0.002 -14"><span class='ocrx_word' id='word_1_386' title='bbox 1265 749 1330 781; x_wconf 90' lang='lat' dir='ltr'>teri</span> <span class='ocrx_word' id='word_1_387' title='bbox 1348 750 1537 793; x_wconf 80' lang='lat' dir='ltr'>scriptores</span> <span class='ocrx_word' id='word_1_388' title='bbox 1554 749 1716 793; x_wconf 80' lang='lat' dir='ltr'>plurimi,</span> <span class='ocrx_word' id='word_1_389' title='bbox 1745 751 1900 783; x_wconf 84' lang='lat' dir='ltr'>contenti</span> <span class='ocrx_word' id='word_1_390' title='bbox 1919 751 2062 783; x_wconf 87' lang='lat' dir='ltr'>suerunt</span> <span class='ocrx_word' id='word_1_391' title='bbox 2086 748 2151 784; x_wconf 83' lang='lat' dir='ltr'>hac</span> <span class='ocrx_word' id='word_1_392' title='bbox 2172 751 2247 795; x_wconf 80' lang='lat' dir='ltr'>ipsa</span> 
     </span>
     <span class='ocr_line' id='line_1_64' title="bbox 1265 800 2248 845; baseline 0.004 -13"><span class='ocrx_word' id='word_1_393' title='bbox 1265 801 1512 845; x_wconf 68' lang='lat' dir='ltr'>descriptione.</span> <span class='ocrx_word' id='word_1_394' title='bbox 1578 800 1699 833; x_wconf 54' lang='lat' dir='ltr'>Virtus</span> <span class='ocrx_word' id='word_1_395' title='bbox 1725 807 1775 833; x_wconf 84' lang='grc'>051</span> <span class='ocrx_word' id='word_1_396' title='bbox 1798 801 1940 834; x_wconf 90' lang='lat' dir='ltr'>obedire</span> <span class='ocrx_word' id='word_1_397' title='bbox 1963 807 2078 834; x_wconf 88' lang='lat' dir='ltr'>rectae</span> <span class='ocrx_word' id='word_1_398' title='bbox 2106 802 2248 837; x_wconf 86' lang='lat' dir='ltr'>rationi.</span> 
     </span>
     <span class='ocr_line' id='line_1_65' title="bbox 1265 852 2249 898; baseline 0.002 -15"><span class='ocrx_word' id='word_1_399' title='bbox 1265 852 1332 883; x_wconf 75' lang='lat' dir='ltr'>Sed</span> <span class='ocrx_word' id='word_1_400' title='bbox 1343 852 1548 885; x_wconf 69' lang='lat' dir='ltr'>Aristoteles</span> <span class='ocrx_word' id='word_1_401' title='bbox 1566 852 1701 883; x_wconf 86' lang='lat' dir='ltr'>addidit</span> <span class='ocrx_word' id='word_1_402' title='bbox 1722 852 1889 886; x_wconf 81' lang='lat' dir='ltr'>illustrem</span> <span class='ocrx_word' id='word_1_403' title='bbox 1908 853 2131 896; x_wconf 81' lang='lat' dir='ltr'>particulam,</span> <span class='ocrx_word' id='word_1_404' title='bbox 2159 866 2249 898; x_wconf 86' lang='lat' dir='ltr'>quae</span> 
     </span>
     <span class='ocr_line' id='line_1_66' title="bbox 1267 901 2249 948; baseline 0.004 -14"><span class='ocrx_word' id='word_1_405' title='bbox 1267 903 1439 942; x_wconf 77' lang='lat' dir='ltr'>ostendit,</span> <span class='ocrx_word' id='word_1_406' title='bbox 1468 903 1581 948; x_wconf 84' lang='lat' dir='ltr'>qualis</span> <span class='ocrx_word' id='word_1_407' title='bbox 1600 903 1643 935; x_wconf 83' lang='lat' dir='ltr'>sit</span> <span class='ocrx_word' id='word_1_408' title='bbox 1662 901 1748 936; x_wconf 87' lang='lat' dir='ltr'>hacc</span> <span class='ocrx_word' id='word_1_409' title='bbox 1766 903 1837 947; x_wconf 85' lang='lat' dir='ltr'>ipsa</span> <span class='ocrx_word' id='word_1_410' title='bbox 1855 903 2053 937; x_wconf 86' lang='lat' dir='ltr'>obedientia</span> <span class='ocrx_word' id='word_1_411' title='bbox 2081 904 2116 937; x_wconf 92' lang='lat' dir='ltr'>in</span> <span class='ocrx_word' id='word_1_412' title='bbox 2141 905 2249 938; x_wconf 90' lang='lat' dir='ltr'>mori-</span> 
     </span>
     <span class='ocr_line' id='line_1_67' title="bbox 1266 954 2250 994; baseline 0.004 -9"><span class='ocrx_word' id='word_1_413' title='bbox 1266 955 1349 994; x_wconf 81' lang='lat' dir='ltr'>bus,</span> <span class='ocrx_word' id='word_1_414' title='bbox 1391 967 1451 987; x_wconf 87' lang='lat' dir='ltr'>seu</span> <span class='ocrx_word' id='word_1_415' title='bbox 1481 954 1698 994; x_wconf 78' lang='lat' dir='ltr'>actionibus,</span> <span class='ocrx_word' id='word_1_416' title='bbox 2188 968 2250 990; x_wconf 89' lang='grc'>5011</span> 
     </span>
     <span class='ocr_line' id='line_1_68' title="bbox 1267 1005 2249 1050; baseline 0.003 -13"><span class='ocrx_word' id='word_1_417' title='bbox 1267 1012 1357 1038; x_wconf 90' lang='lat' dir='ltr'>certa</span> <span class='ocrx_word' id='word_1_418' title='bbox 1378 1007 1531 1050; x_wconf 88' lang='lat' dir='ltr'>quadam</span> <span class='ocrx_word' id='word_1_419' title='bbox 1552 1005 1795 1037; x_wconf 74' lang='lat' dir='ltr'>moderatione</span> <span class='ocrx_word' id='word_1_420' title='bbox 1813 1007 1856 1038; x_wconf 88' lang='lat' dir='ltr'>ab</span> <span class='ocrx_word' id='word_1_421' title='bbox 1882 1006 2046 1038; x_wconf 74' lang='lat' dir='ltr'>extremis</span> <span class='ocrx_word' id='word_1_422' title='bbox 2070 1008 2249 1048; x_wconf 85' lang='lat' dir='ltr'>recedens,</span> 
     </span>
    </p>
   </div>
   <div class='ocr_carea' id='block_1_15' title="bbox 1741 955 2139 996">
    <p class='ocr_par' dir='ltr' id='par_1_16' title="bbox 1741 955 2139 996">
     <span class='ocr_line' id='line_1_69' title="bbox 1741 955 2139 996; baseline 0.01 -11"><span class='ocrx_word' id='word_1_423' title='bbox 1741 968 1754 985; x_wconf 70' lang='lat' dir='ltr'>x</span> <span class='ocrx_word' id='word_1_424' title='bbox 1767 955 1897 988; x_wconf 83' lang='lat' dir='ltr'>idelicet</span> <span class='ocrx_word' id='word_1_425' title='bbox 1934 955 2120 989; x_wconf 84' lang='lat' dir='ltr'>mediocris</span> <span class='ocrx_word' id='word_1_426' title='bbox 2130 983 2139 996; x_wconf 96' lang='lat'>,</span> 
     </span>
    </p>
   </div>
   <div class='ocr_carea' id='block_1_16' title="bbox 1265 1057 2250 1253">
    <p class='ocr_par' dir='ltr' id='par_1_17' title="bbox 1265 1057 2250 1253">
     <span class='ocr_line' id='line_1_70' title="bbox 1267 1057 2250 1102; baseline 0.002 -14"><span class='ocrx_word' id='word_1_427' title='bbox 1267 1063 1499 1102; x_wconf 70' lang='lat' dir='ltr'>moveturque</span> <span class='ocrx_word' id='word_1_428' title='bbox 1534 1057 1694 1101; x_wconf 79' lang='lat' dir='ltr'>exemplo</span> <span class='ocrx_word' id='word_1_429' title='bbox 1725 1057 1885 1090; x_wconf 88' lang='lat' dir='ltr'>onmium</span> <span class='ocrx_word' id='word_1_430' title='bbox 1909 1058 2088 1089; x_wconf 87' lang='lat' dir='ltr'>actionum</span> <span class='ocrx_word' id='word_1_431' title='bbox 2114 1058 2150 1090; x_wconf 90' lang='lat' dir='ltr'>in</span> <span class='ocrx_word' id='word_1_432' title='bbox 2175 1058 2250 1090; x_wconf 90' lang='lat' dir='ltr'>ani-</span> 
     </span>
     <span class='ocr_line' id='line_1_71' title="bbox 1267 1108 2250 1156; baseline 0.003 -17"><span class='ocrx_word' id='word_1_433' title='bbox 1267 1108 1464 1147; x_wconf 84' lang='lat' dir='ltr'>mantibus,</span> <span class='ocrx_word' id='word_1_434' title='bbox 1490 1114 1526 1139; x_wconf 85' lang='lat' dir='ltr'>ut</span> <span class='ocrx_word' id='word_1_435' title='bbox 1549 1108 1715 1139; x_wconf 65' lang='lat' dir='ltr'>virtutem</span> <span class='ocrx_word' id='word_1_436' title='bbox 1733 1108 1837 1140; x_wconf 88' lang='lat' dir='ltr'>etiam</span> <span class='ocrx_word' id='word_1_437' title='bbox 1856 1108 1890 1140; x_wconf 88' lang='lat' dir='ltr'>in</span> <span class='ocrx_word' id='word_1_438' title='bbox 1908 1108 2151 1156; x_wconf 78' lang='lat' dir='ltr'>mediocritate</span> <span class='ocrx_word' id='word_1_439' title='bbox 2168 1121 2250 1142; x_wconf 91' lang='lat' dir='ltr'>con-</span> 
     </span>
     <span class='ocr_line' id='line_1_72' title="bbox 1266 1159 1406 1197; baseline -0.014 -6"><span class='ocrx_word' id='word_1_440' title='bbox 1266 1159 1406 1197; x_wconf 79' lang='grc'>511111111,</span> 
     </span>
     <span class='ocr_line' id='line_1_73' title="bbox 1265 1211 1937 1253; baseline 0.003 -12"><span class='ocrx_word' id='word_1_441' title='bbox 1265 1215 1453 1253; x_wconf 60' lang='lat' dir='ltr'>utriunque</span> <span class='ocrx_word' id='word_1_442' title='bbox 1478 1215 1614 1252; x_wconf 85' lang='lat' dir='ltr'>partem</span> <span class='ocrx_word' id='word_1_443' title='bbox 1638 1216 1766 1241; x_wconf 84' lang='lat' dir='ltr'>nocent</span> <span class='ocrx_word' id='word_1_444' title='bbox 1790 1211 1937 1243; x_wconf 73' lang='grc'>1111111015.</span> 
     </span>
    </p>
   </div>
   <div class='ocr_carea' id='block_1_17' title="bbox 1264 1158 2250 1817">
    <p class='ocr_par' dir='ltr' id='par_1_18' title="bbox 1264 1158 2250 1817">
     <span class='ocr_line' id='line_1_74' title="bbox 1460 1158 2248 1203; baseline 0.005 -14"><span class='ocrx_word' id='word_1_445' title='bbox 1460 1158 1542 1203; x_wconf 86' lang='lat' dir='ltr'>quia</span> <span class='ocrx_word' id='word_1_446' title='bbox 1576 1171 1697 1191; x_wconf 86' lang='lat' dir='ltr'>omnes</span> <span class='ocrx_word' id='word_1_447' title='bbox 1727 1158 1982 1192; x_wconf 79' lang='lat' dir='ltr'>immoderatae</span> <span class='ocrx_word' id='word_1_448' title='bbox 2022 1159 2178 1193; x_wconf 83' lang='lat' dir='ltr'>actiones</span> <span class='ocrx_word' id='word_1_449' title='bbox 2213 1160 2248 1193; x_wconf 89' lang='lat' dir='ltr'>in</span> 
     </span>
     <span class='ocr_line' id='line_1_75' title="bbox 2005 1208 2250 1245; baseline 0.004 -3"><span class='ocrx_word' id='word_1_450' title='bbox 2005 1208 2078 1242; x_wconf 89' lang='lat' dir='ltr'>Iam</span> <span class='ocrx_word' id='word_1_451' title='bbox 2101 1210 2250 1245; x_wconf 86' lang='lat' dir='ltr'>studiosi</span> 
     </span>
     <span class='ocr_line' id='line_1_76' title="bbox 1266 1257 2250 1308; baseline 0.003 -16"><span class='ocrx_word' id='word_1_452' title='bbox 1266 1260 1480 1292; x_wconf 83' lang='lat' dir='ltr'>transferant</span> <span class='ocrx_word' id='word_1_453' title='bbox 1496 1257 1581 1292; x_wconf 88' lang='lat' dir='ltr'>haec</span> <span class='ocrx_word' id='word_1_454' title='bbox 1601 1261 1645 1292; x_wconf 88' lang='lat' dir='ltr'>ad</span> <span class='ocrx_word' id='word_1_455' title='bbox 1669 1260 1798 1301; x_wconf 68' lang='lat' dir='ltr'>vitam,</span> <span class='ocrx_word' id='word_1_456' title='bbox 1833 1268 1865 1294; x_wconf 88' lang='lat' dir='ltr'>et</span> <span class='ocrx_word' id='word_1_457' title='bbox 1891 1261 2114 1294; x_wconf 86' lang='lat' dir='ltr'>considerent</span> <span class='ocrx_word' id='word_1_458' title='bbox 2138 1274 2250 1308; x_wconf 85' lang='lat' dir='ltr'>quan-</span> 
     </span>
     <span class='ocr_line' id='line_1_77' title="bbox 1266 1311 2249 1357; baseline 0.003 -14"><span class='ocrx_word' id='word_1_459' title='bbox 1266 1317 1340 1344; x_wconf 89' lang='lat' dir='ltr'>tum</span> <span class='ocrx_word' id='word_1_460' title='bbox 1360 1312 1464 1344; x_wconf 90' lang='lat' dir='ltr'>decus</span> <span class='ocrx_word' id='word_1_461' title='bbox 1487 1311 1528 1344; x_wconf 82' lang='lat' dir='ltr'>sit</span> <span class='ocrx_word' id='word_1_462' title='bbox 1553 1311 1796 1351; x_wconf 81' lang='lat' dir='ltr'>mediocritas,</span> <span class='ocrx_word' id='word_1_463' title='bbox 1831 1324 1904 1345; x_wconf 87' lang='lat' dir='ltr'>non</span> <span class='ocrx_word' id='word_1_464' title='bbox 1925 1312 2073 1345; x_wconf 89' lang='lat' dir='ltr'>nimium</span> <span class='ocrx_word' id='word_1_465' title='bbox 2099 1311 2249 1357; x_wconf 70' lang='lat' dir='ltr'>provehi</span> 
     </span>
     <span class='ocr_line' id='line_1_78' title="bbox 1266 1362 2249 1401; baseline 0.003 -7"><span class='ocrx_word' id='word_1_466' title='bbox 1266 1362 1470 1401; x_wconf 82' lang='lat' dir='ltr'>iracundia,</span> <span class='ocrx_word' id='word_1_467' title='bbox 1498 1363 1587 1395; x_wconf 88' lang='lat' dir='ltr'>odiis</span> <span class='ocrx_word' id='word_1_468' title='bbox 1609 1369 1642 1395; x_wconf 90' lang='lat' dir='ltr'>et</span> <span class='ocrx_word' id='word_1_469' title='bbox 1660 1363 1736 1396; x_wconf 89' lang='lat' dir='ltr'>aliis</span> <span class='ocrx_word' id='word_1_470' title='bbox 1758 1363 1924 1397; x_wconf 86' lang='lat' dir='ltr'>motibus.</span> <span class='ocrx_word' id='word_1_471' title='bbox 1982 1362 2069 1396; x_wconf 89' lang='lat' dir='ltr'>Late</span> <span class='ocrx_word' id='word_1_472' title='bbox 2094 1364 2187 1397; x_wconf 89' lang='lat' dir='ltr'>enim</span> <span class='ocrx_word' id='word_1_473' title='bbox 2213 1364 2249 1397; x_wconf 90' lang='lat' dir='ltr'>in</span> 
     </span>
     <span class='ocr_line' id='line_1_79' title="bbox 1267 1413 2249 1458; baseline 0.005 -14"><span class='ocrx_word' id='word_1_474' title='bbox 1267 1413 1364 1446; x_wconf 86' lang='lat' dir='ltr'>omni</span> <span class='ocrx_word' id='word_1_475' title='bbox 1381 1414 1450 1445; x_wconf 56' lang='lat' dir='ltr'>x‘ita</span> <span class='ocrx_word' id='word_1_476' title='bbox 1470 1420 1696 1457; x_wconf 85' lang='lat' dir='ltr'>praeceptum</span> <span class='ocrx_word' id='word_1_477' title='bbox 1714 1415 1755 1446; x_wconf 88' lang='lat' dir='ltr'>de</span> <span class='ocrx_word' id='word_1_478' title='bbox 1774 1414 2017 1447; x_wconf 82' lang='lat' dir='ltr'>mediocritate</span> <span class='ocrx_word' id='word_1_479' title='bbox 2040 1421 2154 1458; x_wconf 87' lang='lat' dir='ltr'>patet:</span> <span class='ocrx_word' id='word_1_480' title='bbox 2196 1415 2249 1449; x_wconf 70' lang='lat' dir='ltr'>Ne</span> 
     </span>
     <span class='ocr_line' id='line_1_80' title="bbox 1267 1464 2249 1510; baseline 0.004 -15"><span class='ocrx_word' id='word_1_481' title='bbox 1267 1465 1351 1509; x_wconf 86' lang='lat' dir='ltr'>quid</span> <span class='ocrx_word' id='word_1_482' title='bbox 1377 1464 1493 1498; x_wconf 86' lang='grc'>11111115.</span> <span class='ocrx_word' id='word_1_483' title='bbox 1553 1464 1742 1510; x_wconf 81' lang='lat' dir='ltr'>Sciantque</span> <span class='ocrx_word' id='word_1_484' title='bbox 1764 1466 1911 1499; x_wconf 86' lang='lat' dir='ltr'>studiosi</span> <span class='ocrx_word' id='word_1_485' title='bbox 1936 1467 1979 1498; x_wconf 84' lang='lat' dir='ltr'>ad</span> <span class='ocrx_word' id='word_1_486' title='bbox 2006 1466 2249 1499; x_wconf 79' lang='lat' dir='ltr'>definitionem</span> 
     </span>
     <span class='ocr_line' id='line_1_81' title="bbox 1266 1514 2250 1550; baseline 0.003 -3"><span class='ocrx_word' id='word_1_487' title='bbox 1266 1516 1405 1549; x_wconf 62' lang='lat' dir='ltr'>virtutis</span> <span class='ocrx_word' id='word_1_488' title='bbox 1430 1514 1497 1548; x_wconf 88' lang='lat' dir='ltr'>lmc</span> <span class='ocrx_word' id='word_1_489' title='bbox 1521 1527 1592 1549; x_wconf 86' lang='lat' dir='ltr'>esse</span> <span class='ocrx_word' id='word_1_490' title='bbox 1616 1517 1817 1549; x_wconf 83' lang='lat' dir='ltr'>referendas</span> <span class='ocrx_word' id='word_1_491' title='bbox 1839 1518 1925 1550; x_wconf 83' lang='lat' dir='ltr'>tales</span> <span class='ocrx_word' id='word_1_492' title='bbox 1943 1517 2146 1550; x_wconf 86' lang='lat' dir='ltr'>sententias.</span> <span class='ocrx_word' id='word_1_493' title='bbox 2199 1517 2250 1550; x_wconf 76' lang='lat' dir='ltr'>Ac</span> 
     </span>
     <span class='ocr_line' id='line_1_82' title="bbox 1266 1566 2250 1613; baseline 0.004 -16"><span class='ocrx_word' id='word_1_494' title='bbox 1266 1567 1453 1611; x_wconf 85' lang='lat' dir='ltr'>prudentia</span> <span class='ocrx_word' id='word_1_495' title='bbox 1475 1566 1695 1606; x_wconf 76' lang='lat' dir='ltr'>Aristotelis,</span> <span class='ocrx_word' id='word_1_496' title='bbox 1731 1568 1834 1600; x_wconf 85' lang='lat' dir='ltr'>laude</span> <span class='ocrx_word' id='word_1_497' title='bbox 1858 1568 1963 1611; x_wconf 76' lang='lat' dir='ltr'>digna</span> <span class='ocrx_word' id='word_1_498' title='bbox 1986 1574 2061 1607; x_wconf 68' lang='lat' dir='ltr'>est:</span> <span class='ocrx_word' id='word_1_499' title='bbox 2090 1568 2186 1613; x_wconf 83' lang='lat' dir='ltr'>quod</span> <span class='ocrx_word' id='word_1_500' title='bbox 2210 1574 2250 1602; x_wconf 88' lang='lat' dir='ltr'>ut</span> 
     </span>
     <span class='ocr_line' id='line_1_83' title="bbox 1264 1618 2249 1661; baseline 0.002 -11"><span class='ocrx_word' id='word_1_501' title='bbox 1264 1619 1376 1661; x_wconf 77' lang='lat' dir='ltr'>magis</span> <span class='ocrx_word' id='word_1_502' title='bbox 1407 1618 1562 1652; x_wconf 85' lang='lat' dir='ltr'>studium</span> <span class='ocrx_word' id='word_1_503' title='bbox 1594 1618 1849 1651; x_wconf 81' lang='lat' dir='ltr'>mediocritatis</span> <span class='ocrx_word' id='word_1_504' title='bbox 1874 1619 1996 1651; x_wconf 83' lang='lat' dir='ltr'>lectori</span> <span class='ocrx_word' id='word_1_505' title='bbox 2022 1620 2249 1652; x_wconf 86' lang='lat' dir='ltr'>commenda-</span> 
     </span>
     <span class='ocr_line' id='line_1_84' title="bbox 1266 1669 2250 1709; baseline 0.002 -8"><span class='ocrx_word' id='word_1_506' title='bbox 1266 1676 1337 1709; x_wconf 89' lang='lat' dir='ltr'>ret,</span> <span class='ocrx_word' id='word_1_507' title='bbox 1363 1669 1561 1701; x_wconf 79' lang='lat' dir='ltr'>definitioni</span> <span class='ocrx_word' id='word_1_508' title='bbox 1579 1669 1718 1703; x_wconf 75' lang='lat' dir='ltr'>virtutis</span> <span class='ocrx_word' id='word_1_509' title='bbox 1737 1682 1814 1702; x_wconf 79' lang='lat' dir='ltr'>eam</span> <span class='ocrx_word' id='word_1_510' title='bbox 1830 1669 1988 1709; x_wconf 88' lang='lat' dir='ltr'>inclusit,</span> <span class='ocrx_word' id='word_1_511' title='bbox 2015 1670 2172 1704; x_wconf 83' lang='lat' dir='ltr'>fortassis</span> <span class='ocrx_word' id='word_1_512' title='bbox 2195 1670 2250 1703; x_wconf 89' lang='grc'>111-</span> 
     </span>
     <span class='ocr_line' id='line_1_85' title="bbox 1264 1718 2249 1765; baseline 0.001 -12"><span class='ocrx_word' id='word_1_513' title='bbox 1264 1727 1365 1754; x_wconf 86' lang='grc'>1110115</span> <span class='ocrx_word' id='word_1_514' title='bbox 1380 1718 1604 1753; x_wconf 67' lang='lat' dir='ltr'>vehementes</span> <span class='ocrx_word' id='word_1_515' title='bbox 1623 1720 1773 1764; x_wconf 85' lang='lat' dir='ltr'>impetus</span> <span class='ocrx_word' id='word_1_516' title='bbox 1792 1720 1828 1752; x_wconf 88' lang='lat' dir='ltr'>in</span> <span class='ocrx_word' id='word_1_517' title='bbox 1844 1721 1940 1765; x_wconf 73' lang='lat' dir='ltr'>regio</span> <span class='ocrx_word' id='word_1_518' title='bbox 1957 1721 2082 1754; x_wconf 77' lang='lat' dir='ltr'>iuvene</span> <span class='ocrx_word' id='word_1_519' title='bbox 2098 1721 2249 1754; x_wconf 77' lang='lat' dir='ltr'>Alexan-</span> 
     </span>
     <span class='ocr_line' id='line_1_86' title="bbox 1264 1772 2222 1817; baseline 0.002 -13"><span class='ocrx_word' id='word_1_520' title='bbox 1264 1773 1329 1805; x_wconf 90' lang='lat' dir='ltr'>dro</span> <span class='ocrx_word' id='word_1_521' title='bbox 1341 1799 1349 1812; x_wconf 88' lang='lat'>,</span> <span class='ocrx_word' id='word_1_522' title='bbox 1378 1784 1482 1817; x_wconf 88' lang='lat' dir='ltr'>quem</span> <span class='ocrx_word' id='word_1_523' title='bbox 1498 1772 1539 1804; x_wconf 86' lang='lat' dir='ltr'>ad</span> <span class='ocrx_word' id='word_1_524' title='bbox 1557 1772 1841 1804; x_wconf 85' lang='lat' dir='ltr'>moderationem</span> <span class='ocrx_word' id='word_1_525' title='bbox 1857 1772 1996 1805; x_wconf 87' lang='lat' dir='ltr'>flectere</span> <span class='ocrx_word' id='word_1_526' title='bbox 2014 1773 2222 1807; x_wconf 79' lang='lat' dir='ltr'>conahatur.</span> 
     </span>
    </p>
   </div>
   <div class='ocr_carea' id='block_1_18' title="bbox 1643 1872 1875 1926">
    <p class='ocr_par' dir='ltr' id='par_1_19' title="bbox 1643 1872 1875 1926">
     <span class='ocr_line' id='line_1_87' title="bbox 1643 1872 1875 1926; baseline 0 -11"><span class='ocrx_word' id='word_1_527' title='bbox 1643 1872 1777 1926; x_wconf 82' lang='lat' dir='ltr'>Caput</span> <span class='ocrx_word' id='word_1_528' title='bbox 1801 1873 1875 1915; x_wconf 87' lang='grc' dir='ltr'>[Π.</span> 
     </span>
    </p>
   </div>
   <div class='ocr_carea' id='block_1_19' title="bbox 1262 1947 2249 2763">
    <p class='ocr_par' dir='ltr' id='par_1_20' title="bbox 1262 1947 2249 2496">
     <span class='ocr_line' id='line_1_88' title="bbox 1364 1947 2249 1993; baseline 0.002 -12"><span class='ocrx_word' id='word_1_529' title='bbox 1364 1948 1413 1981; x_wconf 75' lang='lat' dir='ltr'>Ut</span> <span class='ocrx_word' id='word_1_530' title='bbox 1438 1954 1656 1980; x_wconf 85' lang='lat' dir='ltr'>caeterarum</span> <span class='ocrx_word' id='word_1_531' title='bbox 1680 1947 1860 1980; x_wconf 88' lang='lat' dir='ltr'>actionum</span> <span class='ocrx_word' id='word_1_532' title='bbox 1891 1954 1997 1993; x_wconf 82' lang='lat' dir='ltr'>atque</span> <span class='ocrx_word' id='word_1_533' title='bbox 2025 1948 2157 1982; x_wconf 81' lang='lat' dir='ltr'>artium</span> <span class='ocrx_word' id='word_1_534' title='bbox 2187 1949 2249 1983; x_wconf 87' lang='lat' dir='ltr'>ob-</span> 
     </span>
     <span class='ocr_line' id='line_1_89' title="bbox 1265 1999 2249 2043; baseline 0.002 -11"><span class='ocrx_word' id='word_1_535' title='bbox 1265 2000 1350 2033; x_wconf 83' lang='lat' dir='ltr'>iecta</span> <span class='ocrx_word' id='word_1_536' title='bbox 1371 1999 1471 2032; x_wconf 89' lang='lat' dir='ltr'>initio</span> <span class='ocrx_word' id='word_1_537' title='bbox 1491 2005 1731 2043; x_wconf 84' lang='lat' dir='ltr'>quaeruntur,</span> <span class='ocrx_word' id='word_1_538' title='bbox 1758 2005 1797 2031; x_wconf 90' lang='lat' dir='ltr'>ut</span> <span class='ocrx_word' id='word_1_539' title='bbox 1817 1999 1971 2032; x_wconf 79' lang='lat' dir='ltr'>musicae</span> <span class='ocrx_word' id='word_1_540' title='bbox 1995 1999 2170 2033; x_wconf 87' lang='lat' dir='ltr'>obiectum</span> <span class='ocrx_word' id='word_1_541' title='bbox 2197 2007 2249 2035; x_wconf 86' lang='lat' dir='ltr'>est</span> 
     </span>
     <span class='ocr_line' id='line_1_90' title="bbox 1264 2050 2248 2095; baseline 0 -10"><span class='ocrx_word' id='word_1_542' title='bbox 1264 2065 1391 2090; x_wconf 84' lang='lat' dir='ltr'>sonus,</span> <span class='ocrx_word' id='word_1_543' title='bbox 1419 2052 1461 2083; x_wconf 89' lang='lat' dir='ltr'>ad</span> <span class='ocrx_word' id='word_1_544' title='bbox 1482 2062 1586 2095; x_wconf 84' lang='lat' dir='ltr'>quem</span> <span class='ocrx_word' id='word_1_545' title='bbox 1608 2056 1699 2082; x_wconf 85' lang='lat' dir='ltr'>certa</span> <span class='ocrx_word' id='word_1_546' title='bbox 1724 2050 1863 2082; x_wconf 88' lang='lat' dir='ltr'>ratione</span> <span class='ocrx_word' id='word_1_547' title='bbox 1888 2051 2166 2092; x_wconf 85' lang='lat' dir='ltr'>moderandum,</span> <span class='ocrx_word' id='word_1_548' title='bbox 2191 2064 2248 2086; x_wconf 86' lang='lat' dir='ltr'>ars</span> 
     </span>
     <span class='ocr_line' id='line_1_91' title="bbox 1267 2099 2248 2136; baseline 0.001 -1"><span class='ocrx_word' id='word_1_549' title='bbox 1267 2104 1407 2135; x_wconf 73' lang='lat' dir='ltr'>inxcnta</span> <span class='ocrx_word' id='word_1_550' title='bbox 1425 2108 1492 2135; x_wconf 85' lang='lat' dir='ltr'>est:</span> <span class='ocrx_word' id='word_1_551' title='bbox 1530 2101 1575 2133; x_wconf 82' lang='lat' dir='ltr'>ita</span> <span class='ocrx_word' id='word_1_552' title='bbox 1603 2099 1657 2133; x_wconf 85' lang='grc'>1110</span> <span class='ocrx_word' id='word_1_553' title='bbox 1681 2100 1815 2133; x_wconf 88' lang='lat' dir='ltr'>obiecta</span> <span class='ocrx_word' id='word_1_554' title='bbox 1843 2101 2044 2134; x_wconf 80' lang='lat' dir='ltr'>communia</span> <span class='ocrx_word' id='word_1_555' title='bbox 2071 2109 2153 2136; x_wconf 87' lang='lat' dir='ltr'>sunt</span> <span class='ocrx_word' id='word_1_556' title='bbox 2178 2103 2248 2136; x_wconf 64' lang='lat' dir='ltr'>vir-</span> 
     </span>
     <span class='ocr_line' id='line_1_92' title="bbox 1265 2151 2246 2196; baseline -0.001 -9"><span class='ocrx_word' id='word_1_557' title='bbox 1265 2161 1398 2194; x_wconf 82' lang='lat' dir='ltr'>tutum,</span> <span class='ocrx_word' id='word_1_558' title='bbox 1434 2153 1631 2196; x_wconf 66' lang='lat' dir='ltr'>voluptates</span> <span class='ocrx_word' id='word_1_559' title='bbox 1653 2158 1686 2184; x_wconf 87' lang='lat' dir='ltr'>et</span> <span class='ocrx_word' id='word_1_560' title='bbox 1708 2152 1860 2186; x_wconf 86' lang='lat' dir='ltr'>dolores.</span> <span class='ocrx_word' id='word_1_561' title='bbox 1926 2153 2017 2186; x_wconf 64' lang='lat' dir='ltr'>Num</span> <span class='ocrx_word' id='word_1_562' title='bbox 2043 2153 2133 2186; x_wconf 82' lang='lat' dir='ltr'>circa</span> <span class='ocrx_word' id='word_1_563' title='bbox 2159 2151 2246 2187; x_wconf 86' lang='lat' dir='ltr'>haec</span> 
     </span>
     <span class='ocr_line' id='line_1_93' title="bbox 1267 2202 2248 2248; baseline 0 -10"><span class='ocrx_word' id='word_1_564' title='bbox 1267 2205 1481 2239; x_wconf 85' lang='lat' dir='ltr'>moderanda</span> <span class='ocrx_word' id='word_1_565' title='bbox 1505 2209 1666 2237; x_wconf 66' lang='lat' dir='ltr'>xci-satur</span> <span class='ocrx_word' id='word_1_566' title='bbox 1689 2203 1812 2237; x_wconf 64' lang='lat' dir='ltr'>virtus.</span> <span class='ocrx_word' id='word_1_567' title='bbox 1871 2202 2058 2236; x_wconf 87' lang='lat' dir='ltr'>Fortitudo</span> <span class='ocrx_word' id='word_1_568' title='bbox 2082 2202 2248 2248; x_wconf 83' lang='lat' dir='ltr'>probibet</span> 
     </span>
     <span class='ocr_line' id='line_1_94' title="bbox 1263 2253 2247 2300; baseline 0 -10"><span class='ocrx_word' id='word_1_569' title='bbox 1263 2257 1376 2300; x_wconf 72' lang='lat' dir='ltr'>frangi</span> <span class='ocrx_word' id='word_1_570' title='bbox 1407 2256 1567 2289; x_wconf 88' lang='lat' dir='ltr'>animum</span> <span class='ocrx_word' id='word_1_571' title='bbox 1592 2261 1706 2294; x_wconf 88' lang='lat' dir='ltr'>metu,</span> <span class='ocrx_word' id='word_1_572' title='bbox 1747 2253 1936 2288; x_wconf 85' lang='lat' dir='ltr'>moestitia.</span> <span class='ocrx_word' id='word_1_573' title='bbox 1992 2254 2247 2299; x_wconf 79' lang='lat' dir='ltr'>Temperantia</span> 
     </span>
     <span class='ocr_line' id='line_1_95' title="bbox 1265 2305 2246 2351; baseline -0.004 -9"><span class='ocrx_word' id='word_1_574' title='bbox 1265 2309 1367 2342; x_wconf 81' lang='lat' dir='ltr'>eflicit</span> <span class='ocrx_word' id='word_1_575' title='bbox 1386 2306 1647 2340; x_wconf 85' lang='lat' dir='ltr'>moderationes</span> <span class='ocrx_word' id='word_1_576' title='bbox 1666 2305 1700 2338; x_wconf 91' lang='lat' dir='ltr'>in</span> <span class='ocrx_word' id='word_1_577' title='bbox 1717 2305 1957 2350; x_wconf 73' lang='lat' dir='ltr'>voluptatibus</span> <span class='ocrx_word' id='word_1_578' title='bbox 1981 2305 2049 2337; x_wconf 87' lang='lat' dir='ltr'>cibi</span> <span class='ocrx_word' id='word_1_579' title='bbox 2074 2313 2108 2339; x_wconf 86' lang='lat' dir='ltr'>et</span> <span class='ocrx_word' id='word_1_580' title='bbox 2130 2313 2246 2351; x_wconf 88' lang='lat' dir='ltr'>potus.</span> 
     </span>
     <span class='ocr_line' id='line_1_96' title="bbox 1262 2357 2246 2405; baseline -0.001 -12"><span class='ocrx_word' id='word_1_581' title='bbox 1262 2360 1495 2405; x_wconf 70' lang='lat' dir='ltr'>Agnoscenda</span> <span class='ocrx_word' id='word_1_582' title='bbox 1523 2365 1573 2391; x_wconf 88' lang='lat' dir='ltr'>est</span> <span class='ocrx_word' id='word_1_583' title='bbox 1599 2357 1704 2399; x_wconf 64' lang='lat' dir='ltr'>igitur</span> <span class='ocrx_word' id='word_1_584' title='bbox 1728 2357 1946 2390; x_wconf 87' lang='lat' dir='ltr'>obiectorum</span> <span class='ocrx_word' id='word_1_585' title='bbox 1971 2363 2119 2398; x_wconf 80' lang='lat' dir='ltr'>natura,</span> <span class='ocrx_word' id='word_1_586' title='bbox 2159 2358 2246 2404; x_wconf 88' lang='lat' dir='ltr'>quid</span> 
     </span>
     <span class='ocr_line' id='line_1_97' title="bbox 1263 2407 2246 2455; baseline -0.003 -9"><span class='ocrx_word' id='word_1_587' title='bbox 1263 2413 1307 2446; x_wconf 86' lang='lat' dir='ltr'>sit</span> <span class='ocrx_word' id='word_1_588' title='bbox 1326 2411 1509 2455; x_wconf 62' lang='lat' dir='ltr'>voluptas,</span> <span class='ocrx_word' id='word_1_589' title='bbox 1537 2409 1622 2455; x_wconf 88' lang='lat' dir='ltr'>quid</span> <span class='ocrx_word' id='word_1_590' title='bbox 1637 2408 1759 2449; x_wconf 89' lang='lat' dir='ltr'>dolor,</span> <span class='ocrx_word' id='word_1_591' title='bbox 1787 2414 1821 2441; x_wconf 86' lang='lat' dir='ltr'>et</span> <span class='ocrx_word' id='word_1_592' title='bbox 1839 2419 1901 2440; x_wconf 87' lang='lat' dir='ltr'>cur</span> <span class='ocrx_word' id='word_1_593' title='bbox 1924 2407 1992 2440; x_wconf 75' lang='grc'>111111</span> <span class='ocrx_word' id='word_1_594' title='bbox 2014 2408 2246 2453; x_wconf 75' lang='lat' dir='ltr'>voluptatem,</span> 
     </span>
     <span class='ocr_line' id='line_1_98' title="bbox 1263 2461 1668 2496; baseline -0.005 0"><span class='ocrx_word' id='word_1_595' title='bbox 1263 2464 1330 2496; x_wconf 77' lang='lat' dir='ltr'>alia</span> <span class='ocrx_word' id='word_1_596' title='bbox 1348 2463 1489 2495; x_wconf 87' lang='lat' dir='ltr'>dolores</span> <span class='ocrx_word' id='word_1_597' title='bbox 1505 2461 1668 2494; x_wconf 81' lang='lat' dir='ltr'>efficiant.</span> 
     </span>
    </p>

    <p class='ocr_par' dir='ltr' id='par_1_21' title="bbox 1263 2509 2247 2763">
     <span class='ocr_line' id='line_1_99' title="bbox 1363 2509 2247 2558; baseline 0 -14"><span class='ocrx_word' id='word_1_598' title='bbox 1363 2513 1536 2558; x_wconf 65' lang='lat' dir='ltr'>Voluptas</span> <span class='ocrx_word' id='word_1_599' title='bbox 1572 2519 1623 2546; x_wconf 90' lang='lat' dir='ltr'>est</span> <span class='ocrx_word' id='word_1_600' title='bbox 1657 2509 1801 2555; x_wconf 89' lang='lat' dir='ltr'>proprie</span> <span class='ocrx_word' id='word_1_601' title='bbox 1833 2509 2063 2553; x_wconf 79' lang='lat' dir='ltr'>congruentia</span> <span class='ocrx_word' id='word_1_602' title='bbox 2097 2510 2247 2545; x_wconf 84' lang='lat' dir='ltr'>actionis</span> 
     </span>
     <span class='ocr_line' id='line_1_100' title="bbox 1263 2559 2246 2610; baseline -0.002 -12"><span class='ocrx_word' id='word_1_603' title='bbox 1263 2578 1342 2599; x_wconf 85' lang='lat' dir='ltr'>cum</span> <span class='ocrx_word' id='word_1_604' title='bbox 1366 2565 1484 2610; x_wconf 88' lang='lat' dir='ltr'>aliqua</span> <span class='ocrx_word' id='word_1_605' title='bbox 1511 2569 1610 2608; x_wconf 86' lang='lat' dir='ltr'>parte</span> <span class='ocrx_word' id='word_1_606' title='bbox 1634 2559 1808 2601; x_wconf 83' lang='lat' dir='ltr'>hominis,</span> <span class='ocrx_word' id='word_1_607' title='bbox 1851 2572 1930 2593; x_wconf 88' lang='lat' dir='ltr'>cum</span> <span class='ocrx_word' id='word_1_608' title='bbox 1954 2561 2092 2601; x_wconf 73' lang='lat' dir='ltr'>nervis,</span> <span class='ocrx_word' id='word_1_609' title='bbox 2126 2562 2246 2604; x_wconf 86' lang='lat' dir='ltr'>corde,</span> 
     </span>
     <span class='ocr_line' id='line_1_101' title="bbox 1263 2612 2244 2657; baseline -0.002 -8"><span class='ocrx_word' id='word_1_610' title='bbox 1263 2623 1323 2649; x_wconf 87' lang='lat' dir='ltr'>aut</span> <span class='ocrx_word' id='word_1_611' title='bbox 1346 2617 1547 2655; x_wconf 74' lang='lat' dir='ltr'>voluntate,</span> <span class='ocrx_word' id='word_1_612' title='bbox 1587 2620 1646 2653; x_wconf 89' lang='lat' dir='ltr'>ut,</span> <span class='ocrx_word' id='word_1_613' title='bbox 1686 2612 1816 2654; x_wconf 71' lang='lat' dir='ltr'>frigido</span> <span class='ocrx_word' id='word_1_614' title='bbox 1843 2612 1985 2656; x_wconf 86' lang='lat' dir='ltr'>corpori</span> <span class='ocrx_word' id='word_1_615' title='bbox 2008 2612 2171 2657; x_wconf 72' lang='lat' dir='ltr'>voluptas</span> <span class='ocrx_word' id='word_1_616' title='bbox 2193 2620 2244 2647; x_wconf 87' lang='lat' dir='ltr'>est</span> 
     </span>
     <span class='ocr_line' id='line_1_102' title="bbox 1263 2662 2244 2712; baseline -0.003 -12"><span class='ocrx_word' id='word_1_617' title='bbox 1263 2667 1433 2707; x_wconf 80' lang='lat' dir='ltr'>calefieri,</span> <span class='ocrx_word' id='word_1_618' title='bbox 1461 2666 1543 2712; x_wconf 90' lang='lat' dir='ltr'>quia</span> <span class='ocrx_word' id='word_1_619' title='bbox 1564 2666 1660 2698; x_wconf 87' lang='lat' dir='ltr'>calor</span> <span class='ocrx_word' id='word_1_620' title='bbox 1677 2662 1842 2696; x_wconf 70' lang='lat' dir='ltr'>convenit</span> <span class='ocrx_word' id='word_1_621' title='bbox 1858 2663 1977 2697; x_wconf 70' lang='lat' dir='ltr'>nervis</span> <span class='ocrx_word' id='word_1_622' title='bbox 1995 2663 2086 2697; x_wconf 82' lang='lat' dir='ltr'>male</span> <span class='ocrx_word' id='word_1_623' title='bbox 2111 2664 2244 2698; x_wconf 78' lang='lat' dir='ltr'>affectis</span> 
     </span>
     <span class='ocr_line' id='line_1_103' title="bbox 1263 2714 2242 2763; baseline -0.004 -10"><span class='ocrx_word' id='word_1_624' title='bbox 1263 2731 1303 2752; x_wconf 80' lang='lat' dir='ltr'>ex</span> <span class='ocrx_word' id='word_1_625' title='bbox 1333 2719 1487 2763; x_wconf 82' lang='lat' dir='ltr'>frigore,</span> <span class='ocrx_word' id='word_1_626' title='bbox 1527 2723 1648 2762; x_wconf 84' lang='lat' dir='ltr'>estque</span> <span class='ocrx_word' id='word_1_627' title='bbox 1680 2715 1736 2748; x_wconf 65' lang='lat' dir='ltr'>vel</span> <span class='ocrx_word' id='word_1_628' title='bbox 1766 2714 1972 2755; x_wconf 81' lang='lat' dir='ltr'>delectatio,</span> <span class='ocrx_word' id='word_1_629' title='bbox 2012 2715 2068 2748; x_wconf 77' lang='lat' dir='ltr'>vel</span> <span class='ocrx_word' id='word_1_630' title='bbox 2097 2714 2242 2750; x_wconf 78' lang='lat' dir='ltr'>laetitia.</span> 
     </span>
    </p>
   </div>
  </div>
 </body>
</html>
