2347 3000
248 140 295 174 63

246 223 467 258 conservatio
484 229 632 257 naturae
649 221 804 268 postulat
819 221 966 253 modum
981 218 1018 251 in
1034 218 1124 256 cibo,
1140 221 1229 261 potu

247 283 281 309 et
297 276 374 310 aliis
390 275 643 319 voluptatibus.
696 273 787 306 Hinc
813 268 1046 316 temperantia
1065 274 1099 300 et
1117 267 1229 300 conti-

245 327 366 361 nentia
392 326 568 360 oriuntur.
628 324 679 358 Ita
704 323 804 357 facile
828 327 943 367 potest
968 318 1118 361 intelligi
1141 317 1230 351 divi-

245 379 381 412 sionem
407 377 577 410 virtutum
603 375 811 409 sumendam
830 384 902 405 esse
919 383 959 403 cx
976 370 1110 413 legibus
1127 375 1230 403 natu-

246 442 325 469 rae,
354 440 444 474 quae
467 434 550 462 sunt
575 427 724 460 notitiae
750 425 938 467 impressae
956 420 1084 455 animis
1102 420 1231 454 divini-

514 135 714 172 SCRIPTA
738 134 814 170 ΡΗ.
841 132 955 169 MEL.
979 131 1045 167 AD
1072 129 1282 167 ETHICEN
1311 129 1375 164 ET
1402 128 1658 165 POLITICEN
1687 128 1996 165 SPECTANTIA.

2221 130 2271 166 64

1279 222 1354 257 tus,
1383 222 1417 249 et
1441 216 1585 260 agnosci
1610 228 1649 250 ac
1676 217 1792 261 colligi
1809 223 1959 261 possunt
1975 216 2140 261 inspectis
2157 218 2270 252 causis

1281 273 1315 300 et
1343 267 1524 302 effectibus
1558 268 1713 312 propriis
1750 266 1927 307 hominis,
1966 270 2270 313 quemadmodum

1280 319 1412 352 dictum
1437 325 1499 352 est.
1562 318 1653 353 Nam
1681 331 1805 353 causae
1830 319 2021 353 ostendunt
2047 333 2119 354 esse
2140 320 2270 360 Deum,

1282 375 1315 402 et
1331 369 1409 402 Deo
1426 368 1664 403 obediendum
1681 383 1765 405 csse.
1824 370 1979 404 Effectus
1996 373 2188 406 ostendunt
2205 384 2270 405 nos

1282 421 1326 453 ad
1343 420 1630 465 procreationem
1651 427 1685 454 et
1704 422 1748 454 ad
1764 421 1966 455 societatem
1984 423 2092 457 nasci.

1011 690 1173 722 LIBER
1215 689 1511 721 SECUNDUS.

919 794 960 834 D
1007 806 1030 834 e

350 931 389 965 In
415 927 683 963 enumeratione
709 926 880 961 xirtutum
912 927 1015 962 initio
1045 927 1233 961 dicendum

246 991 297 1019 est
322 984 364 1017 de
388 981 570 1025 religione.
629 978 697 1012 Sed
720 979 903 1020 doctrina,
934 980 977 1013 de
1000 978 1127 1013 timore
1153 978 1233 1019 Dei,

246 1039 288 1070 de
312 1036 399 1073 fide,
427 1029 653 1065 invocatione
678 1035 712 1062 et
733 1029 880 1076 reliquis
905 1030 1114 1071 virtutibus,
1142 1042 1232 1076 quae

244 1085 389 1132 proprie
406 1090 488 1117 sunt
498 1080 795 1122 Christianorum,
814 1093 880 1115 nos
896 1081 978 1115 satis
998 1082 1091 1115 tradi
1106 1087 1234 1126 potest,

244 1138 313 1172 nisi
342 1142 415 1170 tota
440 1133 602 1168 doctrina
626 1131 783 1177 exposita
806 1133 848 1166 de
873 1132 1075 1166 discrimine
1094 1132 1179 1176 legis
1200 1138 1234 1165 et

244 1186 441 1231 Evangelii.
494 1184 576 1217 Ideo
604 1184 646 1217 de
669 1181 738 1216 hoc
762 1195 890 1228 genere
914 1184 1086 1217 virtutum
1109 1195 1233 1216 consu-

245 1242 366 1273 lantur
390 1237 511 1270 literae
536 1235 772 1280 Apostolicae.
825 1235 991 1268 Tradunt
1015 1241 1132 1268 autem
1156 1231 1234 1278 phi-

246 1288 387 1335 losophi
403 1299 531 1331 magna
551 1299 591 1319 ex
608 1292 708 1330 parte
723 1285 870 1318 virtutes
888 1286 1063 1318 secundae
1081 1285 1234 1323 tabulae,

247 1354 338 1388 quae
362 1340 563 1384 gubernant
593 1335 748 1369 actiones
773 1341 934 1368 externas
959 1346 1040 1379 erga
1069 1332 1234 1368 homines

248 1394 283 1426 in
303 1390 396 1425 civili
412 1388 589 1422 societate.
628 1385 667 1419 In
684 1384 738 1419 his
757 1385 873 1430 prima
894 1386 1006 1419 virtus
1025 1392 1075 1419 est
1090 1385 1235 1425 iustitia,

246 1446 288 1478 dc
307 1455 375 1489 qua
393 1452 474 1473 vere
499 1437 616 1483 inquit
632 1436 858 1476 Aristoteles,
885 1448 1000 1482 neque
1025 1436 1235 1481 Hesperum,

246 1506 362 1540 neque
380 1490 584 1524 Luciferum
599 1487 849 1521 formosiorem
869 1499 941 1521 esse
961 1487 1106 1522 iustitia.
1141 1487 1236 1520 Haec

248 1546 342 1579 enim
369 1543 542 1587 gubernat
571 1545 726 1572 caeteras
756 1538 904 1573 virtutes
935 1545 969 1572 et
1001 1539 1235 1584 praecipuum

250 1595 430 1629 vinculum
447 1598 498 1626 est
516 1590 694 1625 societatis
712 1589 835 1623 civilis.

423 1680 537 1712 Estne
562 1675 726 1720 simplex
750 1685 840 1710 usus
861 1672 1059 1710 vocabuli?

352 1744 512 1779 Minime.
564 1743 657 1777 Nam
675 1742 807 1776 iustitia
824 1742 910 1776 alias
927 1742 964 1775 in
983 1753 1111 1786 genere
1130 1740 1236 1785 signi-

248 1803 327 1834 ficat
340 1794 578 1831 obedientiam
596 1806 676 1838 erga
692 1805 815 1827 omnes
829 1793 933 1838 leges,
950 1799 984 1827 et
992 1792 1238 1838 complectitur

249 1861 371 1884 omnes
390 1848 555 1886 virtutes,
581 1852 622 1879 ut
636 1857 715 1878 cum
733 1844 894 1885 dicimus,
921 1844 1113 1877 Aristidem
1130 1843 1236 1877 fuisse

248 1904 379 1936 iustum
396 1899 520 1937 civem,
536 1903 569 1929 et
585 1908 704 1930 sacrae
718 1896 841 1929 literae
858 1908 961 1940 saepe
978 1895 1025 1928 ita
1041 1896 1237 1941 loquuntur

249 1954 292 1986 de
319 1949 451 1985 iustitia
474 1948 579 1992 legis,
604 1947 665 1981 ubi
688 1946 821 1980 iustitia
849 1947 954 1980 debet
979 1946 1129 1991 intelligi
1155 1947 1237 1980 obe-

250 2002 384 2037 dientia
402 2012 484 2044 erga
503 2011 624 2032 omnes
648 1998 760 2042 leges,
788 2004 828 2032 ut
848 1998 915 2031 feci
937 1998 1108 2032 iudicium
1130 2003 1164 2031 et
1185 1997 1236 2031 iu-

251 2055 394 2093 stitiam,
420 2057 454 2085 et
470 2049 592 2084 Esaias
610 2047 688 2095 (56,
715 2049 783 2094 1.):
810 2048 929 2082 Facite
947 2049 1130 2088 iustitiam,
1153 2048 1236 2094 quia

252 2117 363 2151 prope
384 2109 435 2136 est
461 2101 555 2135 salus
583 2107 698 2134 vestra
715 2106 778 2134 etc.
831 2099 944 2141 Nam,
971 2106 1011 2134 ut
1033 2100 1160 2133 deinde
1185 2099 1236 2133 di-

251 2170 348 2196 cam,
375 2154 490 2199 prima
515 2151 627 2185 virtus
653 2157 704 2184 est
727 2151 947 2192 obedientia,
974 2162 1065 2197 quae
1090 2156 1238 2184 vocatur

254 2206 385 2241 iustitia
414 2202 635 2239 universalis.
711 2201 818 2236 Nulla
851 2201 946 2235 enim
981 2202 1130 2236 societas
1164 2213 1236 2235 esse

255 2264 388 2302 potest,
412 2254 481 2288 nisi
502 2252 569 2287 hoc
594 2252 736 2286 vinculo
761 2252 963 2286 consociata
987 2252 1048 2293 sit,
1075 2253 1164 2287 sicut
1179 2264 1236 2286 ve-

254 2307 451 2343 nustissime
468 2305 555 2339 dixit
570 2303 794 2337 Aristoteles:
810 2310 889 2337 octo
905 2304 1103 2348 praedones
1119 2303 1237 2344 fuisse,

255 2360 314 2406 qui
349 2356 584 2391 communiter
615 2354 781 2400 praedari
805 2361 1083 2395 consueverunt,
1121 2355 1159 2388 in
1183 2352 1237 2388 his

255 2417 350 2443 mota
367 2408 538 2443 seditione
562 2413 715 2452 quatuor
733 2418 752 2438 a
768 2406 913 2451 reliquis
930 2406 1098 2440 dissidere
1113 2418 1237 2450 coepe-

257 2467 339 2495 runt
350 2458 387 2505 *)
405 2460 446 2492 de
466 2459 594 2502 praeda
606 2484 615 2497 ,
642 2462 764 2502 postea
781 2464 936 2502 quatuor
952 2457 1081 2502 captis,
1115 2469 1236 2491 rursus

256 2514 325 2546 duo
340 2517 436 2544 mota
453 2508 624 2542 seditione
643 2508 856 2541 discordiam
874 2508 1082 2549 excitarunt,
1101 2509 1237 2542 duobus

255 2563 385 2608 captis,
428 2559 583 2605 reliquus
607 2559 672 2592 suit
696 2570 799 2593 unus.
877 2559 943 2592 Hic
968 2559 1053 2605 quid
1077 2560 1235 2594 futurum

256 2621 348 2653 erat,
375 2611 440 2646 nisi
454 2616 494 2644 ut
509 2611 629 2642 dextra
646 2622 663 2642 a
682 2609 821 2644 sinistra
841 2610 1050 2645 dissideret?

289 2728 319 2758 )
340 2726 500 2757 coeperunt]
521 2725 586 2750 ΕΜ.
608 2726 681 2750 ¹540.
702 2729 728 2751 et
750 2726 821 2752 ¹546.
842 2730 978 2759 ceperunt.

1119 792 1607 835 lustitia.

1387 926 1569 966 Secundo,
1607 925 1779 970 significat
1809 932 1947 959 tantum
1982 937 2059 959 eam
2094 927 2274 968 virtutem,

1286 990 1377 1024 quae
1417 978 1454 1011 in
1493 977 1631 1011 iudiciis
1674 983 1707 1010 et
1740 977 1976 1011 contractibus
2013 990 2115 1011 suum
2148 978 2273 1024 cuique

1286 1029 1415 1063 reddit.

1386 1079 1523 1114 Tertio.
1590 1077 1630 1112 In
1665 1078 1769 1112 Pauli
1805 1078 2105 1123 disputationibus
2141 1078 2274 1114 iustitia

1286 1130 1460 1175 significat
1477 1129 1748 1175 imputationem
1766 1130 1937 1169 iustitiae,
1963 1143 2024 1164 seu
2041 1130 2200 1164 divinam
2218 1142 2274 1163 ac-

1287 1182 1545 1226 ceptationem,
1578 1187 1618 1214 ut
1642 1194 1721 1215 cum
1742 1181 1886 1214 dicitur:
1925 1180 2142 1226 Imputatum
2168 1187 2220 1215 est
2241 1181 2274 1214 ei

1288 1233 1332 1265 ad
1348 1232 1517 1266 iustitiam
1531 1257 1539 1271 ‚
1568 1237 1602 1263 et
1617 1232 1659 1264 de
1678 1229 1743 1265 hac
1767 1232 2022 1276 significatione
2044 1230 2135 1265 nihil
2153 1233 2275 1266 dicunt

1287 1280 1510 1326 philosophi,
1543 1293 1608 1325 ego
1631 1288 1748 1314 autem
1772 1294 1958 1323 recenseo,
1985 1290 2025 1317 ut
2049 1282 2274 1327 significatio-

1287 1345 1373 1366 num
1398 1332 1551 1366 varietas
1583 1331 1801 1366 observetur.
1853 1333 1946 1367 Nam
1975 1331 2062 1367 haec
2093 1334 2273 1368 distinctio

1289 1384 1424 1429 aliquid
1455 1383 1543 1417 lucis
1580 1383 1683 1416 affert
1726 1380 1934 1427 theologicis
1964 1384 2275 1428 disputationibus.

1289 1435 1381 1480 Quia
1398 1434 1491 1467 enim
1508 1433 1641 1467 Paulus
1659 1434 1762 1467 docet
1783 1446 1848 1468 nos
1865 1434 1972 1478 gratis
1990 1435 2150 1480 reputari
2165 1435 2275 1470 iustos

1288 1492 1434 1530 propter
1452 1483 1643 1525 Christum,
1670 1497 1809 1520 necesse
1827 1491 1878 1519 est
1895 1485 2025 1519 iustum
2043 1498 2108 1531 pro
2128 1493 2273 1531 accepto

1289 1537 1457 1581 intelligi,
1490 1536 1554 1570 etsi
1584 1536 1774 1569 comitatur
1803 1537 2081 1581 acceptationem
2106 1535 2274 1571 inchoata

1290 1587 1501 1628 obedientia,
1510 1593 1549 1621 ut
1559 1586 1663 1621 latius
1673 1587 1870 1621 traditurin
1880 1588 2040 1621 doctrina
2050 1587 2079 1622 E
2087 1589 2275 1633 vangelica.

1484 1673 1580 1714 Quot
1603 1675 1690 1706 sunt
1714 1673 1858 1716 species
1882 1671 2081 1708 iustitiae?

1391 1737 1597 1772 Aristoteles
1633 1737 1782 1782 sumpsit
1819 1738 2029 1783 partitiones
2065 1739 2220 1773 iustitiae
2255 1752 2275 1773 a

1289 1789 1451 1831 Platone,
1461 1802 1500 1822 ac
1516 1789 1696 1834 speciebus
1713 1789 1859 1822 nomina
1878 1789 2050 1830 attribuit,
2060 1797 2100 1824 ut
2114 1803 2167 1831 ea,
2184 1802 2274 1837 quae

1290 1853 1308 1875 a
1326 1842 1476 1875 Platone
1499 1841 1641 1875 confuse
1666 1840 1842 1885 disputata
1860 1847 1961 1881 sunt,
1990 1841 2221 1886 distingueret
2242 1849 2276 1875 et

1290 1893 1417 1927 diserte
1435 1892 1634 1937 explicaret.
1687 1891 1738 1924 Ac
1759 1891 1875 1936 prima
1899 1892 2024 1926 divisio
2048 1899 2099 1926 est
2122 1892 2274 1927 iustitiae

1290 1944 1327 1977 in
1343 1944 1580 1978 universalem
1598 1949 1631 1976 et
1646 1942 1917 1988 particularem:
1952 1943 2160 1977 universalis
2178 1943 2275 1978 iusti-

1289 1995 1336 2029 tia
1353 2002 1403 2029 est
1419 1994 1619 2028 obedientia
1637 2006 1717 2038 erga
1739 2006 1861 2027 omnes
1878 1994 1989 2038 leges,
2018 2001 2052 2028 et
2073 1995 2274 2040 complecti-

1289 2053 1348 2080 tur
1369 2058 1492 2080 omnes
1516 2045 1674 2079 virtutes.
1727 2043 1810 2078 Ideo
1838 2052 1954 2079 autem
1980 2047 2190 2080 transfertur
2211 2058 2274 2080 no-

1289 2110 1372 2131 men
1397 2097 1550 2131 iustitiae
1575 2096 1612 2130 in
1635 2108 1762 2140 genere
1785 2096 1830 2129 ad
1854 2102 1967 2130 totum
1992 2095 2140 2131 chorum
2164 2097 2274 2131 virtu-

1289 2155 1383 2189 tum,
1411 2148 1493 2194 quia
1512 2148 1673 2181 redditur
1697 2147 1896 2181 obedientia
1914 2148 2030 2181 debita
2050 2161 2111 2183 seu
2128 2148 2274 2192 legibus,

1289 2211 1350 2233 seu
1366 2199 1639 2243 magistratibus.
1691 2197 1783 2233 Nam
1799 2210 1836 2232 re
1854 2211 1938 2232 vera
1956 2199 2071 2244 prima
2096 2199 2207 2233 virtus
2224 2207 2274 2234 est

1291 2250 1490 2284 obedientia
1517 2261 1598 2294 erga
1626 2250 1761 2290 Deum,
1789 2249 1816 2283 si
1838 2250 2029 2284 rectissime
2050 2250 2151 2296 loqui
2174 2252 2272 2285 volu-

1289 2314 1387 2342 mus,
1415 2302 1469 2335 vel
1487 2313 1568 2344 erga
1586 2300 1845 2345 magistratum,
1873 2301 1902 2335 si
1915 2301 2064 2334 civiliter
2080 2301 2273 2347 loquimur.

1289 2351 1411 2398 Itaque
1429 2359 1462 2386 et
1479 2352 1581 2386 Plato
1599 2352 1760 2385 omnium
1778 2352 1948 2386 virtutum
1966 2352 2039 2385 vim
2056 2359 2090 2385 et
2106 2359 2272 2388 naturam

1291 2403 1333 2437 ab
1351 2403 1551 2437 obedientia
1570 2404 1774 2444 exordiens,
1801 2403 1975 2448 copiosius
1992 2403 2158 2437 describit
2180 2402 2273 2438 hanc

1290 2454 1440 2499 speciem
1453 2481 1462 2495 ‚
1500 2466 1649 2500 eamque
1681 2455 1764 2488 facit
1800 2454 1993 2499 duplicem,
2030 2454 2207 2499 privatam
2236 2456 2273 2490 in

1290 2505 1436 2549 singulis
1448 2503 1666 2545 hominibus,
1694 2505 1857 2539 videlicet
1872 2505 2109 2538 obedientiam
2129 2506 2272 2540 inferio-

1290 2569 1369 2590 rum
1393 2557 1522 2591 virium
1549 2569 1629 2601 erga
1657 2557 1850 2597 rationem,
1877 2554 1967 2589 hanc
1992 2563 2093 2589 vocat
2118 2558 2271 2602 primam

1292 2608 1469 2642 virtutem.
1522 2608 1589 2642 Sed
1606 2608 1715 2641 multo
1732 2607 1847 2641 verius
1863 2608 2051 2641 definiisset
2070 2606 2160 2641 lianc
2176 2609 2273 2643 iusti-

1291 2659 1374 2691 tiam
1392 2671 1463 2693 esse
1482 2659 1720 2693 obedientiam
1736 2670 1815 2702 erga
1834 2658 1960 2692 Deum.
2013 2659 2078 2691 Sed
2098 2660 2199 2693 Plato
2216 2672 2273 2694 or-

1291 2710 1409 2743 dinem
1434 2710 1564 2744 virium
1586 2708 1823 2744 humanarum
1849 2710 1940 2743 inter
1962 2722 1996 2744 se
2023 2711 2188 2747 contulit,
2239 2720 2272 2745 et
