2347 3000
223 150 270 183 43

224 232 338 267 cordis
369 243 450 276 erga
474 230 609 269 Deum,
636 242 700 263 nec
725 229 768 262 de
793 228 980 266 interiore,
1008 233 1041 259 et
1064 226 1198 267 integra

226 284 443 323 obedientia,
471 294 577 327 quam
597 281 747 325 requirit
771 280 825 312 lex
848 279 932 318 Dei,
958 278 1017 311 sed
1043 276 1202 321 loquitur

226 338 267 369 de
287 335 445 368 moribus
465 334 555 365 vitae
573 332 696 371 civilis,
724 329 791 364 1100
808 337 870 370 051,
897 330 938 361 de
957 327 1201 361 moderatione

227 386 381 432 quadam
404 385 592 416 affectuum
620 394 699 425 erga
725 379 906 420 homines,
935 385 969 412 et
991 380 1032 412 de
1052 378 1202 412 externis

227 436 434 470 actionibus.
488 434 540 467 De
559 432 611 467 1115
628 434 671 465 ita
690 432 912 466 sentiendum
931 437 1003 471 est,
1029 431 1124 476 quod
1142 442 1203 462 vo·-

227 489 343 521 luntas
367 485 523 519 humana
549 485 594 518 sit
617 485 745 522 libera,
781 482 877 527 quod
901 482 946 515 ad
969 494 1086 515 mores
1111 481 1203 514 vitae

228 538 339 571 civilis
362 537 505 576 attinet,
534 534 600 568 1100
625 540 696 573 est,
711 534 887 570 ,voluntas
909 530 1065 566 humana
1090 538 1206 577 potest

228 590 346 634 aliquo
366 588 474 620 modo
492 587 736 629 obtemperare
753 585 882 618 iudicio
901 584 1070 624 rationis,
1098 590 1131 616 et
1150 596 1206 616 ex-

229 646 344 685 petere
363 651 400 671 ac
420 640 537 680 sugere
557 648 611 669 res
630 636 786 675 oblatas,
814 636 909 681 quod
934 637 977 668 ad
995 647 1111 668 mores
1129 635 1206 668 illos

229 691 374 728 attinet,
402 695 435 721 ct
453 693 567 732 potest
585 686 736 720 externis
755 687 922 720 membris
947 687 1142 731 imperare,
1169 692 1208 719 111

230 741 358 774 iudicio
383 739 533 772 rationis
563 738 740 772 obediant.
794 737 844 771 Ita
865 745 899 771 et
921 738 1101 771 moderari
1126 737 1208 769 11110-

229 798 303 825 01115
321 790 441 835 aliquo
459 790 567 823 modo
584 795 718 834 potest,
745 796 779 822 et
798 796 958 823 externas
976 789 1130 822 actiones
1145 786 1209 821 110-

229 849 344 876 nestas
367 842 501 874 efficere
524 840 679 885 propriis
707 840 840 874 viribus
868 841 942 874 sine
967 840 1209 873 renovatione.

229 894 329 928 Hanc
353 892 564 926 sententiam
591 892 773 936 perspicue
797 893 944 932 docent,
973 898 1007 925 et
1032 892 1211 924 inculcant

232 956 350 980 sacrae
368 944 502 977 literae.
554 942 747 976 Testantur
763 944 858 976 enirn
876 944 1056 989 quandam
1074 955 1146 976 esse
1165 943 1211 975 le-

231 997 281 1041 gis
300 995 467 1029 iustitiam
480 1021 488 1035 ,
510 1006 571 1027 seu
588 994 722 1035 carnis,
743 1007 805 1028 seu
820 992 1014 1028 humanam
1031 994 1211 1033 iustitiam,

232 1059 340 1093 quam
365 1044 527 1079 homines
550 1045 705 1079 efficiunt
725 1046 879 1090 propriis
901 1052 1049 1079 naturae
1067 1045 1213 1083 virilius,

232 1099 321 1132 sicut
346 1098 391 1130 ad
406 1097 510 1130 Rom.
535 1096 576 1136 9,
599 1096 694 1142 (31.)
722 1103 870 1131 testatur
887 1097 1018 1130 Paulus
1039 1095 1214 1130 Israelitas

233 1148 357 1183 sectari
382 1149 491 1192 legem
517 1147 685 1181 iustitiae:
714 1148 775 1181 ubi
804 1146 900 1182 haud
923 1148 1028 1181 dubie
1052 1147 1215 1189 intelligit

234 1213 293 1234 eos
309 1200 423 1232 facere
442 1206 583 1232 externa
603 1211 711 1243 opera
729 1199 812 1242 legis
827 1213 832 1232 :
861 1205 895 1232 et
911 1199 995 1232 alibi
1014 1199 1050 1231 in
1066 1199 1214 1231 eandem

235 1251 445 1285 sententiam
468 1250 583 1294 inquit
610 1249 732 1295 (Rom.
759 1252 802 1290 2,
829 1249 923 1295 14.):
961 1250 1090 1283 Gentes
1113 1255 1215 1282 natu-

234 1302 357 1335 raliter
379 1314 440 1339 ea,
469 1312 558 1345 quae
577 1300 662 1344 legis
685 1306 787 1340 sunt,
813 1301 941 1334 facere.
993 1300 1139 1334 Necesse
1165 1305 1216 1331 est

235 1352 341 1396 igitur
364 1352 401 1384 in
426 1349 630 1384 hoiuissibus
656 1351 830 1384 delectum
855 1350 1033 1396 quendam
1057 1357 1091 1383 et
1112 1350 1216 1382 liber-

235 1410 343 1436 tatem
368 1414 458 1442 esse,
488 1414 556 1447 qua
584 1402 697 1434 officia
721 1401 807 1444 legis
825 1401 892 1434 sibi
913 1401 1106 1445 imperent,
1132 1412 1216 1432 nam

236 1454 369 1498 alioqui
392 1458 530 1486 constat
550 1464 651 1495 posse
671 1449 835 1486 homines
852 1451 1047 1485 contrarias
1064 1451 1218 1484 actiones

236 1506 386 1538 efficere.

340 1554 497 1588 Secunda
515 1553 618 1587 ratio.
644 1552 739 1587 Deus
758 1552 941 1597 praecipit,
962 1559 1002 1586 ut
1018 1564 1140 1586 omnes
1155 1550 1219 1585 ho-

238 1608 369 1645 mines,
405 1605 510 1638 etiam
542 1615 617 1637 non
647 1604 781 1644 renati,
810 1602 1066 1637 coherceantur
1085 1603 1220 1647 legibus

239 1665 273 1692 et
289 1657 486 1701 disciplina.
538 1655 632 1688 Haec
650 1661 723 1688 tota
742 1655 927 1700 disciplina
953 1661 987 1688 et
1003 1655 1145 1699 politica
1165 1666 1221 1687 or-

239 1708 376 1743 dinatio
400 1713 488 1741 esset
510 1706 660 1746 inutilis,
683 1706 712 1740 si
730 1704 838 1739 homo
863 1706 961 1740 nullo
977 1707 1086 1739 modo
1104 1711 1222 1750 posset

241 1760 384 1794 obedire
406 1758 555 1802 legibus:
584 1769 667 1801 ergo
684 1769 823 1791 necesse
845 1764 896 1791 est
917 1757 1074 1802 aliquam
1092 1769 1164 1790 esse
1182 1757 1222 1788 li-

240 1813 410 1845 bertatem
422 1836 431 1849 ,
456 1809 606 1854 ideoque
624 1809 756 1842 Paulus
775 1808 891 1854 inquit
919 1808 970 1855 (1.
987 1809 1081 1842 Tim.
1100 1809 1133 1848 1,
1151 1807 1221 1853 9.):

242 1862 315 1896 Lex
339 1867 389 1895 est
413 1860 551 1893 iniustis
576 1859 711 1903 posita,
738 1859 868 1893 scilicet
891 1866 930 1893 ut
957 1858 1223 1892 coherceantur.

243 1913 330 1947 Item
359 1912 455 1958 (Gal.
472 1913 513 1951 2,
531 1910 627 1956 240:
656 1910 729 1943 Lex
753 1917 804 1944 est
821 1911 1065 1955 paedagogus,
1093 1910 1224 1944 scilicet

242 1972 281 1998 ut
324 1963 479 2002 erudiat,
520 1960 705 1995 coherceat
739 1967 773 1994 et
807 1962 1015 1996 assuefaciat
1049 1959 1224 1995 homines.

244 2015 344 2048 Hanc
372 2014 572 2046 libertatem
605 2013 643 2046 in
674 2012 827 2046 externis
861 2013 1059 2046 actionibus
1090 2013 1225 2052 tollere,

246 2066 330 2112 quid
356 2065 452 2099 aliud
476 2070 544 2104 est,
573 2076 678 2109 quam
695 2064 732 2097 in
749 2064 955 2098 universum
972 2064 1086 2097 delere
1103 2076 1226 2097 omnes

245 2119 336 2161 leges
359 2116 396 2149 in
423 2115 641 2155 civitatibus,
669 2121 703 2148 et
719 2116 910 2148 concedere
927 2115 1103 2148 infinitam
1121 2115 1227 2148 licen-

245 2169 331 2202 tiam
355 2166 515 2201 omnium
540 2166 728 2206 scelerum,
756 2173 789 2199 et
814 2172 924 2200 totam
951 2166 1152 2200 societatem
1171 2178 1227 2209 ge-

247 2220 339 2253 neris
354 2216 501 2252 humani
518 2217 688 2261 dissipare
699 2244 708 2257 ,
735 2223 775 2251 ut
790 2217 897 2261 igitur
911 2217 1095 2262 disciplina
1107 2244 1116 2257 ‚
1141 2217 1228 2250 boni

248 2282 382 2309 mores,
409 2275 443 2302 et
469 2268 707 2314 tranquillitas
729 2268 950 2302 retineantur
968 2275 1002 2301 et
1018 2269 1228 2302 confirmen-

249 2329 326 2361 tur,
353 2332 490 2353 necesse
515 2326 566 2352 est
583 2321 708 2353 docere
726 2317 890 2354 homines
909 2320 951 2353 de
968 2317 1034 2352 hac
1054 2320 1228 2359 libertate,

248 2380 287 2406 ut
302 2371 412 2405 sciant
430 2383 463 2404 se
488 2370 623 2415 legibus
647 2371 684 2403 in
703 2377 845 2404 externa
865 2371 1118 2405 consuetudine
1136 2371 1228 2403 vitae

251 2423 394 2456 obedire
420 2434 539 2466 posse,
568 2429 601 2455 et
623 2422 843 2456 voluntatem
858 2421 925 2456 Dei
947 2435 1040 2463 esse,
1068 2428 1108 2456 ut
1131 2421 1231 2455 omni

252 2473 475 2508 contentione
494 2473 602 2505 animi
622 2473 867 2518 obtemperare
882 2480 1066 2508 conentur.

351 2524 471 2558 Tertia
490 2524 593 2557 ratio.
626 2524 852 2568 Experientia
867 2531 1014 2559 testatur
1030 2525 1067 2557 in
1084 2524 1231 2564 artibus,

252 2575 412 2609 homines
435 2587 535 2618 posse
559 2587 593 2607 se
616 2576 659 2608 ad
683 2583 793 2610 certas
816 2583 928 2616 artes,
956 2576 1040 2610 item
1063 2576 1106 2609 ad
1132 2575 1230 2608 varia

253 2628 381 2661 artium
400 2637 506 2669 opera
524 2625 700 2670 applicare
720 2634 753 2660 et
769 2629 993 2661 assuefacere.
1045 2626 1140 2671 Ergo
1158 2639 1231 2659 ma-

253 2679 417 2712 nifestum
432 2683 482 2710 est
499 2689 569 2710 esse
588 2678 766 2721 quendam
782 2679 956 2712 delectum
973 2685 1007 2712 et
1020 2678 1231 2711 libertatem.

254 2730 344 2764 Nam
377 2728 508 2772 alioqui
535 2728 639 2760 etiam
672 2734 763 2763 artes
783 2730 912 2764 frustra
937 2736 1095 2764 ostensae
1118 2735 1233 2763 essent

491 142 692 180 SCRIPTA
718 143 792 177 ΡΠ.
818 141 930 176 MEL.
957 141 1022 175 AD
1049 138 1258 175 ETHICEN
1284 137 1348 172 ET
1374 136 1629 173 POLITICEN
1658 136 1966 174 SPECTANTIA.

2187 137 2235 172 44

1253 224 1374 269 generi
1397 222 1575 266 humano,
1602 225 1670 258 nisi
1690 222 1852 258 homines
1874 224 1994 269 aliquo
2012 223 2120 256 modo
2137 234 2172 257 se
2191 224 2236 256 ad

1254 288 1311 310 eas
1329 276 1506 320 applicare
1530 282 1684 320 possent.
1737 275 1812 309 Hae
1829 276 1986 308 rationes
2002 274 2185 319 perspicue
2203 281 2238 307 et

1254 328 1328 361 sine
1344 328 1413 360 ulla
1432 327 1652 360 dubitatione
1669 328 1860 360 ostendunt
1875 339 1946 360 esse
1961 326 2116 371 aliquam
2133 325 2238 358 liber-

1255 385 1365 411 tatem
1391 376 1568 411 hnmanae
1591 379 1784 412 voluntatis
1802 378 1838 411 in
1859 378 2010 411 externis
2029 377 2239 410 actionibus.

1255 430 1370 475 Atque
1393 427 1498 468 haec,
1527 441 1617 474 quae
1633 429 1803 469 diximus,
1831 430 1918 462 adeo
1936 441 2008 462 non
2026 428 2240 462 dissentiunt

1257 494 1276 514 a
1291 481 1395 514 Pauli
1413 480 1572 513 doctrina
1584 507 1594 521 ,
1620 487 1660 513 ut
1675 481 1825 513 multum
1845 481 1950 514 etiam
1969 481 2055 514 lucis
2073 481 2218 513 addant.

1359 532 1427 565 Sed
1445 532 1553 564 Stoici
1570 532 1606 564 in
1620 531 1825 565 universum
1847 532 2063 565 sustulerunt
2076 543 2150 564 non
2165 542 2241 563 mo-

1258 584 1304 617 do
1329 583 1527 616 libertatem
1554 583 1591 616 in
1617 580 1782 616 humanis
1808 583 2023 623 actionibus,
2051 583 2111 616 sed
2134 582 2239 615 etiam

1260 634 1536 678 contingentiam
1559 634 1595 667 in
1620 634 1785 667 omnibus
1812 634 1967 667 motibus
1993 639 2026 666 et
2047 633 2242 672 eventibus,

1260 692 1295 719 et
1319 686 1579 719 contenderunt
1602 685 1721 718 onmia
1744 685 1942 718 necessario
1969 684 2064 725 fieri,
2091 691 2124 718 et
2151 683 2243 718 hanc

1261 737 1501 770 necessitatem
1526 743 1743 770 vocaverunt.
1767 738 1890 770 fatum.
1944 735 2081 769 Horum
2105 742 2243 769 senten-

1262 788 1309 821 tia
1331 789 1550 832 repudianda
1588 794 1622 821 et
1647 788 1868 832 explodenda
1898 793 1968 827 est,
2003 786 2086 832 quia
2110 793 2245 831 pugnat

1263 852 1342 873 011111
1372 839 1491 872 multis
1519 839 1726 873 firmissimis
1758 838 1977 879 rationibus,
2013 849 2100 883 quas
2123 844 2245 883 postea

1262 891 1508 930 recitabimus,
1534 897 1567 923 et
1583 897 1686 923 nocet
1702 890 1872 923 moribus.
1914 890 1985 923 Nec
2011 890 2246 922 defendebant

1264 942 1372 975 Stoici
1405 941 1648 975 necessitatem
1682 941 1744 974 fati
1758 968 1766 981 ‚
1800 941 1998 974 rationibus
2028 941 2178 985 sumptis
2206 951 2247 973 ex

1264 999 1410 1032 natura,
1434 999 1494 1026 aut
1513 992 1604 1026 veris
1619 992 1859 1026 fundamentis
1871 1019 1879 1032 ,
1897 993 1957 1026 sed
1975 991 2115 1024 aliunde
2133 1002 2249 1025 accer-

1265 1045 1339 1078 sitis
1356 1044 1639 1077 cavillationibus
1657 1043 1846 1077 ‹lialecticis
1862 1043 1952 1076 male
1970 1043 2138 1083 consutis,
2161 1054 2248 1089 quas

1266 1095 1422 1129 recitabo
1434 1121 1442 1135 ,
1469 1101 1509 1128 ut
1525 1096 1652 1127 addam
1670 1095 1872 1139 perspicuas
1886 1094 2091 1128 solutiones.

1509 1179 1663 1213 Prima
1689 1179 1845 1213 Stoica
1874 1180 2007 1213 ratio.

1367 1247 1589 1291 Impossibile
1624 1253 1675 1281 est
1706 1248 1793 1281 duas
1823 1247 2117 1281 contradictorias
2146 1245 2253 1280 simul

1269 1310 1341 1331 esse
1364 1310 1477 1331 veras.
1538 1297 1634 1330 Haec
1658 1304 1709 1331 est
1736 1309 1836 1337 vera,
1871 1298 1996 1331 Cicero
2021 1298 2090 1331 erit
2112 1297 2251 1331 consul:

1270 1361 1353 1393 ergo
1381 1348 1598 1392 impossibile
1624 1355 1675 1381 est
1698 1348 2011 1381 contradictoriam
2031 1361 2102 1382 esse
2118 1360 2253 1383 veram.

1271 1400 1307 1433 Si
1333 1399 1549 1444 impossibile
1573 1405 1624 1432 est
1646 1399 1744 1432 illam
1770 1412 1842 1433 esse
1859 1411 2000 1440 veram,
2028 1399 2188 1445 sequitur
2206 1399 2255 1432 al-

1271 1457 1384 1484 teram
1401 1450 1598 1484 necessario
1615 1462 1735 1483 veram
1753 1463 1824 1492 esse
1835 1477 1844 1491 ,
1872 1450 1994 1484 Cicero
2015 1451 2082 1484 erit
2099 1450 2233 1484 consul.

1663 1535 1862 1569 Solutio.

1374 1602 1472 1647 Nego
1494 1602 1684 1636 minorem.
1735 1603 1828 1637 Nam
1845 1600 1934 1636 haec
1950 1603 2172 1648 propositio,
2199 1603 2258 1638 Ci-

1274 1666 1353 1688 cero
1381 1654 1447 1688 erit
1469 1654 1609 1693 consul,
1644 1660 1816 1699 quatenus
1843 1660 1894 1688 est
1915 1654 2114 1699 propositio
2139 1655 2182 1688 de
2203 1655 2258 1688 fu-

1274 1712 1354 1739 turo
1366 1732 1374 1745 ,
1402 1717 1476 1738 non
1491 1712 1542 1738 est
1557 1705 1789 1739 determinate
1806 1705 1853 1752 44)
1879 1718 1974 1740 vera.
2017 1706 2111 1740 Nam
2128 1705 2259 1740 veritas

1275 1757 1433 1802 sequitur
1448 1769 1519 1790 esse
1536 1757 1609 1797 rei,
1635 1756 1725 1790 sicut
1740 1769 1794 1790 res
1808 1754 1916 1790 habet
1932 1769 2018 1798 esse,
2045 1757 2093 1791 sic
2109 1764 2161 1791 est
2175 1768 2259 1791 vera

1275 1808 1484 1853 propositio.
1542 1807 1717 1841 Futurum
1747 1814 1865 1842 autem
1895 1809 2056 1842 nondum
2071 1809 2119 1855 ⁴⁵)
2151 1806 2262 1843 hahet

1277 1872 1361 1893 esse.
1410 1859 1505 1902 Ergo
1523 1859 1720 1903 propositio
1738 1860 1780 1893 de
1796 1860 1916 1893 futuro
1933 1860 2154 1903 contingenti
2169 1871 2260 1893 non-

1277 1911 1362 1944 dum
1382 1916 1435 1943 est
1460 1922 1560 1950 vera,
1588 1911 1647 1944 sed
1667 1917 1717 1944 est
1739 1911 1892 1950 incerta,
1920 1911 2009 1944 sicut
2026 1923 2081 1945 res
2098 1911 2261 1944 nondum

1278 1968 1339 1995 est.
1403 1961 1492 1995 Cum
1529 1961 1636 2005 igitur
1667 1959 1753 1995 haec
1782 1962 1826 1995 sit
1858 1962 2011 2003 incerta,
2046 1961 2170 1995 Cicero
2194 1961 2263 1995 erit

1279 2012 1419 2053 consul,
1453 2014 1614 2045 nonduin
1638 2019 1754 2057 potest
1782 2013 1906 2046 inferri
1931 2014 2078 2046 alteram
2100 2025 2173 2047 esse
2197 2013 2261 2046 im-

1279 2064 1500 2109 possibilem,
1523 2063 1650 2097 deinde
1675 2064 1812 2098 etiamsi
1838 2064 1959 2098 minor
1976 2071 2027 2098 est
2044 2076 2126 2098 vera
2143 2076 2262 2098 neces-

1279 2116 1380 2149 sitate
1397 2115 1688 2160 consequentiae,
1716 2115 1846 2149 scilicet
1864 2116 1946 2161 quia
1964 2115 2012 2150 sic
2027 2115 2182 2155 eveniet,
2210 2121 2262 2148 ta-

1280 2179 1361 2200 men
1379 2166 1565 2200 necessitas
1583 2167 1855 2212 consequentiae
1871 2179 1946 2200 non
1962 2167 2169 2211 simpliciter
2191 2166 2263 2200 effi-

1281 2224 1326 2251 cit
1343 2218 1596 2252 necessitatem.

1385 2269 1507 2302 Cicero
1536 2269 1573 2302 in
1595 2268 1686 2302 libro
1713 2269 1755 2302 de
1772 2269 1846 2303 fato
1865 2269 1909 2303 ad
1929 2267 1996 2303 hoc
2014 2273 2263 2312 argumentum

1282 2320 1329 2353 ita
1354 2321 1563 2364 respondet,
1597 2333 1631 2354 50
1656 2321 1760 2354 malle
1782 2332 1910 2365 negare
1934 2331 2076 2354 omnem
2102 2318 2264 2353 enuntia-

1282 2371 1415 2404 tionem
1430 2371 1477 2417 1116)
1506 2384 1578 2405 esse
1597 2384 1717 2404 veram
1743 2378 1805 2406 aut
1826 2372 1968 2405 falsam:
2002 2370 2110 2410 Eam,
2134 2369 2264 2415 inquit,

1282 2423 1423 2467 plagam
1446 2424 1564 2467 potius
1591 2423 1780 2467 accipiam,
1814 2435 1921 2468 quam
1944 2422 2016 2456 sato
2044 2421 2164 2454 omnia
2188 2420 2264 2454 fieri

1284 2475 1512 2519 comprobem
1528 2472 1577 2520 =¹⁶).
1636 2474 1704 2508 Sed
1734 2486 1809 2508 non
1840 2473 1996 2507 declarat
2024 2472 2168 2512 Cicero,
2203 2483 2265 2505 cur

1317 2614 1363 2641 44)
1384 2611 1578 2640 determinate]
1598 2610 1638 2634 sic
1655 2610 1703 2635 Ed.
1725 2609 1816 2640 1546.;
1841 2609 1890 2634 Ed.
1913 2608 1985 2633 1540.
2006 2608 2194 2633 determinata.

1318 2656 1366 2683 45)
1388 2654 1521 2682 nonduin]
1543 2653 1583 2677 sie
1600 2653 1650 2677 Ed.
1670 2653 1761 2682 1546.;
1786 2652 1834 2676 Ed.
1858 2652 1930 2675 1540.
1950 2657 2012 2676 11011.

1319 2699 1366 2727 46)
1385 2696 1613 2724 enuntiationem]
1637 2695 1677 2718 sic
1696 2695 1743 2718 Ed.
1761 2695 1851 2725 1546.;
1870 2694 1919 2718 Ed.
1936 2694 2008 2718 1540.
2025 2693 2266 2718 enumerationem.

1321 2742 1354 2771 5⁶)
1375 2740 1430 2766 Cic.
1451 2740 1484 2763 de
1502 2740 1559 2764 sato
1585 2745 1607 2763 c.
1629 2739 1668 2762 10.
1688 2738 1713 2768 S.
1733 2738 1775 2763 21.
1794 2738 1833 2762 ed.
1855 2737 1949 2762 Orelli.
