2347 3000
45 146 92 181 37
605 140 631 176 1.
664 139 1013 175 PHILOSOPHIAE
1042 138 1252 175 MORALIS
1276 138 1503 175 EPITOME.
2015 146 2061 178 38

46 230 154 265 versis
178 229 305 263 amissa
327 239 387 272 spe
406 226 584 260 commodi
607 233 743 260 rectum
760 226 805 260 sit
821 225 953 259 amicos
971 226 1030 259 dc.-

46 294 161 317 serere
172 308 180 322 ,
209 281 245 313 in
260 278 314 313 his
333 279 497 312 omnibus
511 278 603 311 ratio
621 278 698 311 sani
714 276 870 311 hominis
887 276 1030 317 iudicat,

47 340 139 367 recte
162 332 361 366 faciendum
385 342 477 369 esse,
505 329 643 363 etiamsi
666 335 917 362 removeantur
936 340 1030 360 com-

46 385 153 418 moda
178 389 212 416 et
237 381 405 427 pericula.
458 380 521 414 Est
541 381 648 423 igitur
671 380 889 425 explodenda
908 378 1030 423 opinio

48 434 211 480 Epicuri,
239 432 447 478 praesertim
472 444 490 464 a
517 430 746 472 Christianis,
775 444 853 464 cum
871 428 1031 463 Christus

48 494 123 521 tum
139 485 249 519 multa
268 485 310 518 de
328 495 429 516 cruce
446 483 677 516 concionetur
688 510 696 523 ,
721 489 755 516 et
770 489 889 515 tamen
904 481 1032 514 scimus

49 537 190 571 interim
205 536 299 568 bona
319 535 478 579 corporis
495 547 558 569 suo
575 534 654 567 loco
671 540 764 568 recte
781 533 908 578 expeti,
922 532 1032 565 modo

48 595 87 622 ut
106 588 326 633 praeferatur
343 586 466 620 virtus.

50 691 162 724 Estne
184 687 377 733 probanda
394 687 604 721 Stoicorum
629 686 752 728 opinio
771 682 839 729 35¹),
868 686 929 730 qui
948 695 1035 719 con-

133 747 297 783 tendunt
322 746 416 781 nihil
440 755 520 779 esse
542 743 696 786 bonum,
728 749 884 789 praeter
903 743 949 789 35)

440 801 647 839 virtutem?

154 891 249 925 Haec
281 890 440 936 quaestio
471 895 610 923 tantum
637 888 796 922 continet
831 895 1035 922 controver-

53 944 142 978 siam
172 943 215 976 de
249 942 435 975 vocabulo.
487 941 579 976 Nam
603 940 713 973 Stoici
743 940 875 980 vitam,
904 941 1036 973 bonam

53 994 313 1033 valetudinem,
351 1005 453 1037 opes,
482 998 732 1025 concesserunt
760 1003 831 1025 esse
855 1003 910 1024 res
935 1003 1037 1035 expe-

53 1046 195 1085 tendas,
224 1045 285 1078 sed
308 1056 382 1076 non
408 1043 610 1077 tribuerunt
641 1043 689 1076 eis
713 1042 800 1075 boni
830 1043 1037 1087 appellatio-

54 1110 155 1138 nem,
193 1103 227 1129 et
259 1095 471 1128 vocabulum
504 1094 591 1128 boni
619 1094 713 1127 male
746 1093 1038 1138 interpretantur.

53 1148 137 1183 Non
160 1154 277 1181 autem
300 1147 398 1179 decet
421 1147 536 1179 bonos
562 1145 657 1178 viros
674 1157 790 1178 serere
813 1143 1038 1193 λογομαχίας

57 1201 102 1233 ad
137 1198 399 1232 conturbandus
432 1195 599 1230 honestas
634 1196 831 1240 opiniones.
895 1196 1037 1228 Bonum

56 1250 229 1295 significat
254 1249 291 1281 in
313 1246 540 1292 philosophia
567 1247 712 1292 proprie
739 1247 953 1279 conveniens
977 1259 1039 1279 na-

57 1308 169 1336 turae.
229 1300 291 1334 Est
313 1300 421 1343 igitur
444 1299 575 1342 duplex
595 1298 749 1330 honum:
778 1298 913 1329 bonum
939 1303 1040 1329 natu-

58 1353 150 1391 rale,
178 1351 215 1383 id
239 1357 308 1390 est,
335 1362 390 1382 res
420 1349 633 1382 conveniens
662 1349 706 1380 ad
733 1347 1039 1380 conservationem

58 1410 208 1437 naturae
220 1428 228 1441 ,
252 1414 311 1434 seu
328 1407 411 1433 nata
429 1401 472 1432 ad
489 1400 623 1432 boumn
641 1410 743 1431 usum
755 1424 764 1436 ,
788 1404 828 1430 ut
845 1398 952 1437 cibus,
978 1410 1041 1440 po-

60 1461 134 1493 tus,
162 1453 257 1485 bona
275 1451 460 1489 valetudo,
488 1462 590 1493 opes,
615 1448 776 1492 imperia.
811 1448 867 1481 Sic
886 1448 1041 1491 appella-

60 1504 109 1537 tio
132 1502 220 1535 boni
242 1501 399 1534 continet
423 1512 478 1534 res
501 1499 637 1533 dubias.
690 1499 810 1532 Altera
833 1499 1040 1542 significatio

60 1561 111 1588 est
139 1554 273 1587 bonum
296 1552 452 1591 morale,
480 1550 577 1596 quod
603 1556 654 1583 est
675 1550 711 1583 in
737 1549 934 1583 actionibus
960 1562 1042 1582 con-

60 1604 204 1638 veniens
229 1609 395 1642 naturae,
423 1602 553 1635 iudicio
572 1601 712 1635 mentis.
764 1600 840 1634 Hoc
856 1602 963 1634 modo
982 1613 1042 1645 ap-

60 1656 204 1702 pellatio
233 1654 320 1688 boni
344 1653 540 1693 intellecta,
568 1659 707 1686 tautum
736 1652 909 1696 significat
932 1650 1043 1685 hone-

60 1715 172 1748 stum,
198 1706 266 1740 tale
282 1706 417 1739 bonum
433 1705 507 1738 sola
524 1704 635 1737 virtus
652 1710 713 1738 est.
755 1702 796 1735 In
810 1704 916 1737 sacris
933 1703 1043 1736 literis

61 1759 197 1792 honum
222 1756 407 1801 tripliciter
434 1755 652 1799 intelligitur.
705 1755 867 1788 Primum
893 1767 958 1799 pro
990 1767 1045 1795 eo,

63 1810 160 1856 quod
187 1815 238 1843 est
256 1807 438 1842 conditum
459 1813 493 1840 et
509 1807 712 1840 ordinatum
737 1818 756 1838 a
772 1806 861 1840 Deo.
915 1805 1045 1839 Huius-

62 1861 162 1895 modi
184 1866 266 1894 sunt
291 1858 431 1898 omnia,
460 1870 550 1903 quae
575 1864 749 1891 vocantur
771 1858 865 1890 bona
884 1864 1045 1891 naturae.

62 1912 155 1947 Nam
173 1923 295 1946 omnes
314 1916 494 1943 creaturae
513 1909 707 1942 destinatae
724 1915 806 1942 sunt
824 1909 868 1941 ad
891 1909 1046 1954 aliquem

62 1975 166 1997 usum
184 1970 218 1996 et
234 1961 539 1996 conservationem
562 1966 721 1994 naturae.
775 1960 957 2000 Secundo,
984 1960 1047 1992 bo-

64 2026 152 2048 num
167 2014 339 2058 significat
355 2009 576 2058 ἀδιάφορον,
605 2011 641 2044 id
658 2017 728 2051 est,
754 2023 957 2045 concessum
972 2011 1046 2054 lege

64 2065 144 2099 Dei.
195 2064 244 2098 lta
268 2065 403 2097 bonum
429 2063 657 2106 intelligitur,
685 2075 764 2096 cum
784 2062 901 2108 inquit
916 2063 1047 2095 Paulus

66 2116 190 2163 (Rom.
217 2115 282 2156 14,
305 2114 399 2160 21.):
441 2114 583 2147 Bonum
607 2120 658 2148 est
679 2111 818 2146 homini
842 2126 917 2146 non
934 2125 1048 2146 come—

67 2169 150 2202 dere
179 2179 332 2201 carnem.
384 2165 449 2198 Hic
472 2166 606 2198 bonum
633 2165 827 2209 opponitur
852 2163 1047 2209 prohibito.

67 2219 213 2260 Tertio,
240 2219 375 2251 bonum
399 2216 572 2260 significat
592 2217 748 2250 actiones
775 2216 933 2256 virtutis,
963 2228 1049 2261 quas

67 2270 163 2304 Deus
184 2268 376 2315 praecipit,
402 2280 464 2300 seu
487 2279 589 2300 veros
612 2268 723 2301 cultus
740 2266 826 2307 Dei,
854 2274 889 2300 et
906 2267 1050 2312 quidem

68 2327 274 2367 praeceptos
298 2332 315 2352 a
330 2319 427 2359 Deo,
453 2324 493 2351 ut
516 2319 609 2362 apud
631 2317 865 2363 Prophetam:
900 2318 976 2351 Hoc
1001 2324 1052 2351 est

67 2374 204 2406 bonurn
228 2371 410 2404 ambulare
441 2381 562 2402 coram
587 2369 684 2409 Deo,
718 2376 752 2403 et
774 2370 898 2403 timere
923 2369 1051 2403 Deum.

69 2424 163 2459 Nolo
188 2429 305 2457 autem
327 2421 463 2467 prolixe
489 2422 641 2454 refutare
659 2421 813 2460 Stoicos,
839 2433 918 2454 cum
943 2427 977 2454 et
999 2433 1052 2454 sa-

72 2487 150 2508 crae
174 2475 316 2513 literae,
343 2479 378 2505 et
400 2472 599 2505 communis
618 2484 733 2505 sermo
759 2473 919 2505 tribuant
935 2473 1053 2517 appel-

71 2525 241 2559 lationem
256 2524 343 2558 boni
358 2524 462 2557 rebus
481 2523 637 2557 utilibus.
690 2521 765 2555 Imo
781 2523 849 2568 ipsi
864 2523 972 2556 Stoici
995 2524 1054 2556 ad-

72 2577 239 2610 diderunt
255 2575 510 2609 correctionem
535 2587 598 2608 suo
615 2574 816 2619 paradoxo,
845 2574 927 2620 quia
944 2575 1054 2608 faten-

108 2695 156 2723 34)
176 2693 288 2725 opinio]
309 2694 349 2717 sic
367 2694 432 2718 Edd.
455 2694 528 2719 1540.
547 2695 574 2718 et
594 2694 686 2725 1546.;
704 2694 753 2718 Ed.
775 2693 850 2718 1538.
868 2694 1022 2718 sententia.

108 2746 158 2776 ³5)
174 2745 305 2777 praeter]
324 2744 365 2768 sie
383 2744 449 2768 Edd.
470 2745 543 2769 1540.
564 2746 591 2769 et
611 2745 703 2775 1546.;
728 2745 777 2769 Ed.
798 2744 873 2768 1538.
891 2745 958 2770 uisi.

1082 233 1139 261 tur
1161 227 1382 261 retinendam
1408 239 1480 261 esse
1505 228 1736 269 sententiam,
1765 231 1861 275 quod
1877 230 1976 263 utilia
1994 231 2063 264 sint

1082 291 1145 311 suo
1173 279 1250 312 loco
1277 279 1488 323 expetenda,
1516 278 1595 311 ideo
1623 280 1865 324 excogitarunt
1884 282 1979 314 aliud
2003 295 2063 315 vo-

1084 330 1267 370 cabulum,
1294 330 1455 363 vidi-licet
1477 329 1710 377 npowypqzaeae'i‘a,
1740 332 1774 364 id
1796 340 1864 373 est,
1893 333 2062 377 praelata.

1084 378 1156 412 [am
1174 378 1229 413 hic
1246 381 1274 413 si
1290 394 1458 426 quaeras,
1487 393 1596 426 quare
1616 382 1716 414 utilia
1735 383 1804 416 sint
1820 385 2064 429 praeferenda,

1084 437 1202 463 tamen
1229 433 1487 466 decurrendum
1511 432 1578 466 crit
1603 433 1647 465 ad
1672 445 1833 468 causam:
1871 435 1954 481 quia
1984 448 2066 467 con-

1084 482 1229 514 reniant
1249 489 1408 517 naturae.
1462 484 1557 517 Haec
1581 490 1631 518 est
1655 491 1772 518 autem
1797 486 1955 519 definitio
1981 487 2067 519 boni

1086 533 1316 575 generaliter,
1362 536 1457 579 quod
1489 535 1533 568 sit
1568 547 1622 568 res
1659 537 1872 572 conveniens
1908 543 2066 571 naturae.

1084 584 1284 617 Retinenda
1308 590 1358 617 est
1383 585 1490 628 igitur
1506 585 1703 621 Aristotelis
1722 588 1868 630 divisio,
1897 589 1956 635 qui
1973 589 2066 621 bona

1086 642 1189 669 vocat
1208 647 1282 668 non
1298 635 1406 668 modo
1426 636 1612 677 virtutem,
1637 640 1695 671 sed
1716 639 1820 672 etiam
1837 653 1892 673 res
1914 640 2017 673 utiles
2036 646 2070 672 et

1087 699 1229 727 suaves,
1262 699 1385 720 verum
1411 688 1539 728 gradus
1566 688 1658 722 facit.
1710 689 1853 724 Bonum
1879 689 2068 725 honestum

1088 745 1189 771 vocat
1201 765 1209 777 ‚
1235 739 1330 783 quod
1347 745 1494 782 propter
1510 750 1582 771 sese
1599 742 1832 783 expetendum
1852 749 1922 782 est,
1951 749 2070 787 estque

1087 790 1162 823 sola
1195 789 1306 823 virtus
1338 789 1472 822 bonum
1508 787 1715 831 honestum,
1750 804 1812 825 seu
1843 794 1999 833 morale,
2032 800 2071 826 ut

1089 841 1174 874 alias
1197 846 1365 880 vocatur,
1397 847 1431 873 et
1454 839 1509 873 hic
1534 841 1663 884 gradus
1686 839 1792 875 habet
1816 856 1994 877 summum
2021 845 2071 877 lo-

1089 905 1180 926 cum.
1222 892 1435 936 Oppositum
1455 898 1505 925 est
1523 892 1647 925 vitium
1669 905 1730 926 seu
1748 895 1932 939 turpitudo
1945 922 1954 935 ,
1982 908 2072 940 quae

1089 950 1238 976 vocatur
1264 943 1397 975 malum
1431 943 1467 975 in
1499 955 1626 987 genere
1656 956 1818 985 morum,
1848 947 1906 979 sed
1939 947 2073 979 malum

1091 995 1225 1039 culpae.
1278 993 1415 1027 Deinde
1432 994 1566 1027 bonum
1582 995 1668 1027 utile
1690 1002 1740 1028 est
1758 1009 1812 1030 res
1829 1004 1977 1031 naturae
1993 1009 2075 1029 con-

1090 1046 1235 1079 veniens
1267 1046 1312 1078 ad
1343 1045 1502 1089 corporis
1534 1047 1859 1088 conservationem,
1903 1061 1993 1094 quae
2026 1055 2076 1082 est

1091 1096 1285 1142 expetenda
1309 1103 1456 1141 propter
1480 1096 1594 1137 aliud,
1621 1098 1751 1131 scilicet
1778 1112 1860 1132 usus
1887 1112 2009 1139 causa,
2038 1106 2077 1132 ut

1090 1150 1184 1182 bona
1212 1148 1396 1188 valetudo,
1432 1148 1524 1188 vita,
1561 1161 1645 1192 opes
1675 1155 1739 1183 etc.
1794 1150 1936 1183 Bonum
1971 1163 2076 1184 suave

1092 1207 1143 1234 cst
1159 1205 1347 1241 cognatum
1368 1199 1466 1237 utili,
1492 1199 1665 1243 significat
1684 1201 1778 1233 enim
1800 1202 1854 1242 id,
1882 1202 1979 1248 quod
1998 1202 2076 1234 ideo

1092 1251 1286 1295 expetitur,
1315 1251 1397 1295 quia
1425 1250 1527 1283 affert
1550 1251 1666 1284 sensui
1691 1258 1751 1285 aut
1768 1253 1889 1286 animo
1906 1253 2078 1287 iucundos

1092 1308 1221 1335 motus.
1275 1301 1370 1333 Haec
1386 1302 1477 1341 duo,
1500 1302 1629 1335 scilicet
1646 1303 1731 1336 utile
1751 1310 1783 1336 et
1800 1316 1926 1345 suave,
1950 1316 2078 1337 vocau-

1094 1359 1151 1385 tur
1185 1349 1396 1397 ἀδιάφορα,
1431 1353 1527 1396 quod
1557 1353 1683 1386 attinet
1713 1355 1757 1386 ad
1784 1367 1893 1397 genus
1924 1368 2079 1388 morum.

1094 1402 1310 1446 Quanquam
1326 1401 1433 1444 igitur
1451 1414 1525 1434 non
1541 1410 1622 1435 sunt
1638 1404 1730 1436 bona
1748 1406 1944 1446 moraliter,
1961 1413 2081 1439 tamen

1094 1458 1176 1486 sunt
1197 1458 1326 1484 natura
1346 1463 1402 1484 res
1426 1453 1560 1493 honae,
1589 1455 1634 1486 ad
1651 1466 1733 1487 usus
1759 1455 1898 1501 aliquos
1917 1464 2081 1501 expeten-

1094 1505 1158 1537 dos
1191 1509 1307 1536 natae.
1369 1501 1584 1547 Oppositum
1612 1511 1662 1537 est
1693 1505 1826 1538 malum
1852 1519 2008 1550 poenae,
2043 1515 2083 1541 ut

1095 1555 1201 1598 vulgo
1228 1554 1443 1599 loquuntur,
1471 1554 1567 1587 iuxta
1595 1555 1683 1588 illud
1709 1553 1788 1602 (les,
1812 1556 1880 1598 45,
1897 1558 1967 1604 7.):
2007 1558 2082 1603 Ego

1096 1619 1173 1640 sum
1192 1605 1286 1638 Deus
1303 1605 1433 1637 faciens
1450 1617 1573 1649 pacem
1585 1633 1593 1645 ‚
1621 1613 1654 1639 et
1671 1619 1793 1642 creans
1811 1609 1956 1643 malum.
1996 1609 2082 1643 Item

1097 1657 1235 1703 (Amos.
1261 1657 1303 1695 3,
1324 1656 1392 1701 6.):
1422 1657 1503 1690 Non
1528 1657 1593 1690 erit
1610 1658 1744 1692 malum
1770 1659 1806 1692 in
1826 1659 1967 1694 civitate
1987 1663 2084 1707 quod

1097 1720 1171 1742 non
1188 1707 1295 1740 faciat
1310 1707 1499 1742 Dominus.

1201 1758 1296 1791 Haec
1316 1759 1444 1792 usitata
1469 1759 1647 1792 distinctio
1665 1761 1885 1795 observanda
1903 1769 1973 1803 est,
2002 1764 2086 1808 quia

1098 1816 1132 1843 et
1148 1810 1185 1843 in
1199 1808 1425 1854 philosophia
1445 1811 1594 1850 morali,
1624 1817 1657 1844 et
1674 1812 1710 1844 in
1729 1813 1900 1857 religione
1920 1815 2086 1848 constitui

1100 1868 1241 1906 oportet
1264 1862 1412 1905 gradus,
1439 1867 1479 1894 ut
1505 1862 1675 1902 sciamus,
1703 1875 1792 1909 quae
1816 1877 1870 1898 res
1892 1865 1962 1899 sint
1986 1878 2087 1910 expe-

1098 1913 1246 1952 tendae,
1283 1919 1315 1945 et
1347 1925 1418 1958 quo
1445 1913 1590 1953 ordine,
1625 1925 1688 1946 nec
1719 1916 2008 1959 applaudendum
2037 1923 2086 1949 est

1099 1964 1168 1998 illis
1202 1964 1402 1997 crudelibus
1429 1964 1676 2008 opinionibus,
1706 1978 1796 2011 quae
1824 1968 1962 2012 fingunt
1987 1968 2089 2001 utilia

1100 2028 1175 2049 non
1200 2027 1273 2048 esse
1302 2016 1518 2060 expetenda,
1547 2016 1635 2049 sicut
1661 2016 1869 2052 Aristoteles
1899 2019 2026 2059 sensit,
2055 2025 2087 2052 et

1101 2067 1247 2112 quidam
1273 2066 1350 2106 alii,
1376 2067 1437 2111 qui
1460 2079 1580 2100 rerum
1610 2068 1802 2109 delectum,
1829 2076 1868 2103 ut
1887 2070 2009 2103 Cicero
2038 2071 2089 2102 Io-

1102 2118 1240 2164 quitur,
1268 2117 1485 2151 sustulerunt
1501 2117 1559 2163 36).
1613 2118 1745 2152 Verum
1773 2122 1861 2153 ordo
1884 2122 2088 2155 retinendus

1103 2175 1172 2209 est,
1200 2181 1243 2202 ne
1259 2168 1359 2202 utilia
1382 2169 1626 2202 antefer-‘intur
1644 2170 1779 2205 virtuti.

1423 2254 1520 2295 Quid
1546 2259 1603 2289 est
1630 2255 1771 2290 virius?

1206 2321 1385 2354 Hactenus
1418 2322 1664 2355 constituimus
1696 2323 1801 2355 finem
1831 2320 1986 2358 hominis
2019 2337 2089 2358 esse

1104 2373 1271 2406 virtutem
1284 2400 1293 2413 ,
1321 2385 1382 2406 scu
1398 2373 1539 2406 virtutis
1557 2374 1730 2406 actionem
1744 2401 1752 2413 ,
1779 2380 1819 2407 ut
1834 2374 1995 2420 loquitur
2012 2376 2091 2410 Ari-

1106 2425 1258 2458 stoteles.
1310 2424 1435 2457 Restat
1468 2424 1596 2468 igitur,
1626 2430 1665 2458 ut
1699 2425 1741 2457 de
1770 2424 1898 2458 virtute
1921 2426 2090 2462 dicamus.

1105 2476 1167 2509 Est
1185 2482 1302 2508 autem
1319 2475 1576 2518 simplicissima
1602 2481 1635 2507 et
1652 2475 1857 2519 planissima
1876 2478 2033 2511 definitio
2055 2479 2091 2512 in

1107 2524 1352 2571 philosophia:
1381 2525 1503 2558 Virtus
1527 2532 1576 2559 est
1597 2524 1758 2566 habitus,
1788 2528 1848 2572 qui
1867 2528 2014 2561 inclinat
2030 2542 2090 2562 vo-

1107 2580 1280 2611 luntatem
1311 2578 1355 2610 ad
1381 2577 1617 2610 obediendum
1647 2584 1761 2611 rectae
1788 2579 1931 2612 rationi.
1991 2580 2089 2613 Duae

1108 2635 1189 2663 sunt
1214 2628 1306 2661 enim
1334 2628 1548 2672 principales
1570 2634 1604 2661 et
1627 2628 1852 2662 i111mediatae
1877 2642 2000 2664 causae
2021 2633 2089 2664 vir-

1142 2744 1190 2776 ³6)
1211 2745 1266 2770 c1e.
1288 2745 1314 2769 iu
1333 2745 1494 2812 VernssAsst,
1516 2744 1546 2768 ΙΙ.
1567 2745 1583 2769 1.
1601 2745 1631 2768 u.
1652 2751 1674 2768 c.
1694 2745 1735 2769 50.
1755 2745 1780 2775 S.
1803 2745 1856 2769 123.
