2347 3000
42 113 114 150 445
269 114 327 151 IV.

44 201 231 234 cessariam
257 214 339 234 suae
361 200 566 234 sententiae.
637 198 758 244 Itaque
783 199 951 243 scriptum
980 199 1031 232 ius

43 252 159 285 munit
183 253 406 296 magistratus
432 253 598 283 adversus
626 251 932 294 importunitatem
966 250 1032 282 liti-

44 304 224 347 gantium,
268 303 328 347 qui
354 315 432 334 cum
459 308 593 334 norunt
620 301 690 341 ius,
734 302 852 333 xident
883 302 1029 333 iudicem

42 352 133 387 nihil
154 354 292 397 privato
325 353 470 392 affectu,
513 351 602 385 nihil
635 365 754 385 errore
789 352 1031 396 prommtiarc,

43 407 103 438 sed
121 397 513 449 sequi*praescriptum‚
540 405 635 449 quod
656 410 792 436 mutare
820 404 868 436 illi
894 415 965 435 non
991 403 1030 434 li-

44 462 129 489 ceat.
196 454 241 487 Et
264 455 465 498 intelligunt
488 468 523 488 sc
547 453 613 487 hoc
636 455 688 487 ius
714 456 846 487 debere
867 455 1030 492 tolerare,

44 506 138 552 quod
156 505 389 548 excogitatum
409 512 478 546 est,
506 519 578 538 non
596 508 638 539 ad
658 506 761 539 ullius
778 506 940 549 111-0110111,
969 510 1029 537 aut

41 557 217 601 privatam
239 556 448 597 utilitatem,
476 559 537 591 sed
563 559 606 590 ad
634 557 855 589 retinendam
883 555 1029 588 societa-

42 614 112 640 tem
140 613 174 639 et
202 609 494 652 tranquillitatem
519 609 610 641 inter
634 608 736 641 cives.
795 607 840 640 Et
866 607 911 639 ob
938 604 1028 639 hanc

43 670 184 692 causam
203 658 359 692 arbitror
375 660 476 692 initio
493 660 583 701 leges
605 671 676 692 esse
692 659 799 697 latas,
828 670 907 690 cum
925 663 1027 689 antea

40 721 96 742 res
119 709 361 743 iudicarentur
384 723 425 743 ex
448 710 595 743 arbitrio
621 710 910 753 magistratuum,
938 721 1028 742 sem—

42 772 106 804 per
127 760 221 793 enim
241 762 365 804 vulgus
386 761 545 807 queritur
570 762 612 793 de
634 760 908 804 magistratibus.
962 758 1028 791 lta-

44 823 111 856 que
128 811 200 845 visa
221 818 271 845 est
289 810 374 844 haec
398 812 570 845 tutissima
597 824 668 845 esse
690 812 781 844 ratio
806 822 1028 854 compescen-

42 864 107 894 dae
131 863 388 903 multitudinis,
423 869 533 896 certas
554 864 646 907 leges
670 875 882 907 proponere.
935 862 1027 895 Nam

43 926 121 946 011111
141 911 203 946 has
220 914 451 957 recepissent,
475 926 549 947 non
565 915 692 947 licebat
709 926 832 946 eorum
857 912 1027 945 autorita-

40 970 111 997 tem
129 965 323 997 detrectare
332 964 391 1010 ⁶⁷).
448 965 494 998 Et
510 966 675 998 extabant
693 977 816 998 causae
838 977 957 997 rerum
976 963 1027 996 iu-

39 1015 257 1055 dicatarum,
301 1028 392 1060 quae
420 1016 620 1049 liberabant
652 1016 801 1049 iudicem
827 1015 1026 1059 suspicione

40 1066 192 1110 gratiae,
228 1066 301 1098 odii
324 1073 358 1099 et
383 1067 524 1101 erroris.
587 1067 621 1100 Si
648 1074 723 1100 erat
746 1067 938 1100 iudicatum
965 1067 1027 1099 du-

39 1117 133 1157 rius,
159 1117 227 1160 legi
243 1117 504 1161 ii‘nputabatur‚
532 1118 587 1150 cui
605 1125 724 1150 tamen
742 1118 842 1150 irasci
858 1130 931 1149 non
947 1117 1027 1149 lice.—

38 1169 118 1208 hat,
147 1180 227 1200 cum
246 1169 410 1202 omnibus
432 1169 638 1213 placuisset,
666 1182 745 1202 cum
769 1175 870 1201 antea
897 1169 939 1201 ab
966 1168 1026 1199 illo

41 1219 118 1263 ipso
141 1225 280 1262 recepta
305 1226 338 1252 et
361 1221 591 1264 comprobata
619 1226 724 1259 esset,
760 1220 797 1252 in
823 1232 926 1264 quem
956 1219 1025 1250 iam

39 1270 226 1302 ridebatur
257 1283 328 1304 esse
362 1271 620 1304 inclementior.
692 1271 908 1315 Quanquam
942 1270 1027 1314 quid

41 1334 129 1365 opus
148 1327 198 1353 est
214 1321 476 1364 disputatione?
530 1323 664 1355 Omnes
678 1335 744 1355 usu
760 1321 864 1366 periti
886 1327 968 1354 sunt
990 1320 1025 1352 in

39 1370 105 1405 hac
122 1372 312 1411 sententia,
340 1379 379 1406 ut
404 1379 561 1406 statuant
580 1379 745 1417 oportere
764 1385 805 1405 ex
823 1372 961 1415 scriptis
980 1372 1026 1403 le-

41 1423 141 1467 gibus
165 1422 219 1455 ius
244 1423 323 1457 dici.
382 1424 427 1457 Et
450 1422 582 1457 habent
607 1423 883 1456 inmnnerabiles
905 1434 1026 1455 causas

42 1486 125 1507 suae
142 1473 346 1517 opiniones,
375 1488 462 1520 quas
478 1488 599 1509 omnes
616 1473 672 1507 hic
688 1487 868 1507 recensere
886 1486 959 1506 non
976 1480 1025 1506 est

42 1538 141 1569 opus.
176 1525 312 1557 Horum
331 1527 557 1559 autoritatem
576 1526 740 1559 convenit
756 1526 855 1570 sequi
872 1525 1024 1557 maxime

39 1576 136 1615 illos,
165 1575 226 1620 qui
243 1577 402 1609 nondum
420 1584 501 1611 sunt
517 1577 646 1611 versati
663 1578 699 1609 in
715 1577 908 1621 republica.

138 1626 190 1659 De
218 1627 294 1660 aliis
321 1628 455 1661 artibus
476 1629 580 1661 nullis
606 1629 760 1661 iudicare
792 1627 1022 1672 permittitur,

35 1677 104 1710 nisi
120 1677 310 1711 artificibus
322 1705 330 1717 ,
358 1685 390 1711 et
407 1692 472 1712 usu
488 1680 620 1723 peritis.
673 1679 720 1712 At
735 1680 777 1712 de
793 1679 932 1711 ratione
956 1677 1024 1709 rei-

37 1728 198 1774 publicae
215 1730 407 1772 regendae,
436 1743 525 1775 quae
543 1738 590 1763 est
610 1728 705 1763 haud
729 1730 833 1763 dubie
861 1729 1020 1762 omnium

39 1780 168 1813 artium
182 1780 286 1823 longe
307 1781 530 1821 difficillima,
559 1782 716 1815 iudicant
737 1779 901 1814 homines
920 1792 1022 1825 pror-

38 1844 95 1865 sus
113 1831 284 1874 imperiti,
313 1845 381 1877 qua
400 1832 435 1864 in
451 1845 488 1865 re
504 1846 577 1866 non
596 1834 702 1865 modo
720 1832 911 1876 indignitas
927 1844 1022 1865 sum-

36 1895 94 1915 ma
114 1882 220 1922 inest,
247 1883 305 1915 sed
323 1883 427 1916 etiam
447 1884 638 1928 plurimum
664 1884 828 1928 periculi,
862 1883 942 1928 quia
972 1883 1021 1915 la-

35 1935 171 1966 befacta
187 1934 375 1967 autoritate
392 1935 527 1978 legum,
562 1948 635 1968 non
652 1941 767 1979 potest
784 1934 1021 1980 tranquillitas

36 1984 250 2028 reipublicae
266 1986 423 2020 retineri.
477 1987 596 2031 Quare
612 1985 697 2019 haee
722 1986 940 2030 impudentia
958 1998 1021 2028 pu-

37 2036 136 2069 blicis
153 2036 276 2079 poenis
293 2037 492 2080 castiganda
511 2045 596 2071 erat.
649 2037 722 2072 Nos
745 2038 878 2069 interea
898 2036 1021 2068 memi-

37 2087 196 2122 nerimus
218 2086 416 2122 Aristotelis
444 2089 654 2122 sententiam
680 2087 744 2121 hac
769 2090 811 2121 de
833 2101 871 2120 re
901 2087 1020 2120 inscri-

38 2146 134 2184 ptam
154 2144 186 2170 et
202 2138 411 2183 insculptam
432 2140 579 2179 animis,
613 2146 653 2173 ut
678 2139 730 2173 ius
755 2140 922 2183 scriptum
947 2151 1020 2171 non

38 2191 145 2224 modo
163 2190 408 2230 retinendum,
435 2193 495 2223 sed
519 2191 624 2223 etiam
645 2190 806 2232 religiose
833 2190 1017 2223 colendum

39 2254 110 2275 esse
127 2240 287 2275 sciamus.
340 2242 389 2275 Ac
409 2243 492 2275 tales
511 2254 613 2275 voces
630 2243 774 2286 prodest
792 2241 944 2274 inserere
968 2241 1019 2274 iu-

39 2304 168 2325 venum
190 2292 336 2333 animis,
379 2300 417 2326 ut
451 2299 650 2326 assuescant
682 2305 801 2325 amare
833 2293 943 2335 leges,
986 2298 1019 2324 et

38 2343 183 2388 plurimi
206 2345 338 2384 facere,
374 2346 468 2390 qnod
498 2345 641 2389 quidem
665 2345 706 2376 ad
735 2344 933 2377 efficiendos
956 2344 1015 2375 bo-

39 2408 104 2428 nos
121 2394 213 2428 viros
231 2407 398 2439 magnum
417 2402 637 2428 momentum
656 2396 778 2428 adfert.

138 2445 253 2478 Verba
277 2446 473 2480 Aristotelis
498 2444 583 2479 haec
604 2445 756 2490 suntGS):
789 2443 831 2479 ‘O
856 2443 925 2489 μὲν
950 2441 1016 2479 οὖν

39 2495 105 2532 τὸν
122 2494 237 2540 νόμον
258 2495 414 2534 κελεύων
439 2498 565 2545 ἄρχειν
588 2495 690 2532 δοκεῖ
710 2493 867 2530 κελεύειν
891 2495 1016 2542 ἄρχειν

70 2610 117 2636 67)
138 2606 306 2634 detrectare]
329 2605 367 2630 sic
385 2607 469 2632 Editt.
492 2607 566 2631 1530.
590 2607 616 2630 et
635 2605 736 2635 Basil.;
772 2604 844 2629 Edit.
865 2602 938 2626 1535.
965 2603 1014 2626 de-

134 2649 138 2654 ·
160 2651 163 2654 ’
178 2647 208 2664 tt·
230 2659 235 2664 .

69 2643 251 2715 (3811Ϊὶ1111(
270 2682 286 2705 ι.
301 2683 318 2707 1.
335 2683 353 2706 1.
367 2683 411 2707 111.
431 2690 453 2709 e.
470 2685 509 2709 11.
528 2683 555 2715 s,
570 2684 596 2708 4.
614 2682 696 2707 Etutt.
716 2679 866 2706 schneider
885 2680 911 2704 et
932 2680 1012 2703 stam-

103 2718 138 2750 (ς.
155 2719 194 2742 16.
212 2717 282 2741 Edit.
300 2717 408 2749 acad).

381 111 720 149 COMMENTARII
755 112 801 147 IN
836 110 1023 146 LIBRUM
1051 109 1108 146 Ill.
1144 108 1482 146 POLITICORUM
1515 109 1838 144 ARISTOTELIS.

1995 108 2067 143 446

1085 195 1151 232 τὸν
1173 196 1265 233 θεὸν
1289 195 1350 232 καὶ
1375 195 1462 235 τοὺς
1484 195 1639 241 νόμους,
1675 194 1694 231 ὁ
1718 194 1754 229 d’
1780 195 1986 240 ἄνθρωπον
2009 208 2067 228 κε-

1085 246 1201 283 λεύων
1220 247 1435 294 προςῖίθῃσι
1457 246 1519 282 καὶ
1542 246 1698 293 θηρίον·
1733 245 1756 292 ἥ
1782 260 1818 280 ἰε
1841 244 1914 293 γὰρ
1939 245 2068 278 ἐπιθυ-

1084 298 1152 343 μία
1174 303 1359 340 τοιοῦτον,
1387 297 1448 333 καὶ
1471 296 1490 332 ὁ
1515 297 1638 343 ,9-1χιιὸς
1655 297 1837 342 ἄρχοντας
1857 294 2068 340 διαστρέφει

1082 348 1244 387 καὶτοὺς
1259 349 1432 395 ἀρίστους
1455 348 1606 396 ἄνδρας.
1661 347 1786 392 διόπερ
1809 348 1898 381 ἄνευ
1919 345 2068 391 ὀρέξεως

1084 403 1171 438 νοῦς
1192 398 1210 433 ὁ
1227 398 1339 444 νόμος
1362 399 1530 445 ἓστιί’“““’).
1585 400 1743 433 11()(·,05Ι;
1773 399 1843 442 Qui
1872 399 1982 439 legem
2008 410 2067 427 xo*

1084 451 1159 482 lunt
1177 451 1311 482 cixitati
1329 452 1524 491 dominari,
1552 449 1586 483 hi
1608 451 1771 483 xidentur
1791 451 1901 482 Deum
1920 461 1958 480 ac
1979 449 2068 488 101105

1082 501 1261 533 dominari
1290 502 1388 535 velle.
1458 503 1527 546 Qui
1564 515 1646 534 vero
1676 501 1855 535 bominem
1887 498 2064 532 dominari

1083 553 1223 590 volunt,
1252 551 1287 584 111
1305 553 1454 584 belluam
1475 554 1693 596 praeficiunt.
1746 554 1835 587 Nam
1863 549 2069 584 huiusmodi

1082 603 1250 647 quiddam
1277 603 1450 646 cupiditas
1473 610 1542 643 est,
1579 611 1612 636 et
1637 604 1816 637 iracundia
1841 603 2068 645 magistratus

1081 654 1251 697 depravat
1271 654 1532 698 quantumlibet
1554 655 1666 688 bonos
1695 656 1809 693 viros,
1839 655 1988 699 ideoque
2013 653 2068 683 lov„

1082 711 1131 738 est
1163 718 1263 738 mens
1293 705 1367 738 sine
1395 705 1597 748 cupiditate.
1657 704 1755 739 Nihil
1782 707 1943 749 gravius,
1978 701 2069 735 nibil

1081 756 1273 799 elegantius
1292 756 1360 788 dici
1376 755 1411 787 in
1429 754 1492 789 hac
1517 769 1619 789 causa
1644 763 1776 801 potest,
1803 769 1908 801 quam
1935 753 2000 787 hoc
2024 755 2067 785 ab

1080 806 1268 839 Aristotele.
1287 807 1417 839 dictum
1437 813 1496 840 est.
1551 807 1654 851 Quod
1675 808 1767 840 enim
1794 807 1924 851 inquit,
1951 806 2068 838 Deum

1081 858 1277 896 (loliiiiiari,
1305 858 1334 890 si
1350 859 1404 890 lex
1425 858 1648 899 dominetur,
1676 858 1848 902 significat
1866 858 1975 901 legem
1995 868 2067 888 cer-

1081 915 1151 941 tam
1171 910 1351 954 quandam
1370 921 1408 941 ac
1428 911 1567 942 firmam
1592 910 1803 943 sententiam
1825 921 1896 942 csse
1909 935 1918 947 ‚
1942 907 2069 940 divini-

1080 966 1134 993 tus
1152 960 1188 992 in
1207 967 1333 993 natura
1354 961 1540 1005 scriptam,
1567 967 1620 1000 et,
1648 967 1687 994 ut
1703 961 1815 993 dicam
1835 959 1979 999 claritis,
2007 970 2070 989 vo-

1080 1024 1153 1044 cem
1177 1011 1263 1051 Dei,
1296 1024 1385 1057 quae
1410 1012 1498 1045 insta
1524 1018 1558 1044 et
1580 1012 1708 1046 iniusta
1732 1011 1910 1045 discernit.
1976 1010 2069 1044 'Nam

1080 1060 1285 1107 philosophi
1309 1064 1610 1107 quemadmodum
1636 1063 1793 1097 sentiunt
1815 1075 1886 1096 esse
1911 1062 2067 1107 aliquam

1080 1121 1256 1154 mentem,
1284 1126 1374 1158 quae
1393 1113 1484 1147 hanc
1502 1127 1620 1147 rernm
1638 1115 1903 1148 universitatem
1929 1124 2069 1146 conscr—

1081 1171 1151 1204 vat,
1179 1165 1226 1196 ita
1244 1171 1355 1198 certas
1371 1165 1528 1205 notitias,
1555 1179 1644 1210 quae
1662 1179 1739 1199 eum
1756 1164 1901 1198 homine
1919 1176 2068 1197 nascun-

1080 1221 1155 1255 tur,
1195 1222 1228 1248 et
1254 1215 1351 1247 initia
1378 1223 1460 1249 sunt
1486 1216 1615 1249 artium
1644 1217 1813 1250 divinitus
1840 1217 1968 1249 inditas
1995 1228 2067 1247 0550

1079 1272 1227 1298 naturae
1248 1264 1402 1300 hominis
1420 1267 1632 1303 existimant.
1693 1268 1766 1303 hee
1793 1274 1914 1301 errant
1940 1265 2005 1300 hac
2030 1266 2065 1298 in

1080 1329 1116 1349 re
1138 1315 1353 1361 philosophi.

1180 1367 1253 1400 Iam
1269 1375 1309 1401 ut
1327 1369 1416 1402 aliae
1436 1370 1596 1404 nationes
1614 1371 1806 1416 aliquando
1826 1371 1869 1403 de
1892 1369 1962 1404 suis
1983 1368 2068 1410 legi-

1078 1418 1142 1451 bus
1159 1418 1234 1451 iure
1254 1421 1450 1465 questaew)
1475 1422 1564 1460 sint,
1594 1429 1686 1454 certe
1711 1420 1777 1454 1100
1802 1428 1961 1466 tempore
1979 1420 2067 1454 Ger-

1078 1481 1204 1503 manos
1237 1471 1384 1504 minime
1416 1473 1513 1504 decet
1546 1473 1724 1517 (11101171),
1767 1486 1876 1518 (11111111
1900 1472 2066 1505 Romano

1078 1520 1153 1553 iure
1169 1521 1324 1560 utimur,
1352 1524 1447 1567 qnod
1467 1530 1516 1556 est
1540 1524 1683 1567 plenum
1705 1522 1936 1557 humanitatis
1961 1529 2066 1567 atque

1078 1572 1285 1616 aequitatis,
1315 1575 1410 1618 quod
1428 1575 1469 1606 ab
1487 1573 1691 1608 bominibus
1711 1575 1925 1619 reipublicae
1943 1586 2067 1618 regen-

1077 1624 1141 1655 dae
1159 1623 1380 1667 peritissimis
1397 1626 1564 1669 scriptum
1585 1633 1655 1665 est,
1691 1627 1787 1671 quod
1804 1625 1895 1659 hanc
1914 1632 2067 1670 gentem,

1076 1674 1174 1707 cuius
1190 1675 1273 1707 olim
1291 1688 1427 1708 summa
1444 1677 1625 1710 barbaries
1642 1677 1707 1710 suit
1719 1705 1728 1717 ,
1756 1679 1800 1710 ad
1820 1678 2000 1710 mitiorem
2026 1688 2066 1708 ac

1076 1723 1323 1758 humaniorem
1344 1728 1452 1760 vitam
1469 1729 1635 1761 traduxit.
1688 1729 1764 1761 Hoc
1782 1729 1875 1761 enim
1894 1741 1976 1761 vere
1995 1727 2065 1760 dici

1076 1782 1208 1820 potest,
1249 1778 1417 1823 quicquid
1443 1785 1493 1812 est
1518 1778 1748 1814 humanitatis
1772 1780 1940 1824 privatim
1971 1779 2064 1824 11172)

1075 1834 1279 1861 nostrorum
1305 1827 1491 1862 hominum
1516 1831 1695 1872 moribus,
1729 1832 1896 1877 quicquid
1914 1837 1965 1865 est
1981 1830 2065 1863 civi-

1075 1879 1160 1911 lium
1188 1880 1385 1913 officiorum
1410 1881 1446 1913 in
1470 1883 1649 1926 republica
1682 1895 1701 1915 a
1724 1883 1898 1916 Romanis
1928 1882 2063 1926 legibus

1073 1937 1252 1974 sumptum
1269 1944 1353 1971 esse,
1382 1932 1508 1977 quibus
1524 1933 1650 1966 imbuti
1667 1935 1780 1967 nostri
1796 1932 1958 1967 homines
1975 1946 2063 1978 pau—

1073 1981 1171 2013 latim
1188 1982 1283 2015 illam
1302 1990 1456 2016 veterem
1474 1984 1732 2017 immanitatem
1749 1992 1933 2019 exuerunt.
1959 1986 2061 2030 Quae

1074 2038 1123 2066 est
1140 2033 1232 2065 enim
1250 2047 1331 2077 pars
1346 2035 1439 2067 vitae
1457 2036 1586 2076 civilis,
1622 2036 1664 2069 de
1688 2049 1756 2082 qua
1780 2050 1855 2070 non
1876 2037 2059 2081 reperian-

1073 2090 1131 2116 tur
1156 2084 1192 2116 in
1212 2085 1286 2118 istis
1315 2086 1449 2129 legibus
1473 2085 1728 2121 humanissima
1752 2095 1787 2121 et
1809 2087 2057 2122 honestissima

1073 2135 1284 2180 praecepta?
1347 2137 1560 2171 ludaeorum
1582 2139 1674 2183 leges
1699 2152 1905 2185 quanquam
1936 2152 1954 2171 a
1979 2139 2056 2171 Deo

1072 2186 1223 2219 traditae
1241 2187 1330 2228 sint,
1356 2195 1475 2222 tamen
1494 2190 1543 2222 illi
1559 2191 1654 2234 genti
1670 2191 1781 2234 magis
1798 2191 2057 2224 conveniebant

1072 2250 1178 2282 qnam
1194 2239 1330 2282 possint
1347 2241 1450 2273 nobis
1467 2241 1668 2275 convenire.
1721 2242 1843 2287 Neque
1862 2242 1954 2274 enim
1976 2242 2054 2274 ideo

1071 2288 1161 2320 latae
1177 2296 1276 2328 sunt,
1304 2297 1343 2323 ut
1367 2291 1444 2324 aliis
1466 2293 1628 2334 gentibus
1653 2293 1932 2337 imponerentur.
1985 2292 2055 2337 Ly-

1071 2340 1167 2382 curgi
1194 2340 1317 2383 politia
1339 2342 1448 2375 multa
1482 2341 1605 2376 habuit
1633 2344 1858 2377 incommoda
1891 2351 1924 2377 et
1955 2345 2053 2378 vitia.

1070 2391 1209 2424 Solonis
1224 2392 1316 2435 leges
1332 2393 1506 2427 civiliores
1527 2395 1687 2434 fuerunt,
1719 2396 1779 2428 sed
1807 2395 1842 2427 in
1865 2393 1918 2428 his
1942 2397 2054 2429 multa

1069 2442 1110 2473 de
1126 2442 1363 2477 matrimoniis
1389 2451 1421 2477 et
1445 2445 1521 2478 aliis
1548 2446 1651 2479 rebus
1677 2453 1906 2480 correxerunt
1920 2447 2053 2480 Roma-

1101 2552 1148 2608 69}
1169 2549 1269 2591 ἐςτίν]
1303 2551 1342 2574 sic
1366 2551 1449 2574 Editt.
1476 2552 1608 2583 Aristot.;

1150 2592 1203 2608 στι.

1100 2628 1146 2657 70)
1168 2628 1294 2656 questae]
1314 2628 1352 2650 sic
1372 2628 1454 2651 Editt.
1472 2629 1545 2655 1530.
1566 2630 1592 2653 et
1611 2631 1712 2659 unsih:
1730 2633 1802 2657 Edit.
1820 2634 1892 2658 1535.
1913 2637 2049 2664 quaestam

1098 2670 1145 2701 71)
1166 2671 1256 2699 queri]
1276 2670 1316 2694 sic
1334 2671 1416 2697 Editt,
1434 2673 1505 2698 1530.
1525 2674 1551 2696 et·
1572 2675 1671 2705 Basit.;
1697 2676 1765 2700 Edit.
1783 2677 1856 2700 1535.
1877 2677 1979 2706 quaeri.

1097 2714 1143 2746 72)
1164 2715 1206 2743 in]
1227 2715 1267 2738 sie
1285 2715 1368 2740 Editt.
1385 2715 1459 2741 1530.
1480 2718 1506 2741 et.
1523 2718 1622 2749 Βειεϋ.)ι
1651 2718 1677 2741 in
1696 2719 1766 2742 Edit.
1784 2720 1856 2746 1535.
1876 2721 1962 2745 deest.

1644 2554 1727 2578 E‹11'tt.
1756 2556 1834 2579 11111115
1862 2558 2050 2581 commentarii
