2347 3000
225 125 300 162 267

229 210 373 245 caeteris
398 211 530 256 politiis
554 213 726 247 dicemus:
760 214 952 257 Praecepta
977 213 1154 246 naturalia
1182 220 1215 247 et

227 263 347 296 divina
360 290 368 303 ,
397 276 486 308 quae
503 271 585 297 sunt
600 265 795 305 naturalia,
829 271 911 298 sunt
928 264 1130 297 communia
1150 265 1215 297 toti

228 314 349 357 generi
370 312 540 348 humano.
594 314 676 349 Ideo
694 317 824 360 ubique
846 315 939 347 valet
966 323 1213 360 praeceptum:

228 366 310 400 Non
328 367 459 399 furtum
479 367 604 407 facies,
633 368 721 400 sicut
739 372 980 410 praeceptum:
1015 367 1097 401 Non
1118 381 1215 401 moe—

228 415 400 450 chaberis.
453 417 499 450 Et
522 418 652 462 ubique
678 417 808 451 subditi
831 415 964 451 hahent
986 419 1104 465 aliqua
1131 432 1213 464 pro—

228 468 325 512 pria,
368 474 401 501 et
425 482 629 513 quanquam
655 469 782 501 alicubi
810 469 960 504 servitus
984 477 1053 511 est,
1095 477 1213 504 tamen

227 520 356 563 gradus
372 527 453 552 sunt
471 520 666 559 servitutis,
696 527 728 552 et
746 521 836 563 leges
856 521 994 566 imperii
1011 522 1214 556 Germanici

229 571 412 603 manifeste
430 571 592 603 sanciunt
609 583 726 604 rerum
746 573 1013 616 proprietatem,
1040 580 1080 607 ut
1099 581 1214 608 osten-

227 623 277 654 dit
292 621 462 655 successio
480 621 516 654 in
532 619 822 663 haereditatibus,
850 630 923 658 tum
943 625 978 658 in
993 626 1117 665 feudis,
1140 633 1213 659 tum

226 673 260 706 in
278 673 354 705 aliis
371 672 491 712 bonis,
519 673 556 706 in
574 674 701 719 quibus
719 672 889 710 habemus
906 677 1105 710 dominium
1123 677 1214 710 dire.-

226 730 318 756 ctum
343 730 375 755 et
392 724 490 757 utile,

328 799 418 833 Sunt
450 807 567 833 autem
604 801 638 834 in
668 802 891 836 subditorum
919 805 1022 837 honis
1049 805 1212 838 ordinata

224 850 378 889 tributa,
406 852 600 884 necessaria
623 855 666 885 ad
687 866 911 888 connunnvm
940 869 1082 899 pat-em,
1111 869 1213 902 quae,

224 909 262 935 ut
281 915 386 947 supra
405 903 535 936 dietum
555 910 624 944 est,
658 905 787 938 iustum
809 913 859 939 est
878 913 908 939 et
928 914 1045 951 petere
1064 915 1093 941 et
1114 921 1213 952 prae-

223 960 336 994 stare,
378 955 437 987 sed
474 955 517 988 sit
552 955 776 990 mediocritas
812 958 1016 993 tolerabilis.
1084 960 1211 993 Postea

223 1005 336 1039 sciant
354 1018 477 1039 omnes
497 1019 594 1050 reges
612 1014 644 1040 et
662 1008 837 1053 principes
853 1023 888 1043 se
908 1024 1049 1056 quoque
1065 1011 1139 1055 lege
1163 1011 1213 1043 di-

224 1057 307 1089 vina
327 1058 455 1090 teneri:
485 1058 566 1091 Non
582 1060 714 1093 furtum
735 1061 849 1094 facies.
904 1061 998 1095 Haec
1021 1064 1075 1095 lex
1103 1070 1213 1096 metas

224 1108 421 1142 circumdat
457 1110 621 1144 omnibus
656 1109 861 1146 homiuibus
894 1113 1143 1147 unixersaliter
1178 1114 1212 1146 in

224 1166 299 1192 toto
316 1173 443 1204 genere
461 1158 631 1196 humano.
687 1163 778 1207 Quia
795 1164 869 1197 sine
893 1165 963 1197 ulla
991 1166 1212 1198 dt‘ibitatione

223 1224 321 1254 reges
340 1212 447 1245 etiam
471 1213 616 1246 subiecti
642 1221 724 1247 sunt
746 1215 813 1258 legi
838 1215 997 1256 dixinae,
1025 1223 1063 1249 ut
1081 1217 1211 1249 Psalin.

223 1262 272 1298 82
286 1263 345 1309 ⁴⁷),
368 1263 454 1308 (1.):
484 1264 580 1298 Deus
602 1265 695 1298 stetit
718 1266 754 1297 in
778 1279 957 1310 synagoga
983 1268 1151 1307 deorum,
1180 1274 1213 1300 et

221 1315 306 1348 deos
326 1315 507 1348 diiudicat.
568 1315 613 1348 Et
636 1315 716 1349 Esa.
735 1317 769 1356 3,
788 1316 899 1363 (14.):
937 1318 1031 1352 Deus
1059 1319 1096 1351 in
1123 1319 1212 1352 iudi-

222 1366 315 1398 cium
335 1366 453 1399 veniet
469 1379 547 1400 cum
567 1367 798 1412 principibus.
827 1369 872 1402 Et
884 1368 1031 1404 Zachar.
1047 1371 1104 1411 10,
1124 1370 1210 1416 (3.);

221 1416 334 1461 Super
351 1424 509 1461 pastores
526 1418 637 1452 iratus
653 1426 703 1452 est
720 1420 820 1453 furor
836 1434 945 1454 meus.

322 1494 512 1527 Praeterea
544 1507 643 1538 reges
669 1495 775 1528 etiam
799 1498 947 1530 subiecti
973 1505 1054 1531 sunt
1078 1499 1211 1543 legibus

221 1545 401 1591 positivis,
451 1546 634 1579 ordinaria
665 1549 855 1581 autoritate
902 1549 938 1582 in
977 1563 1086 1593 reg-no
1120 1551 1210 1586 latis.

221 1598 439 1642 Quanquam
466 1598 500 1630 in
526 1596 579 1631 his
604 1595 737 1631 habent
763 1606 972 1643 potestatem
1000 1602 1211 1646 interpreta—

222 1649 341 1682 tionis.
406 1647 489 1681 Ideo
514 1662 616 1694 saepe
640 1650 767 1683 citatur
787 1652 842 1684 lex
868 1651 1063 1686 Theodosii
1088 1654 1124 1686 in
1145 1654 1211 1687 Co-

222 1701 297 1733 dice
314 1699 360 1745 ⁴⁸)
393 1713 482 1745 quae
514 1701 679 1734 omnibus
709 1709 792 1735 nota
830 1716 902 1736 esse
931 1705 1051 1737 debet:
1094 1705 1208 1749 Digna

222 1751 345 1797 vox49)
372 1751 554 1785 maiestate
577 1754 777 1797 regnantis,
812 1754 945 1798 legibus
970 1756 1151 1800 aliigatum
1175 1771 1210 1791 se

221 1802 418 1847 principem
437 1804 608 1848 profiteri.
660 1805 760 1838 Adeo
777 1806 819 1838 de
835 1807 1024 1840 autoritate
1044 1808 1130 1841 iuris
1147 1821 1210 1841 no-

221 1861 293 1888 stra
309 1855 440 1899 pendet
462 1855 655 1895 autoritas,
690 1864 723 1890 et
746 1869 783 1890 re
808 1870 889 1890 vera
919 1859 1033 1892 maius
1059 1859 1210 1904 imperio

222 1912 292 1945 est,
341 1906 548 1939 submittere
581 1907 714 1951 legibus
744 1909 983 1954 principatum
1001 1910 1059 1956 ⁵⁰).
1127 1911 1209 1945 Ideo

223 1957 317 1990 enim
335 1958 484 2002 scriptae
502 1965 583 1991 sunt
601 1959 705 2003 leges,
728 1967 767 1993 ut
782 1958 945 1994 homines
962 1962 1109 2005 legibus,
1137 1976 1211 1996 non

223 2009 365 2042 incertis
382 2010 654 2054 magistratuum
672 2011 828 2045 arbitriis
842 2019 1022 2056 regantur.
1082 2014 1209 2048 Postea

223 2060 367 2093 additur
384 2061 630 2105 magistratus,
658 2069 697 2096 ut
715 2063 760 2097 sit
775 2070 890 2098 custos
918 2071 952 2097 et
975 2071 1141 2098 executor
1163 2067 1211 2098 le-

222 2124 325 2156 gum,
353 2124 414 2146 seu
442 2125 510 2146 vox
536 2113 620 2157 legis
647 2120 680 2147 et
708 2115 868 2148 minister
896 2115 931 2148 in
956 2116 1094 2150 iudiciis
1118 2124 1149 2150 et
1174 2118 1211 2150 in

224 2175 358 2207 poenis.

324 2241 393 2274 Sed
408 2242 540 2275 multae
557 2240 774 2288 hyperbolae
798 2243 964 2287 leguntur
989 2245 1032 2277 ab
1058 2253 1211 2280 assenta-

225 2292 359 2325 toribus
376 2293 467 2326 male
484 2294 656 2334 detortae,
677 2301 716 2328 nt
733 2301 800 2328 est:
831 2295 960 2328 Omnia
979 2303 1060 2329 sunt
1077 2310 1211 2341 regum,

225 2343 319 2387 quod
337 2343 470 2377 dictum
489 2345 552 2378 etsi
577 2346 664 2378 adeo
681 2346 849 2379 usitatum
870 2354 938 2387 est,
967 2354 1005 2381 ut
1024 2348 1129 2382 ctiam
1151 2351 1212 2382 ob-

258 2486 304 2516 ⁴7)
326 2486 426 2510 Psalni.
446 2487 504 2515 821
534 2489 616 2512 Editt.
644 2489 730 2513 nmio.

295 2520 395 2543 Psalm.
413 2522 455 2544 81.

259 2574 313 2629 ⁴¹53,
330 2572 497 2636 (l'otl-ll-'J-53.
515 2574 552 2599 14.
580 2575 622 2598 lex
636 2577 658 2599 4.
687 2576 782 2606 [s'orp.
809 2577 860 2602 iur.
887 2578 937 2602 civ.
966 2579 1004 2603 ed.
1034 2580 1106 2603 Beck
1133 2580 1160 2603 T.
1180 2580 1209 2604 11.

318 2625 322 2630 .
352 2624 357 2630 .
378 2614 402 2636 p.
434 2611 498 2631 Lo..

259 2658 305 2688 49)
327 2658 394 2686 vox]
414 2657 440 2680 in
461 2658 558 2682 Codice
577 2660 696 2685 additur:
719 2667 770 2687 est.

766 2491 913 2514 secundum
938 2491 1023 2516 Lxx.
1057 2496 1084 2517 et
1112 2494 1210 2525 v1ng.:

1235 2590 1239 2681 Ξ

258 2709 306 2734 50)
328 2708 530 2737 principatum]
552 2710 577 2732 in
592 2711 656 2734 cod.
677 2712 768 2735 addita
788 2716 865 2736 sunt:
891 2715 925 2737 Et
947 2716 1056 2738 oraculo
1077 2722 1210 2745 praesen-
1235 2684 1239 2741 i

294 2743 328 2765 tis
343 2742 438 2773 edicti,
459 2743 529 2773 quod
544 2745 620 2767 nobis·
641 2745 723 2769 licere
744 2754 795 2771 nou
816 2749 949 2777 patimur.
969 2750 1031 2772 aliis
1053 2751 1209 2774 indicamus·
1235 2755 1239 2777 Ι

512 124 714 160 SCRIPTA
736 127 811 162 PH.
835 126 947 162 MEL.
974 127 1039 161 AD
1065 126 1273 162 ETHICEN
1300 128 1366 164 ET
1392 130 1645 167 POLITICEN
1675 132 1983 170 SPECTANTIA.

2179 136 2254 172 268

1268 216 1396 250 iectum
1423 218 1469 252 sit
1489 218 1701 260 Ambrosio,
1743 221 1865 254 cedere
1891 221 2024 266 templo
2049 221 2254 268 nolenti⁵¹),

1268 274 1387 301 tamen
1401 270 1594 313 prudenter
1612 272 1878 316 intelligendum
1898 279 1959 307 est.
2012 272 2105 306 Ram
2128 273 2254 308 eodem

1268 321 1376 353 modo
1403 320 1552 356 dicimus
1576 323 1696 356 onmia
1723 336 1795 358 esse
1820 337 1965 368 regum,
1991 324 2081 357 sicut
2107 324 2256 359 dicimus

1269 371 1389 404 omnia
1409 384 1481 406 esse
1498 373 1636 417 legum,
1669 387 1729 408 seu
1754 376 1864 419 legem
1891 388 1964 410 esse
1989 375 2174 409 dominam
2199 388 2253 408 re-

1268 435 1367 464 rum,
1396 423 1576 464 videlicet,
1605 438 1677 458 non
1694 428 1790 471 quod
1804 428 1980 471 privatam
1997 427 2254 471 proprietatem

1268 475 1329 507 ulli
1349 475 1475 519 eripiat
1494 477 1566 516 lex,
1593 477 1651 509 sed
1670 478 1780 511 multo
1799 479 1930 523 magis,
1959 480 2054 525 quod
2076 479 2120 512 sit
2140 484 2255 512 custos

1268 526 1547 567 distributionis,
1577 540 1666 572 quae
1686 529 1839 572 primum
1856 532 1945 564 sacta
1963 537 2024 564 est.
2068 530 2113 563 Et
2128 529 2255 564 ultima

1267 579 1437 611 successio
1462 579 1496 611 in
1521 579 1624 612 lionis
1649 579 1794 613 desertis
1811 580 1856 626 52)
1885 582 2046 626 pervenit
2072 583 2116 614 ad
2139 582 2252 626 legem

1267 643 1326 662 seu
1345 643 1522 663 sunnnum
1542 632 1830 674 gubernatorem.

1369 706 1459 740 Cum
1482 707 1623 739 extincti
1650 713 1731 740 suut
1755 707 1886 752 prixati
1910 707 2065 747 domini,
2102 708 2176 748 lex,
2219 707 2254 741 id

1269 764 1338 797 est,
1379 771 1536 791 summus
1558 759 1777 802 gubernator
1798 760 1881 792 facit
1905 758 2011 791 aliam
2037 758 2255 792 distributio-

1269 822 1359 842 nem.
1399 809 1443 842 131
1464 810 1704 843 iurisconsulti
1726 811 1882 844 modeste
1898 810 2095 856 loquentes,
2116 810 2254 843 dicunt:

1267 860 1397 893 Omnia
1413 867 1493 894 sunt
1511 874 1631 905 regum
1644 888 1653 901 ,
1682 863 1777 907 quod
1796 862 1838 894 ad
1859 862 2101 895 defensionem
2117 861 2254 895 attinet.

1267 912 1367 957 Quae
1384 913 1557 946 sententia
1575 911 1642 947 hoc
1660 913 1773 958 ipsum
1792 914 1885 953 vult,
1913 914 2024 957 leges,
2053 912 2194 953 iudicia,
2222 918 2256 945 et

1267 965 1540 1007 gfflmrnatores,
1585 965 1749 1010 quisunt
1775 971 1976 999 executores
2005 965 2142 1009 legum,
2185 975 2257 998 esse

1267 1017 1428 1049 custodes
1451 1017 1561 1049 factae
1587 1016 1865 1055 distributionis,
1900 1023 1934 1049 et
1957 1016 2119 1050 extinctis
2140 1015 2255 1049 domi—

1267 1068 1320 1100 nis
1336 1065 1467 1100 habere
1484 1080 1660 1100 sunnnam
1681 1069 1923 1101 autoritatem.

1368 1141 1433 1174 Hie
1464 1149 1563 1175 vetus
1592 1143 1751 1175 narratio
1786 1144 1828 1176 de
1856 1143 2071 1187 imperatore
2098 1140 2253 1174 Henrico

1267 1192 1617 1238 Lucellmrgcnsiffl),
1645 1194 1839 1227 memoriae
1858 1193 2063 1227 mandanda
2079 1199 2141 1226 est.
2187 1191 2253 1225 Hic

1267 1244 1361 1276 enim
1379 1257 1457 1277 cum
1476 1245 1513 1277 in
1529 1243 1666 1277 Italiam
1685 1245 1752 1277 iter
1777 1246 1924 1286 faceret,
1952 1251 1985 1278 et
2002 1257 2083 1278 casu
2100 1244 2254 1278 interro·

1266 1301 1378 1339 gasset
1395 1296 1437 1328 de
1455 1308 1533 1329 arce
1545 1323 1553 1335 ,
1582 1295 1679 1329 cqus
1698 1302 1806 1336 esset,
1824 1310 1923 1342 quae
1948 1308 2155 1342 ‹planquam
2181 1295 2253 1340 pri-

1267 1353 1387 1380 vatum
1413 1347 1599 1380 domiuum
1624 1345 1796 1387 hahebat,
1838 1354 1958 1380 tamen
1982 1347 2166 1380 dicebatur
2189 1347 2253 1379 im—

1267 1399 1440 1442 peratoris
1468 1411 1559 1438 esse,
1598 1405 1676 1431 orta
1703 1405 1753 1432 est
1775 1399 1969 1443 disputatio
1998 1399 2034 1430 in
2059 1398 2184 1431 itinere
2211 1399 2253 1430 de

1267 1450 1376 1482 dicto:
1402 1450 1534 1483 Omnia
1551 1456 1632 1483 sunt
1650 1450 1889 1494 imperatoris.
1947 1449 1993 1483 Et
2011 1456 2184 1483 certatum
2203 1456 2255 1483 est

1267 1501 1426 1546 deposito
1445 1514 1536 1547 equo
1547 1501 1613 1547 54),
1649 1508 1682 1534 et
1703 1502 1876 1546 permissa
1899 1501 2106 1535 diiudicatio
2132 1502 2253 1534 docto-

1265 1554 1381 1593 ribus,
1417 1566 1496 1587 cum
1522 1553 1699 1586 venissent
1724 1553 1940 1586 Bononiam.
1993 1551 2044 1585 Ibi
2067 1552 2255 1597 cum'pro-

1265 1604 1472 1638 nuntiarent
1489 1605 1650 1638 doctores
1669 1617 1734 1649 pro
1756 1618 1810 1645 eo,
1836 1604 1898 1651 qui
1912 1604 2119 1637 defenderat
2137 1616 2251 1637 arcem

1264 1656 1491 1701 imperatoris
1508 1668 1599 1696 esse,
1628 1656 1710 1701 quia
1729 1657 1850 1689 omnia
1868 1662 1982 1689 essent
2007 1655 2252 1700 imperatoris;

1265 1714 1297 1740 et
1322 1707 1411 1740 alter
1433 1708 1605 1741 amisisset
1630 1720 1758 1753 equum
1786 1721 1827 1741 ex
1854 1714 1977 1752 pacto:
2016 1705 2180 1740 homines
2204 1708 2253 1740 sa-

1265 1759 1330 1792 eeti
1346 1760 1621 1792 assentationem
1643 1759 1842 1792 deriserunt
1866 1757 1933 1791 hoc
1951 1759 2051 1798 ioco,
2078 1758 2250 1792 dicentes:

1263 1811 1425 1844 Alterum
1467 1809 1598 1844 habere
1635 1823 1786 1856 equum,
1840 1811 1992 1844 alterum
2027 1810 2250 1854 respondisse

1265 1875 1430 1908 aequum.

1367 1938 1504 1971 Citatur
1549 1944 1583 1971 et
1625 1950 1665 1971 ex
1703 1937 1902 1982 Augustino
1916 1937 1962 1983 5⁵)
2003 1937 2040 1970 in
2079 1937 2251 1978 Decretis,

1265 1989 1342 2022 dist.
1360 1989 1451 2035 8.⁵⁶)
1486 1989 1589 2022 Tolle
1612 1989 1690 2023 iura
1716 1989 1995 2034 imperatorum,
2030 1995 2065 2022 et
2090 1989 2168 2035 quis
2191 2002 2251 2022 au-

1265 2041 1360 2074 debit
1375 2042 1506 2075 dicere:
1535 2041 1631 2074 Haec
1648 2041 1730 2074 villa
1745 2053 1825 2074 mea
1843 2040 1974 2087 est?⁵⁷)
2001 2039 2047 2073 Et
2069 2040 2180 2074 multa
2202 2040 2250 2073 ibi

1298 2182 1345 2212 5¹)
1365 2180 1526 2204 Ambrosius
1547 2180 1690 2210 episcopus
1710 2177 1925 2202 Mediolanensis
1950 2178 1984 2202 ab
2002 2177 2170 2208 Imperatore
2189 2177 2249 2200 Va-

1332 2215 1482 2239 lentiniano
1496 2215 1526 2239 11.
1543 2215 1655 2244 eiusque
1669 2215 1756 2237 matre
1769 2213 1888 2244 Iustina,
1908 2213 2008 2243 templa
2022 2211 2153 2242 quaedam
2167 2212 2249 2235 Aria-

1333 2251 1376 2274 nis
1396 2250 1494 2273 cedere
1514 2249 1608 2273 iussus
1628 2248 1739 2279 obsequi
1758 2247 1854 2272 notuit.

1297 2310 1345 2337 52)
1365 2309 1501 2337 desertis]
1521 2309 1561 2332 sie
1580 2308 1646 2333 Edd.
1669 2308 1760 2334 1550..
1783 2307 1858 2331 1554.
1879 2308 1906 2330 et
1927 2305 2017 2335 ¹557.;
2036 2305 2085 2329 Ed.
2107 2306 2182 2330 ¹560.
2201 2308 2250 2337 ty-

1333 2350 1410 2374 pogr.
1429 2350 1540 2368 errore:
1567 2344 1704 2367 desertas.

1299 2404 1345 2435 53)
1367 2406 1445 2429 (ons.
1465 2410 1549 2434 supra
1568 2411 1592 2434 p.
1610 2404 1666 2427 126.
1687 2405 1752 2427 nota
1767 2402 1806 2426 11.

1298 2467 1346 2494 54)
1367 2467 1449 2495 equo]
1470 2466 1508 2488 sic
1529 2464 1595 2487 Edd.
1618 2464 1708 2488 1554..
1731 2461 1802 2485 1557.
1823 2463 1848 2485 et
1870 2460 1955 2486 156⁰.;
1975 2460 2022 2483 Ed.
2044 2460 2116 2483 1550.
2135 2465 2230 2491 aequo.

1298 2526 1344 2557 55)
1365 2527 1403 2550 Ex
1424 2525 1572 2555 Augustini
1595 2526 1674 2547 tract.
1691 2522 1737 2545 vl.
1758 2521 1794 2545 ad
1812 2527 1833 2544 c.
1852 2521 1872 2544 1.
1894 2520 2011 2544 loannis.

1299 2588 1345 2614 56)
1366 2587 1474 2609 uia-reti
1494 2586 1580 2616 prima
1600 2590 1664 2614 pars
1682 2583 1744 2605 dist.
1757 2582 1782 2605 8,
1801 2588 1822 2605 c.
1841 2581 1863 2603 1.
1885 2580 1909 2609 s.
1925 2581 1947 2605 1.
1966 2580 2062 2610 [Cui-p.
2081 2580 2133 2604 inr.
2150 2587 2245 2605 canon.

1333 2622 1372 2645 ed.
1394 2622 1502 2645 nis-mer
1524 2622 1551 2645 P.
1567 2620 1585 2643 l.
1606 2626 1630 2649 p.
1649 2618 1713 2646 12).

1297 2680 1344 2708 57)
1367 2682 1438 2704 Have
1458 2680 1523 2703 villa
1543 2684 1601 2702 mea
1620 2674 1699 2705 est'ss
1718 2676 1758 2698 sic
1777 2675 1858 2697 Editt.
1875 2675 1979 2697 Effluet
2003 2674 2054 2697 loci
2074 2674 2147 2697 iuius
2166 2675 2246 2697 verba

1333 2709 1399 2738 hare
1420 2716 1498 2738 sunt:
1531 2719 1591 2737 mea
1610 2714 1653 2735 est
1672 2712 1720 2733 illa
1739 2710 1821 2739 villa,
1847 2712 1893 2732 aut
1914 2715 1989 2732 meus
2010 2710 2052 2732 est
2071 2708 2117 2732 inc
2136 2714 2245 2737 servus,

1332 2752 1378 2773 ant
1398 2750 1492 2773 doinus
1510 2749 1575 2772 haec
1596 2753 1653 2770 mea
1673 2744 1737 2769 est'.t
