2347 3000
125 106 198 149 725
454 106 512 150 IV,

123 195 306 231 thoracem
328 207 348 230 a
369 194 541 241 Polycleti
564 193 732 240 puer037)
757 198 893 233 sumat,
936 192 1042 237 pedes
1066 192 1110 225 ab

123 248 274 282 Hercule
304 245 532 292 Euthycratis
551 246 597 292 3ὃ)
633 251 844 284 mutuetur,
898 244 980 289 quia
1022 241 1110 276 baec

122 300 277 333 maxime
311 299 502 332 laudentur
520 323 529 337 ‚
582 296 690 341 plane
724 301 925 329 monstrum
963 295 1107 327 efficiet:

123 351 206 397 quia
229 349 316 384 haec
346 355 386 382 ut
415 360 479 382 suo
503 359 665 393 quaeque
688 348 767 380 loco
793 347 946 379 maxime
972 347 1108 384 decent,

124 402 173 435 ita
191 401 312 434 avulsa
330 411 349 432 a
367 398 438 433 suis
455 400 662 443 corporibus
681 399 774 431 inter
796 410 832 431 se
856 398 1002 430 minime
1027 408 1109 429 con-

124 453 290 487 sentiunt.
350 448 401 483 Ita
418 462 534 496 neque
551 451 665 483 oratio
684 463 724 483 ex
740 450 847 483 variis
864 450 949 482 locis
974 447 1108 481 autoris

124 503 270 537 alicuius
287 508 466 546 excerpta,
494 502 560 534 rite
578 500 794 535 cohaerebit.
830 500 875 534 Et
892 501 920 534 si
938 500 999 546 qui
1016 497 1107 531 hanc

123 565 232 587 unam
265 552 475 587 imitatIOnis
505 553 577 585 vim
605 566 678 587 esse
712 554 948 591 arbitrantur,
990 550 1106 583 aliena

122 604 253 649 scripta
277 604 489 648 compilare,
526 611 559 637 et
581 605 677 637 velut
701 601 909 647 rhapsodias
934 602 1107 647 quasdam

122 655 281 700 undique
305 667 536 688 converrere:
564 653 602 688 hi
620 656 695 689 iure
714 653 822 687 veluti
840 653 1012 696 Aesopica
1031 663 1107 684 cor-

122 706 240 740 nicula
252 706 298 753 39)
321 706 494 739 irridendi
518 713 633 740 erunt.
691 704 883 750 Accidit‘ffl)
908 702 962 737 his
988 703 1107 742 etiam,

122 758 186 803 qui
202 757 318 791 alieno
336 770 499 790 sermone
516 763 689 802 tanquam
708 769 771 800 per
787 757 1016 799 interpretem
1036 754 1107 786 elo-

125 809 188 855 qui
205 809 544 853 omniassconantur,
571 820 675 851 saepe
691 813 731 840 ut
748 806 837 840 desit
858 805 987 840 oratio.
1038 804 1108 839 Ne-

123 872 191 905 que
217 860 310 893 enim
333 859 401 892 nisi
426 871 557 902 magno
583 859 705 891 labore
729 858 793 891 ista
820 857 975 897 autoris,
1002 868 1107 902 quem

121 917 338 956 sequuntur,
377 911 575 953 fragmenta
607 921 624 942 e
656 909 756 942 libris
787 908 926 952 excerpi
946 913 1107 952 possunt.

119 961 202 996 Non
218 961 326 1003 igitur
339 961 524 1004 probanda
544 966 594 994 est
610 961 669 993 illa
687 959 849 1001 servitus,
873 971 982 1005 quam
998 958 1109 992 irrisit

119 1011 309 1050 Horatius,
339 1022 417 1042 cum
443 1009 576 1054 inquit:

201 1069 228 1098 Ο
250 1069 426 1104 imitatores,
457 1077 573 1096 servum
596 1076 702 1105 pecus;
731 1072 762 1095 ut
785 1066 855 1095 mihi
877 1075 966 1105 saepe

199 1120 314 1155 Bilem,
335 1128 425 1158 saepe
448 1120 539 1147 iocum
563 1119 653 1147 vestri
676 1127 794 1146 movere
818 1115 1043 1155 tumultuslfss).

118 1172 188 1206 Sed
221 1172 326 1205 debet
356 1171 508 1203 imitatio
540 1171 719 1216 quandam
746 1170 883 1202 efficere
906 1166 1108 1203 similitudi-

119 1235 222 1263 nem,
252 1228 293 1256 ut
318 1234 397 1255 cum
422 1222 488 1266 ipsi
510 1221 696 1266 genuimus
715 1221 936 1261 orationem,
963 1219 1107 1264 agnosci

118 1281 239 1308 tamen
255 1273 384 1318 possit,
413 1274 509 1319 quod
535 1273 732 1317 exemplum
751 1272 860 1305 secuti
879 1272 999 1305 simus.
1050 1270 1107 1303 Ad

118 1338 197 1359 eam
223 1337 299 1358 rem
332 1337 419 1368 opus
453 1331 504 1358 est
534 1324 691 1368 primum
724 1323 866 1368 copiosa
892 1322 1106 1367 supellectile

116 1377 296 1410 bonorum
323 1376 534 1415 verborum,
569 1388 660 1420 quae
677 1375 771 1408 ultro
790 1387 825 1407 se
851 1374 997 1407 dicturis
1020 1373 1106 1406 oss'e-

117 1434 212 1462 rant.
271 1427 409 1460 Deinde
434 1427 586 1460 tenenda
613 1433 663 1459 est
687 1426 792 1458 etiam
816 1425 933 1458 sorma
958 1425 1105 1468 iungen-

117 1480 247 1513 dorum
273 1479 484 1518 verborum,
504 1489 609 1523 *quae
634 1489 708 1510 non
735 1474 927 1509 abhorreat
951 1488 969 1508 a
992 1476 1103 1508 latina

118 1530 391 1570 consuetudine,
437 1530 480 1561 ad
505 1541 612 1574 quam
636 1529 733 1561 velut
757 1525 989 1572 archetypum
1021 1527 1104 1559 diri-

117 1593 241 1626 gamus
274 1587 307 1613 et
337 1581 403 1625 ipsi
430 1586 583 1612 mentem
616 1579 653 1611 in
684 1579 801 1612 verbis
836 1578 1104 1621 coniungendis.

117 1633 219 1666 Hanc
241 1631 510 1665 similitudmem
534 1637 652 1675 petere
676 1631 713 1663 in
732 1630 906 1662 imitando
924 1630 1104 1663 debemus.

117 1683 258 1718 Etenim
275 1682 343 1716 nisi
358 1683 464 1715 etiam
482 1682 518 1714 in
536 1681 790 1725 coniungendis
812 1681 929 1714 verbis
943 1687 1102 1713 veterum

118 1734 408 1768 consuetudinem
430 1745 637 1778 sequemur,
670 1745 803 1766 novum
827 1732 1007 1777 quoddam
1033 1744 1104 1765 ser-

118 1785 234 1819 monis
260 1797 368 1827 genus
397 1796 436 1817 ac
460 1783 684 1828 peregrinum
704 1781 871 1817 invehere
895 1783 931 1815 in
947 1783 1103 1822 Latium,

119 1849 194 1871 non
209 1836 335 1868 Latine
359 1835 458 1880 loqui
481 1835 691 1868 videbimur.
743 1834 899 1867 Proinde
922 1834 1102 1878 eligendus

121 1895 172 1922 est
190 1887 332 1927 Cicero,
361 1887 457 1919 cuius
474 1885 672 1918 orationem
693 1885 795 1918 nobis
820 1886 916 1918 velut
941 1883 1102 1930 archety-

118 1952 204 1985 pum
225 1950 487 1984 proponamus,
520 1937 556 1969 in
581 1949 688 1982 quam
710 1942 866 1969 mentem
889 1942 994 1982 atque
1021 1949 1103 1970 ocu-

187 2062 310 2082 nensem,
332 2055 447 2078 alteram
460 2053 660 2079 Plataeensem,
674 2052 783 2076 tertiam
797 2052 989 2077 Atheniensem
1002 2059 1103 2078 aureo-

188 2093 314 2116 choream
332 2095 357 2113 a.
376 2089 434 2112 438.
452 2094 475 2112 a.
491 2089 565 2116 Chr„
585 2088 723 2110 Theodoro
741 2088 871 2110 archonte
890 2087 917 2110 in
931 2088 1103 2112 Parthenone

189 2126 348 2150 dedicatam.
386 2123 448 2146 Vid.
468 2122 585 2145 Pausan.
605 2122 670 2153 Vll,
691 2121 739 2153 27,
762 2123 784 2145 l.
811 2123 837 2144 et
856 2122 951 2152 sillig:
977 2124 1102 2155 catalog.

187 2161 319 2184 artificum
339 2166 362 2187 p.
382 2158 433 2180 334
452 2163 491 2186 sq.
510 2156 568 2179 310.

153 2203 201 2232 87)
220 2202 380 2232 Polycletus
400 2200 557 2230 sicyonius,
576 2199 608 2221 ah
627 2198 690 2221 aliis
706 2198 825 2225 Argivus
845 2199 1009 2230 appellatus,
1027 2201 1102 2229 Age-

187 2238 265 2261 ladae
285 2235 449 2264 discipulus,
469 2234 511 2263 qui
532 2233 574 2257 01.
593 2232 634 2256 87.
654 2233 823 2261 potissimum
844 2234 972 2261 florebat,
993 2229 1102 2263 praeter

188 2272 257 2295 alias
286 2271 393 2293 statuas
418 2268 609 2298 Doryphorum
635 2267 753 2289 viriliter
781 2274 890 2296 puerum
916 2268 995 2296 fecit,
1024 2275 1102 2298 quam

188 2307 306 2328 statuam
325 2304 420 2328 Cicero
441 2304 517 2328 Orat.
542 2308 564 2328 e.
583 2301 607 2325 2.
633 2300 658 2332 §.
677 2301 702 2324 5.
727 2301 827 2325 laudat.
866 2302 927 2326 Vid.
948 2303 1028 2333 Sillig
1047 2304 1064 2327 l.
1083 2305 1101 2328 1.

154 2381 203 2410 38]
221 2381 402 2411 Euthycrates
423 2379 574 2403 statuarius
595 2378 638 2403 Ol.
660 2378 715 2402 ¹20.
740 2377 811 2401 filius
832 2379 858 2401 et
877 2378 1024 2409 discipulus
1042 2380 1103 2410 Ly-

189 2416 259 2445 sippi
283 2415 453 2438 clarissimus
480 2415 591 2443 praeter
615 2413 687 2436 alias
720 2414 828 2435 statuas
854 2413 933 2437 etiam
960 2415 1102 2438 Herculem

190 2449 303 2478 Delphis
329 2449 428 2478 optime
456 2448 602 2478 expressit.
639 2447 700 2470 Via,
720 2446 788 2470 Pliu.
807 2447 945 2478 XXXIV,
965 2449 996 2479 ὅ,
1019 2449 1056 2472 19.
1076 2451 1103 2472 et

188 2484 268 2513 Sillig
286 2484 303 2507 l.
323 2483 340 2506 l.
360 2490 385 2512 p.
403 2483 461 2506 210.

154 2526 203 2555 39)
223 2527 280 2549 lloc
299 2527 425 2554 spectare
444 2525 551 2548 videtur
571 2525 604 2547 ad
619 2523 737 2547 Gabi-iae
760 2524 792 2547 de
811 2524 949 2547 cornicula
964 2526 990 2547 et
1003 2525 1102 2548 ceteris

188 2561 285 2584 avibus
306 2560 440 2588 fabulam,
468 2565 535 2589 quae
555 2566 613 2581 cum
633 2559 695 2581 aliis
715 2558 792 2580 huius
812 2560 909 2587 poetae
928 2559 1028 2582 sabulis
1047 2560 1103 2582 Ae-

188 2595 290 2624 sopit-is
310 2599 417 2616 auuexa
436 2595 486 2616 est.
524 2594 584 2617 Vid.
606 2593 652 2615 Ed,
673 2593 755 2615 flasil.
779 2593 851 2615 151⁸.
870 2594 895 2615 ὅ.
915 2600 939 2622 p.
958 2593 1018 2616 243.

154 2638 202 2666 40]
222 2637 340 2665 Accidit]
360 2636 399 2658 sie
419 2636 465 2658 Ed.
486 2637 558 2660 1541.
575 2638 620 2666 B.;
646 2636 729 2659 Editt.
750 2636 834 2667 1535„
858 2636 930 2660 1541.
949 2636 998 2667 F.,
1019 2636 1104 2668 1543„

190 2672 264 2695 1564.
285 2671 313 2694 C.
333 2670 451 2693 Accedit.

155 2715 203 2742 4¹)
223 2714 318 2738 Horat.
338 2713 425 2742 Epist.
446 2712 472 2743 l,
493 2712 539 2741 19,
561 2713 599 2735 19.
618 2713 661 2736 20.

566 103 771 146 SCHOLIA
816 101 865 139 IN
902 100 1152 138 CICERONIS
1187 98 1251 136 DE
1285 100 1521 138 ORATORE
1556 100 1745 137 LIBRUM
1780 102 1821 139 11.

2082 106 2156 142 726

1163 189 1216 223 Ios
1233 190 1443 234 defigamus:
1471 201 1546 223 non
1561 188 1664 223 aliter
1680 195 1786 235 atque
1802 189 1918 234 pictor
1933 202 2009 223 eam
2026 192 2151 225 faciem

1164 242 1442 285 contemplatur,
1470 254 1577 287 quam
1595 240 1764 285 depingit.
1816 242 1932 274 Porro
1950 248 1989 274 ut
2006 242 2151 287 intelligi

1164 292 1288 325 melius
1303 293 1433 336 possit,
1460 299 1493 326 et
1516 292 1601 338 quid
1624 292 1661 325 in
1685 292 1872 336 iungendis
1896 293 2010 326 verbis
2035 305 2151 326 serva-

1164 344 1254 376 verit
1271 343 1413 384 Cicero,
1443 350 1477 376 et
1495 344 1581 389 quid
1600 343 1646 387 ⁴in
1670 343 1763 377 illius
1788 344 1938 377 lectione
1966 344 2002 376 in
2027 344 2151 388 primis

1163 394 1388 427 considerare
1406 401 1591 439 oporteat,
1619 395 1872 438 explicabimus
1895 402 2083 439 praecepta
2106 397 2149 428 ‹le

1163 445 1420 489 compositione
1437 446 1543 490 paulo
1562 452 1643 479 ante
1660 446 1833 480 instituta.
1866 447 2029 480 Primum
2049 458 2150 490 prae-

1162 502 1301 540 ceptum
1319 497 1361 529 de
1378 496 1563 540 iungendis
1580 497 1712 530 verbis:
1741 498 1776 530 in
1797 498 1924 542 quibus
1948 495 2016 530 hoc
2040 497 2151 530 maxi-

1161 559 1217 604 me
1247 549 1444 605 carendum
1477 554 1546 588 est,
1587 560 1630 581 ne
1654 549 1724 581 siut
1746 547 1943 594 hyperbata
1969 548 2150 595 vitiosam)

1161 610 1199 631 in
1220 605 1402 631 oratione:

1203 657 1280 686 Saxa
1303 662 1407 686 vocant
1430 656 1514 693 Itali,
1537 656 1639 684 mediis
1661 666 1737 694 quae
1760 658 1787 685 in
1812 658 1960 696 fluctibus,
1982 659 2120 699 Arasw).

1160 708 1207 742 Et
1239 708 1409 749 omnino,
1450 720 1495 740 ne
1527 707 1667 751 longius
1701 707 1793 740 inter
1817 720 1852 741 se
1877 710 2007 743 distent
2035 724 2150 752 voces,

1161 771 1250 805 quas
1281 760 1478 793 intellectus
1511 759 1669 803 copulat,
1710 760 1806 803 quod
1832 761 1950 794 multis
1973 763 2015 795 de
2039 763 2152 797 causis

1162 810 1300 845 accidit.
1352 810 1557 856 Aliquando
1576 809 1670 842 enim
1687 809 1791 853 longe.
1812 810 1889 843 ssuit
1907 813 2042 853 oratio,
2069 826 2149 847 cum

1162 860 1389 907 parentheses
1414 862 1593 905 longiores
1617 862 1838 894 inseruntur:
1879 863 1982 907 quale
2007 870 2057 897 est
2078 864 2150 897 Pli-

1162 913 1290 947 nianae
1313 912 1545 958 praefationis
1569 912 1723 946 initium.
1777 912 1889 956 Saepe
1913 914 2052 958 longius
2072 915 2150 949 fluit

1163 965 1297 1006 oratio,
1326 966 1371 998 ob
1390 964 1476 998 alias
1501 976 1638 997 causas:
1674 964 1770 1008 quod
1793 964 1929 1009 quoties
1956 964 2149 999 intellectui

1163 1016 1290 1055 officit,
1323 1016 1491 1049 vitiosum
1518 1021 1579 1048 est.
1647 1013 1801 1047 Vitanda
1827 1021 1909 1048 sunt
1931 1021 1965 1048 et
1988 1015 2151 1051 ἀναντα-

1162 1063 1316 1102 πόὸοτα.
1354 1067 1422 1100 Sed
1439 1067 1481 1099 de
1499 1065 1684 1105 similibus,
1713 1078 1792 1098 cum
1808 1067 2030 1109 grammatici
2048 1080 2149 1111 prae-

1162 1116 1314 1161 cipiant,
1356 1130 1422 1151 nos
1445 1115 1512 1150 hoc
1536 1117 1614 1150 loco
1639 1117 1820 1150 breviores
1845 1116 1986 1152 erimus.
2047 1118 2148 1163 Quae

1162 1174 1280 1201 autem
1313 1181 1385 1202 esse
1407 1169 1521 1212 spatia
1545 1168 1802 1201 sententiarum
1826 1168 1982 1209 soleant,
2026 1177 2148 1213 postea

1162 1220 1405 1260 ostendemus,
1432 1232 1512 1252 eum
1537 1219 1578 1251 dc
1605 1219 1790 1252 commatis
1814 1225 1848 1251 et
1871 1220 1956 1253 colis
1979 1220 2147 1256 dicemus.

1160 1270 1237 1303 Hoc
1254 1270 1389 1303 interea
1407 1282 1554 1303 monere
1569 1269 1651 1303 satis
1668 1276 1737 1310 est,
1764 1270 1800 1302 in
1816 1270 1986 1304 Cicerone
2008 1272 2148 1316 longius

1161 1322 1344 1366 aliquanto
1369 1321 1500 1355 distare
1524 1321 1681 1354 eiusdem
1704 1321 1856 1354 membri
1878 1334 1999 1362 voces,
2039 1335 2147 1368 quam

1160 1372 1197 1405 in
1220 1372 1409 1411 Terentio;
1444 1379 1493 1406 est
1518 1372 1610 1404 enim
1637 1372 1819 1405 comoedia
1844 1373 2054 1417 quotidiano
2076 1387 2148 1408 ser-

1159 1423 1258 1457 moni
1275 1423 1434 1456 similior.
1487 1423 1534 1455 Et
1548 1422 1671 1456 Cicero
1688 1435 1791 1467 saepe
1807 1423 1867 1455 illo
1877 1423 1922 1469 Μ)
1946 1422 2073 1458 humili
2089 1438 2147 1469 ge-

1159 1487 1243 1508 nere
1262 1474 1435 1508 orationis
1449 1481 1570 1514 utens,
1598 1474 1751 1506 maxime
1774 1474 1810 1506 in
1829 1474 1985 1518 epistolis
2011 1481 2044 1508 et
2068 1474 2147 1520 phi-

1158 1524 1350 1570 losophicis
1375 1525 1675 1570 disputationibus
1701 1524 1822 1558 brevia
1846 1526 2007 1559 membra
2030 1528 2146 1569 efficit,

1158 1590 1232 1610 non
1258 1578 1359 1610 valde
1386 1577 1561 1610 absimilia
1588 1576 1806 1610 Terentiano
1829 1577 1969 1620 generi,
2001 1584 2040 1610 ut
2065 1585 2147 1612 sunt

1158 1629 1235 1661 illa:
1280 1628 1390 1662 Grata
1420 1628 1485 1661 tibi
1516 1640 1589 1661 esse
1623 1628 1735 1660 officia
1762 1628 1894 1673 mea‘ffi)
1922 1640 1995 1662 non
2022 1629 2146 1671 miror,

1157 1679 1309 1723 cognovi
1341 1679 1434 1712 enim
1466 1686 1499 1711 te
1531 1678 1769 1722 gratissimum
1808 1679 1990 1720 omnium,
2040 1680 2147 1726 idque

1157 1743 1341 1776 nunquam
1367 1730 1483 1763 destiti
1501 1730 1719 1774 praedicare.
1778 1728 1850 1763 Nec
1873 1730 1967 1763 enim
1993 1737 2031 1763 tu
2057 1730 2145 1764 milii

1157 1782 1306 1826 gratiam
1336 1783 1443 1814 modo
1471 1779 1698 1826 habuisti‘ffi),
1740 1793 1863 1813 verum
1893 1781 1998 1814 etiam
2024 1794 2146 1816 cumu-

1156 1833 1280 1878 lnte‘fl)
1310 1832 1528 1878 1·etulisti'¹⁸).
1594 1831 1634 1864 In
1664 1832 1853 1875 grandiore
1887 1844 2014 1875 genere
2037 1834 2144 1867 verba

1157 1885 1367 1929 plerumque
1403 1884 1571 1916 claudunt
1605 1883 1803 1915 orationem
1844 1890 1904 1916 aut
1940 1884 2142 1918 collectivae

1157 1935 1350 1980 particulae
1369 1941 1429 1967 aut
1445 1934 1686 1978 comparativa
1705 1940 1765 1967 aut
1782 1935 2006 1978 superlativa.
2043 1936 2143 1981 Quae

1156 1988 1183 2020 si
1202 1987 1280 2032 quis
1297 1987 1485 2019 transferat
1504 1986 1539 2017 in
1558 1985 1712 2017 medium
1726 2012 1734 2025 ,
1766 1986 1884 2018 statim
1908 1987 2052 2027 sentiet,
2087 2000 2141 2020 so-

1156 2052 1241 2071 num
1260 2037 1431 2071 orationis
1458 2049 1530 2069 esse
1556 2036 1841 2075 submissiorem,
1869 2043 1907 2069 ut
1931 2044 2012 2071 sunt
2038 2035 2140 2071 haec:

1155 2090 1211 2122 An
1243 2101 1328 2122 vero
1358 2088 1413 2120 vir
1441 2087 1678 2132 amplissimus
1707 2088 1747 2121 P.
1776 2088 1949 2134 Scipio‘ffl)
1977 2088 2139 2122 Pontifex

1157 2141 1333 2174 Maximus
1358 2139 1543 2172 Tiberium
1569 2137 1769 2172 Gracchum
1791 2139 2018 2172 mediocriter
2047 2140 2141 2173 labe-

1189 2278 1236 2334 42¹}
1257 2275 1334 2300 Conf.
1355 2274 1468 2304 Quintil.
1486 2274 1551 2298 inst.
1570 2274 1641 2298 orat.
1661 2273 1738 2302 vm,
1757 2274 1781 2297 2.
1808 2273 1850 2296 uhi
1874 2272 1943 2297 idem
1968 2279 2068 2298 versus
2094 2275 2138 2300 ns-

1235 2313 1320 2334 ertur.

1190 2354 1238 2381 43)
1257 2353 1336 2382 Vir-g.
1354 2352 1422 2375 Aen.
1442 2351 1468 2380 Ι,
1491 2351 1548 2374 109.

1193 2398 1240 2423 44)
1260 2396 1322 2424 illo]
1343 2395 1369 2417 in
1388 2394 1437 2418 Ed.
1458 2394 1531 2417 1541.
1551 2393 1581 2417 F.
1602 2393 1686 2416 deest.

1193 2440 1325 2496 figfgjisae
1344 2437 1435 2460 officia
1451 2437 1525 2465 mea]
1551 2436 1591 2459 sic
1617 2436 1683 2459 illae
1700 2434 1800 2465 Editt.;
1825 2434 1874 2458 Ed.
1894 2435 1980 2459 orell.
1997 2441 2059 2460 mea
2078 2442 2141 2462 esse

1193 2516 1240 2543 46)
1261 2514 1377 2545 gratiam
1398 2513 1476 2536 modo
1496 2511 1628 2541 habuisti]
1653 2510 1694 2534 sic
1712 2511 1776 2535 illae
1794 2511 1894 2543 Editt.;
1917 2512 1965 2537 Ed.
1988 2513 2072 2537 orell.
2090 2515 2142 2538 ha-

1227 2549 1307 2573 buisti
1328 2548 1404 2571 modo
1425 2548 1551 2577 gratiam.

1191 2592 1238 2620 47)
1258 2590 1408 2617 cumulate]
1428 2589 1466 2612 sic
1487 2589 1550 2611 illae
1569 2587 1668 2617 Editt.;
1686 2587 1735 2611 Ed.
1756 2587 1841 2612 Orell.
1859 2588 2084 2614 cumulatissime.

1190 2636 1239 2662 48)
1258 2634 1307 2657 Hic
1327 2634 1402 2655 locus
1423 2631 1559 2654 invenitur
1578 2630 1606 2653 in
1626 2630 1680 2655 Cic.
1700 2630 1780 2660 epist.
1799 2631 1833 2654 ad
1852 2630 1916 2654 fam.
1938 2630 1980 2660 V,
2001 2632 2040 2655 11.
2058 2632 2115 2656 init.

1191 2677 1238 2704 49)
1258 2676 1286 2699 Ρ.
1307 2675 1394 2704 scipio
1415 2673 1515 2696 Nasica
1533 2673 1583 2696 hoc
1601 2671 1773 2702 perpetravit
1791 2677 1816 2695 a.
1838 2671 1894 2696 133.
1913 2677 1938 2697 a.
1959 2671 2020 2696 chr.
2063 2673 2140 2697 Conf.

1225 2711 1296 2734 Plut.
1317 2709 1375 2733 vita
1395 2709 1450 2734 Tib.
1469 2707 1583 2731 Gracchi
1600 2713 1622 2731 c.
1644 2706 1765 2730 16—19.

1492 2740 1577 2776 46*
