2347 3000
202 148 275 186 287

300 232 507 266 Retineums
537 226 681 260 notitias
702 230 898 266 utcunque,
942 218 999 251 sed
1024 227 1085 248 cor
1111 227 1184 247 nou

202 288 433 328 obtemperm.
500 278 581 311 Ideo
616 275 752 319 rapitur
778 273 942 304 xoluntas
967 266 1113 300 diversis
1138 267 1186 298 al'-

202 337 369 373 tectibus,
398 346 439 365 ne
467 337 538 363 tam
563 330 661 361 tirma
682 326 725 359 sit
745 321 918 359 assensio,
951 319 1039 352 sicut
1058 317 1094 350 in
1111 329 1187 361 spe-

204 386 432 423 eulabilibus,
474 388 512 415 ut
546 377 703 424 quotidie
734 372 955 417 experimur,
996 368 1188 402 adfectibus

204 436 369 483 impediri
388 445 469 467 vera
491 430 631 464 indicia.
685 426 772 458 Cum
797 430 915 456 autem
934 420 1109 464 ingeniosi
1126 418 1189 452 lio-

204 491 317 523 mines
347 485 539 520 nescientes
572 490 711 512 causam
743 474 922 508 humanae
963 471 1189 510 infirmitatis,

205 542 366 574 viderent
401 546 541 569 morum
577 529 818 563 lnnnanorum
853 522 1190 561 dissimilitudinem,

205 593 365 625 xiderent
380 584 506 619 alicubi
532 580 717 614 manifesta
742 578 828 610 xitia
853 574 999 621 probari
1022 581 1062 607 ut
1077 573 1190 617 Aegy-

205 643 270 687 ptii
292 639 465 673 ducebant
489 644 646 671 sorores,
683 627 833 675 Scythae
864 627 1068 660 mactabant
1092 637 1191 658 senes

205 698 379 738 parentes.
440 685 612 718 Viderent
636 681 718 714 item
743 679 862 713 multis
886 678 1053 710 virtutem
1077 675 1191 718 ‘exitio

206 756 297 782 esse,
325 738 562 786 quaerebant,
590 740 709 767 utrum
728 732 840 764 virtus
856 742 894 763 re
916 728 991 773 ipsa
1015 734 1048 761 et
1064 733 1192 760 natura

206 796 341 828 bonum
359 791 421 830 sit,
450 800 495 821 an
521 785 702 830 opinione.

309 852 377 886 Sed
395 855 435 883 ut
453 853 534 881 ante
550 845 640 882 dixi,
668 849 762 876 certa
787 854 859 875 esse
877 839 1051 884 principia
1074 849 1194 882 specu-

208 904 347 943 labilia,
390 900 438 935 sic
470 897 692 931 verissimum
724 900 774 926 est
805 898 899 925 certa
925 903 995 924 esse
1020 888 1194 934 principia

208 955 383 1001 practica,
412 957 446 984 et
464 950 594 982 multas
620 958 691 979 esse
717 942 1039 977 demonstrationes
1066 940 1196 984 practi-

209 1020 277 1041 cas.
331 1004 421 1037 Hinc
440 1007 537 1034 vetus
557 1005 607 1032 est
623 998 707 1029 illud
726 994 927 1038 Euripidis:

293 1059 430 1102 αἰσχρὸν
452 1057 487 1089 τὸ
511 1055 647 1097 αἰσχρὸν
673 1052 731 1085 κᾶν
753 1055 843 1084 δοκεῖ
861 1049 918 1082 κᾶν
941 1049 981 1090 μῆ·
1006 1050 1103 1080 δοκεῖ.

313 1114 420 1160 Quod
439 1118 556 1145 autem
573 1107 781 1142 flexibiliora
800 1111 880 1139 sunt
896 1103 1048 1148 practica
1062 1128 1072 1142 ,
1100 1107 1133 1133 et
1150 1100 1198 1132 fa-

212 1168 275 1201 cile
307 1172 430 1199 contra
460 1161 629 1195 iudicium
663 1157 791 1191 mentis
822 1154 941 1188 xitiosi
967 1165 1082 1186 mores
1113 1151 1200 1184 reci-

212 1219 380 1264 piuntur,
414 1225 554 1248 causam
583 1209 813 1255 praecipuam
840 1211 1017 1238 monstrat
1039 1203 1114 1237 sola
1138 1202 1201 1234 do-

213 1270 326 1303 ctrina
362 1265 531 1299 divinitus
567 1261 716 1299 tradita,
767 1270 856 1302 quae
891 1255 1124 1289 concionatur
1158 1253 1200 1285 de

212 1321 339 1355 morbo
364 1315 531 1359 originis,
565 1313 607 1345 de
638 1309 876 1343 imbecillitate
902 1305 1051 1339 lmmani
1073 1303 1201 1343 cordis,

214 1379 248 1406 et
267 1368 425 1416 potentia
442 1364 596 1398 Diaboli.
644 1362 738 1394 Haec
756 1359 849 1392 mala
869 1357 1015 1402 rapiimt
1034 1361 1201 1393 mentem,

213 1435 257 1456 ne
274 1422 322 1455 sic
338 1417 557 1453 adsentiatur
572 1412 757 1458 practicis,
784 1416 823 1443 ut
847 1408 1059 1442 assentimur
1081 1418 1202 1450 specu-

214 1472 389 1507 labilibus.
444 1467 575 1511 Estque
592 1463 661 1497 boc
677 1463 756 1495 loco
774 1461 868 1505 apud
880 1459 1105 1492 Aristotelem
1124 1456 1202 1489 dili-

215 1531 336 1570 genter
368 1517 589 1553 observanda
624 1513 710 1547 haee
742 1511 922 1558 quaestio,
958 1510 1019 1555 qui
1046 1510 1124 1548 fiat,
1164 1514 1203 1540 ut

217 1573 369 1621 practica
400 1568 609 1603 flexibiliora
635 1565 705 1599 sint
728 1562 1020 1608 speculabilibns,
1062 1566 1114 1599 et,
1157 1571 1202 1592 an

218 1625 371 1672 practica
397 1621 552 1655 habeant
572 1614 914 1652 demonstrationes,
958 1624 1003 1645 an
1028 1612 1139 1644 virtus
1165 1622 1202 1642 re

219 1679 293 1723 ipsa
310 1682 344 1709 et
360 1680 508 1708 naturae
525 1667 750 1703 ordinatione
766 1666 901 1698 bonum
918 1663 974 1698 sit.

576 1778 714 1832 Caput
730 1776 858 1830 1V.⁹).

321 1867 386 1901 Hic
403 1865 495 1899 redit
511 1864 554 1897 ad
572 1862 768 1908 principale
786 1859 981 1904 negotium.
1023 1856 1073 1889 Ut
1088 1861 1205 1888 autem

221 1935 240 1956 a
264 1916 561 1954 comnmnissimis
585 1913 767 1948 sententiis
793 1922 936 1946 exorsus
957 1914 1023 1942 est:
1059 1907 1107 1939 ita
1124 1917 1207 1950 pro-

223 1971 403 2017 grediens,
432 1969 502 2001 iam
521 1967 620 2000 illum
638 1966 743 1998 finem
767 1961 945 2002 hominis,
972 1971 1079 2005 quein
1100 1969 1207 2003 quae-

222 2025 289 2063 rit,
311 2020 492 2058 nominat,
520 2030 559 2050 ac
574 2017 738 2049 nominat
762 2021 921 2052 tantum,
949 2011 1109 2044 nondum
1132 2020 1208 2041 rein

223 2074 356 2109 definit.
404 2070 499 2103 Dicit
516 2069 609 2102 enim
629 2068 733 2100 finem
750 2063 906 2098 hominis
922 2061 1061 2101 vocari,
1089 2067 1122 2093 et
1137 2071 1208 2093 esse

223 2122 489 2160 beatitudinem.
533 2120 599 2153 Sed
617 2130 707 2163 quae
724 2129 778 2151 res
795 2117 851 2157 sit,
879 2126 968 2161 qnae
985 2112 1112 2146 efficiat
1127 2122 1208 2143 vere

223 2179 363 2214 beatos,
398 2171 465 2206 hoc
490 2177 560 2211 est,
597 2169 682 2215 quid
707 2168 751 2202 sit
771 2168 957 2205 ultimum,
998 2164 1035 2197 in
1058 2175 1129 2209 quo
1155 2173 1210 2194 ac-

225 2229 382 2274 quiescat
414 2222 570 2257 hominis
601 2219 792 2265 appetitio,
832 2217 897 2252 hac
929 2218 971 2250 de
1003 2228 1041 2248 re
1073 2224 1211 2257 semper

225 2290 353 2323 magna
380 2282 431 2309 est
458 2280 489 2307 et
525 2273 592 2305 erit
613 2270 825 2316 opinionum
850 2268 1014 2302 varietas.
1076 2265 1211 2298 Mirum

227 2337 278 2364 est
296 2334 410 2361 autem
427 2324 589 2360 homines
606 2323 724 2356 videre
740 2322 826 2354 fines
845 2320 995 2353 aliarum
1013 2329 1145 2355 rerum,
1162 2321 1212 2355 ut,

227 2382 387 2424 frugum,
428 2375 640 2414 herbarum,
681 2379 945 2411 armentorum,
981 2367 1212 2403 domesticum

228 2443 312 2464 vero
331 2431 436 2462 finem
454 2439 535 2461 suae
552 2432 699 2458 naturae
716 2436 790 2457 non
805 2433 1005 2467 agnoscere.
1035 2419 1110 2452 Iino
1129 2429 1212 2450 vero

230 2481 381 2522 maxime
401 2479 435 2511 in
453 2483 640 2521 conspeetu
657 2475 823 2520 proprius
850 2473 929 2507 finis
956 2483 1028 2506 esse
1054 2470 1214 2504 debebat.

230 2534 279 2566 Ac
296 2528 509 2574 impossibile
526 2534 576 2561 est
591 2525 746 2560 hominis
770 2532 937 2559 naturam
960 2524 1010 2556 ita
1035 2521 1213 2555 conditam

232 2596 323 2621 esse,
351 2587 407 2619 ut,
436 2591 515 2612 cum
538 2578 625 2612 sciat
648 2579 781 2611 alienos
806 2578 912 2615 fines,
938 2586 1040 2608 suum
1065 2572 1214 2616 ignoret.

472 137 672 177 SCRIPTA
697 136 772 172 PH.
800 134 910 170 MEL.
938 132 1003 166 AD
1030 127 1240 164 ETHICEN
1267 127 1331 162 ET
1357 125 1612 162 POLITICEN
1641 124 1949 161 SPECTANTIA.

265 2708 295 2738 9)
315 2706 397 2730 Eatat,
424 2704 494 2727 1530.
508 2720 514 2727 .
536 2703 608 2726 1532.
627 2706 651 2725 et
675 2703 763 2728 1535.:
796 2702 905 2728 scholia
931 2699 1026 2730 capitis
1048 2698 1094 2723 W.
1127 2696 1215 2730 (Haec
1238 2705 1240 2719 ι

302 2742 334 2764 ab
354 2740 422 2763 Edit.
447 2739 517 2761 15⁴6.
541 2738 690 2765 differunt.)

2148 127 2221 162 288

1238 214 1405 248 Fulsisset
1422 213 1528 257 igitur
1546 213 1689 246 illustris
1707 212 1833 245 notitia
1849 212 1891 244 de
1909 212 1995 251 fine,
2022 209 2051 244 si
2071 208 2226 245 bominis

1240 272 1368 298 natura
1400 265 1585 298 mansisset
1615 264 1763 307 integra.
1831 263 1954 296 Manet
1985 267 2103 295 autem
2134 274 2227 295 nunc

1241 328 1384 362 qnoque
1408 328 1447 348 ca
1474 315 1621 355 notitia,
1648 314 1788 348 tametsi
1814 313 2017 353 obscurior,
2045 319 2079 345 et
2096 313 2230 346 accedit

1244 369 1432 400 atl'eetuum
1460 366 1702 406 contumacia,
1730 377 1820 411 quae
1843 365 1945 405 facit,
1973 370 2012 398 ut
2035 363 2151 397 minus
2173 376 2229 397 ex-

1244 425 1334 458 tent,
1363 417 1562 456 emineant,
1591 423 1651 450 aut
1675 417 1938 460 conspiciantur
1964 415 2111 448 notitiae
2138 414 2232 456 illae,

1242 469 1376 514 alioqui
1406 469 1587 502 obscurae.
1656 466 1759 501 Mens
1791 467 1885 499 enim
1920 472 2095 500 monstrat
2124 466 2231 500 finem

1379 520 1452 552 Deo
1477 518 1641 558 obedire,
1677 524 1711 550 et
1734 530 1814 551 eum
1838 518 2035 556 celebrare,
2076 523 2115 549 ut
2140 516 2232 550 infra

1244 571 1420 617 copiosius
1449 570 1596 603 dicetur.
1663 567 1703 601 In
1731 566 1785 602 his
1809 569 1966 602 materiis
1996 567 2233 602 animadverti

1245 630 1360 669 potest
1385 622 1547 667 prodesse
1571 619 1797 653 collationem
1826 617 1954 653 ethices
1985 626 2019 652 et
2049 619 2232 653 doctrinae

1245 674 1468 708 christianae.
1533 671 1711 704 Monstrat
1735 670 1828 704 cniin
1853 670 2015 703 doctrina
2040 667 2232 704 christiana

1247 738 1386 765 causas,
1430 736 1492 757 cur
1516 721 1581 756 hos
1606 723 1702 756 locos
1727 719 1952 766 philosophia
1977 733 2049 753 non
2071 721 2154 755 satIS
2177 733 2235 755 ex-

1248 778 1370 822 plicet,
1396 788 1457 808 seu
1473 786 1535 807 cur
1551 772 1729 807 humanae
1746 779 1881 806 mentes
1899 774 1940 806 de
1966 773 2034 805 fine
2061 772 2235 807 dubitent.

1247 829 1292 862 lit
1316 823 1563 872 philosophiae
1589 825 1784 858 obscuritas
1806 824 1842 856 in
1866 821 1920 857 his
1946 823 2103 857 materiis
2129 823 2235 868 signi-

1248 882 1328 913 ficat
1345 878 1414 911 alio
1442 889 1567 921 genere
1592 876 1776 909 doctrinae
1800 874 2009 920 perfectiore
2038 886 2125 918 opus
2151 886 2236 909 esse.

1249 931 1289 963 ln
1319 930 1386 962 tine
1417 940 1538 962 rursus
1569 927 1692 961 inserit
1724 926 1955 959 memorabile
1995 932 2237 970 praeceptum,

1250 982 1346 1027 quod
1364 980 1421 1012 via
1441 979 1590 1013 docendi
1608 979 1736 1023 duplex
1753 978 1817 1017 sit,
1846 984 1906 1010 aut
1929 990 1947 1010 a
1971 977 2149 1022 prioribus
2172 977 2238 1011 iter

1254 1040 1304 1067 est
1320 1033 1363 1065 ad
1382 1031 1578 1075 posteriora
1591 1056 1599 1070 ‚
1627 1036 1688 1063 aut
1708 1035 1864 1062 econtra.

1353 1082 1497 1115 Utimur
1528 1087 1646 1114 autem
1671 1093 1774 1125 saepe
1799 1080 1836 1112 in
1859 1078 2023 1113 omnibns
2046 1078 2239 1123 disciplinis

1252 1141 1403 1179 utraque
1419 1133 1488 1173 via,
1516 1132 1576 1165 scd
1595 1132 1733 1175 saepius
1749 1144 1766 1163 a
1784 1130 2038 1175 posterioribus
2057 1130 2239 1164 doctrinae

1253 1183 1479 1217 inchoantur.
1532 1182 1625 1227 Quia
1651 1182 1805 1226 primum
1832 1182 1974 1215 effectus
2001 1187 2035 1214 et
2061 1181 2240 1216 sensibilia

1253 1248 1287 1270 se
1313 1235 1467 1268 offerunt
1490 1231 1669 1266 humanae
1695 1232 1900 1276 cognitioni.
1966 1232 2061 1266 Haec
2091 1245 2132 1266 ex
2155 1232 2240 1266 Dia-

1253 1286 1384 1320 lecticis
1401 1284 1484 1319 satis
1503 1284 1651 1328 intelligi
1671 1290 1830 1328 possunt.

1356 1335 1419 1370 Est
1435 1341 1552 1369 autem
1576 1335 1705 1379 duplex
1729 1333 1879 1367 docendi
1902 1334 1979 1374 via,
2005 1335 2134 1375 altera,
2161 1346 2240 1368 cum

1253 1389 1349 1422 nuda
1374 1393 1562 1432 praecepta
1586 1386 1661 1420 sine
1686 1386 1798 1419 causis
1823 1385 2024 1418 traduntur.
2076 1386 2142 1426 Ut,
2169 1398 2243 1419 me-

1254 1440 1352 1473 dicus
1385 1438 1494 1471 tradit
1522 1443 1750 1482 praeceptum
1782 1436 1962 1469 laboranti
1990 1437 2146 1471 febribus
2167 1449 2243 1470 non

1255 1503 1326 1525 esse
1341 1489 1537 1522 bibendum
1554 1488 1689 1522 vinum.
1743 1487 1846 1520 Talia
1863 1488 1957 1520 nuda
1975 1494 2162 1532 praecepta
2181 1501 2243 1521 vo-

1255 1548 1380 1576 cantur
1394 1538 1436 1575 τὸ
1454 1538 1531 1584 ὅτι,
1560 1539 1596 1572 id
1614 1545 1683 1579 est,
1711 1539 1805 1584 quod
1830 1539 1877 1571 ita
1901 1538 1956 1571 sit.
2017 1538 2073 1571 Sic
2097 1540 2244 1572 tradunt

1255 1598 1442 1640 praecepta
1461 1591 1536 1624 sine
1552 1590 1679 1624 causis:
1709 1589 1920 1633 Decalogus,
1945 1589 2133 1630 Hesiodus,
2148 1588 2243 1624 Pho-

1257 1644 1387 1690 cylides
1405 1642 1463 1688 ¹⁰).

1358 1694 1478 1726 Altera
1496 1692 1553 1725 via
1571 1698 1639 1733 est,
1668 1704 1746 1725 cum
1766 1692 1947 1724 adduntur
1963 1703 2107 1733 causae,
2135 1703 2242 1738 quam

1258 1752 1387 1779 vocant
1403 1743 1447 1779 δι’
1467 1743 1519 1778 ὅτι
1532 1771 1540 1785 ,
1568 1743 1603 1776 id
1623 1749 1691 1783 est,
1718 1749 1865 1787 propter
1883 1743 1992 1788 quod.
2044 1742 2168 1776 Monet
2184 1755 2246 1777 au-

1258 1805 1329 1831 tem
1344 1795 1550 1829 Aristoteles
1569 1794 1745 1839 principio
1772 1794 1987 1827 tradendum
2011 1806 2082 1828 esse
2109 1793 2151 1830 τὸ
2176 1793 2245 1837 ὅτι,

1259 1855 1293 1882 et
1309 1847 1591 1881 confirmandum
1611 1845 1886 1885 assuefactione,
1913 1845 2003 1879 sicut
2026 1846 2064 1878 fit
2087 1846 2124 1878 in
2147 1845 2246 1880 insti-

1259 1899 1395 1933 tutione
1420 1909 1626 1942 puerorum.
1693 1895 1784 1930 Nam
1812 1907 1935 1930 omnes
1960 1898 2152 1940 prudentes
2175 1903 2247 1930 tra-

1260 1952 1349 1984 dunt
1364 1949 1521 1994 primum
1538 1948 1632 1981 nuda
1650 1953 1684 1980 et
1700 1947 1901 1981 communia
1918 1953 2126 1992 praecepta,
2154 1954 2187 1981 et
2203 1949 2248 1982 ad

1260 2000 1347 2035 haec
1366 2000 1564 2043 adinngunt
1582 1997 1768 2031 honestam
1787 1998 2022 2043 disciplinam.
2089 1998 2248 2042 Cognitis

1261 2059 1379 2086 autem
1404 2049 1459 2085 his
1483 2050 1698 2095 praeceptis,
1731 2056 1852 2094 postea
1874 2049 2123 2094 prudentiores
2146 2050 2248 2084 facile

1261 2102 1448 2137 inveniunt
1465 2114 1606 2141 causas,
1633 2107 1690 2141 ut,
1718 2100 1854 2135 iuvenis
1870 2101 1969 2134 audit
1985 2102 2159 2135 cavendas
2177 2113 2249 2135 esse

1263 2154 1478 2188 mutationes
1494 2153 1623 2196 legum,
1649 2158 1708 2185 aut
1727 2159 1828 2196 turpe
1845 2164 1917 2186 esse
1934 2152 2059 2186 foenus
2075 2145 2249 2193 exercere,

1263 2212 1359 2240 tenet
1382 2205 1488 2248 igitur
1505 2202 1546 2238 τὸ
1571 2201 1638 2238 ὅτι.
1693 2203 1761 2236 Sed
1783 2203 1933 2248 peritior
1951 2203 2151 2237 considerat
2168 2215 2248 2238 cau-

1264 2270 1330 2292 sas.
1383 2256 1455 2301 Qui
1478 2266 1562 2287 vero
1586 2255 1747 2287 nondum
1771 2260 1905 2288 norunt
1928 2265 2068 2293 causas,
2106 2254 2248 2288 interim

1265 2309 1471 2342 intueantur
1488 2305 1615 2339 animis
1632 2312 1839 2350 praecepta,
1874 2311 1907 2338 et
1923 2302 1976 2338 bis
1993 2305 2250 2350 obtemperent.

1265 2360 1362 2393 Sicut
1378 2358 1552 2391 Hesiodus
1569 2356 1737 2390 discernit
1757 2357 1885 2401 gradus
1910 2353 2116 2396 hominum,
2143 2363 2177 2389 et
2199 2356 2251 2390 iu-

1264 2411 1323 2443 bet
1339 2409 1523 2454 imperitos
1540 2420 1665 2453 parere
1683 2408 1835 2452 legibus,
1864 2413 1897 2440 et
1915 2406 1991 2440 aliis
2010 2404 2166 2441 honestis
2190 2408 2250 2441 ad-

1264 2460 1536 2495 monitionibus.
1576 2457 1616 2491 In
1632 2457 1724 2493 hanc
1739 2457 1949 2492 sententiam
1969 2458 2128 2502 apposite
2142 2459 2251 2492 citan-

1266 2520 1324 2547 tur
1341 2524 1481 2551 versus,
1506 2522 1660 2556 quorum
1677 2508 1763 2544 haec
1782 2515 1832 2542 est
1847 2509 2039 2542 sententia:

1308 2572 1366 2604 Qui
1387 2570 1469 2598 nullo
1492 2570 1634 2598 monitore
1655 2574 1752 2607 potest
1773 2567 1908 2596 facienda
1929 2567 2044 2605 videre,

1308 2623 1450 2659 Quaeque
1473 2620 1598 2657 decent,
1620 2627 1754 2657 quaeque
1777 2623 1898 2647 eventus
1920 2618 1949 2646 in
1972 2618 2032 2648 fine
2053 2618 2206 2656 secundos,

1243 534 1314 555 esse
1325 548 1333 560 ,

1306 2731 1349 2756 10)
1370 2729 1548 2760 phocylides,
1576 2735 1590 2752 e
1609 2728 1701 2752 Mileto
1719 2729 1810 2757 ortus,
1829 2728 1909 2757 poeta
1928 2725 2076 2757 gnomieus.
