2347 3000
53 142 125 177 113
597 136 623 174 Ι.

157 227 251 272 Quia
267 226 359 260 enim
377 237 516 259 necesse
533 230 584 258 est
599 224 635 257 in
644 224 797 258 Ecclesia
816 230 934 258 extare
950 222 1042 258 banc

56 279 255 312 doctrinam
269 305 278 319 ,
305 279 401 323 quod
417 276 626 310 traditiones
643 276 722 310 illae
740 277 782 309 de
808 276 913 317 cibis,
942 283 975 309 et
998 276 1041 309 si-

58 330 158 364 miles
185 342 259 363 non
283 329 353 362 sint
377 329 507 368 cultus,
543 334 604 361 aut
626 327 797 368 iustitiae,
825 329 883 361 sed
908 340 963 361 res
991 327 1042 360 in—

58 382 270 416 differentes.
324 379 406 413 Ideo
427 379 659 423 Evangeliiun
683 380 786 412 docet
812 379 1042 413 conscientias

58 446 133 467 non
149 444 220 467 esse
239 432 439 465 onerandas
458 431 627 475 opinione
645 431 872 465 necessitatis.
925 430 970 464 Et
991 436 1041 462 ta-

59 497 140 518 men
158 496 236 518 cum
254 481 340 516 haec
357 484 428 516 vita
447 495 521 515 non
538 483 647 527 possit
664 494 782 515 carere
808 480 1042 514 ordinationi-

58 538 123 569 bus
142 542 175 568 et
194 534 421 574 ceremoniis,
456 534 523 567 suit
539 547 627 578 opus
646 532 712 566 hac
729 531 914 574 ἐπιείκεια,
941 539 980 566 ut
995 532 1042 564 ita

59 593 263 625 serventur,
291 598 334 619 ne
354 586 560 619 obscuretur
579 585 739 618 doctrina
765 586 807 617 de
828 584 920 616 veris
944 583 1042 616 culti-

58 640 122 673 bus
150 644 185 671 et
213 638 254 671 de
281 637 450 672 beneficio
471 635 612 670 Christi.
666 635 754 668 Item
778 647 821 668 ne
851 646 1042 668 oneraren-

59 697 117 724 tur
138 689 371 723 conscientiae
394 688 530 721 infinita
554 686 776 726 carnificina,
819 698 908 732 quae
936 687 1042 719 finem

58 747 245 774 excuteret.
313 740 394 773 Ideo
421 740 495 773 vult
519 738 769 782 Evangelium,
806 744 846 771 ut
873 737 1043 781 intelliga-

59 805 136 826 mus
157 790 221 825 llos
238 792 326 825 ritus
348 797 443 824 extra
466 801 583 823 casum
608 789 763 823 scandali
786 801 888 833 posse
914 788 1043 827 omitti,

59 845 117 877 sed
137 849 283 887 propter
300 840 472 881 εὐταξίαν
495 847 528 873 et
554 842 597 873 ad
622 841 764 873 vitanda
791 840 954 873 scandala
982 841 1043 873 ob-

59 894 250 928 servandos
268 906 351 926 esse.
405 893 499 925 Haec
519 892 661 925 libertas
686 904 764 925 cum
784 892 973 925 constituta
999 891 1043 924 sit

58 945 248 978 autoritate
264 944 469 988 Evangelii,
506 955 579 976 non
596 949 711 988 potest
730 941 885 976 bumana
910 943 1042 975 autori-

58 1003 128 1029 tate
151 996 239 1030 tolli.

159 1055 307 1089 Ostendi
328 1067 368 1088 ex
382 1054 593 1088 testimoniis
609 1055 815 1098 scripturae,
836 1053 1041 1087 dissimilem

58 1119 129 1141 esse
155 1107 421 1150 obligationem.
490 1105 584 1138 Haec
617 1112 668 1139 est
700 1105 958 1149 simplicissima
988 1117 1042 1137 re-

57 1157 199 1202 sponsio
219 1159 261 1190 ad
281 1156 370 1191 hanc
388 1157 643 1203 quaestionem,
670 1158 727 1190 sed
747 1157 916 1190 addamus
937 1156 1041 1189 etiam

58 1216 247 1242 rationem.

159 1268 279 1301 Prima
297 1267 448 1301 sumitur
467 1280 484 1299 a
502 1267 614 1301 causis
631 1267 871 1307 efficientibus,
892 1280 951 1300 seu
968 1268 1043 1300 iure

59 1319 258 1363 potestatis,
287 1325 319 1351 et
338 1317 427 1351 hane
443 1319 580 1351 Gerson
605 1319 774 1363 sequitur.
828 1319 948 1351 Cix‘ilis
970 1332 1043 1350 ma-

61 1371 226 1413 gistratus
244 1370 433 1402 autoritate
450 1369 568 1401 dixina
588 1369 640 1402 ius
667 1368 772 1402 habet
796 1370 971 1402 condendi
997 1370 1043 1401 le-

60 1434 117 1464 ges
135 1419 300 1454 honestas
318 1427 349 1452 et
367 1420 469 1453 utiles
485 1421 526 1452 de
546 1420 585 1453 iis
602 1420 769 1463 negotiis,
799 1433 889 1465 quae
917 1421 961 1452 ad
986 1421 1043 1452 de-

58 1471 255 1504 fensionem
281 1470 372 1502 vitae
402 1471 595 1514 corporalis
624 1477 657 1503 et
682 1471 884 1504 societatem
904 1471 1041 1503 cixilem

58 1522 256 1566 pertinent,
289 1527 327 1554 ut
349 1521 391 1554 de
415 1521 570 1561 iudiciis,
606 1522 647 1554 de
674 1523 796 1566 poenis
819 1522 1042 1562 delictorum,

58 1574 100 1605 de
125 1572 379 1612 contractibus,
421 1573 462 1605 de
489 1573 784 1613 successionibus,
820 1579 853 1606 et
871 1573 1043 1607 similibus

59 1624 181 1664 rebus,
209 1623 297 1657 sicut
316 1623 486 1656 Salomon
510 1624 627 1670 inquit
649 1624 772 1670 (Pi—ov.
791 1625 824 1663 8,
846 1623 937 1670 15.):
974 1625 1043 1658 Per

58 1688 113 1708 me
132 1687 229 1719 reges
246 1681 414 1719 regnant,
442 1681 475 1708 et
494 1675 582 1709 iusta
603 1676 833 1710 constituunt.

162 1742 231 1775 Sed
263 1741 491 1775 ecclesiastica
517 1749 672 1786 potestas
703 1750 754 1777 est
778 1743 1041 1787 circumscripta

59 1793 118 1833 sic,
138 1800 176 1826 ut
191 1791 319 1826 habeat
339 1794 561 1833 mandatum,
592 1795 677 1839 quid
695 1796 820 1827 docere
839 1795 981 1834 debeat,
1010 1801 1044 1827 et

58 1857 101 1877 ne
119 1857 232 1878 novos
249 1845 360 1877 cultus
377 1845 558 1888 excogitet,
575 1852 609 1878 et
625 1845 874 1879 traditionibus
891 1847 934 1878 de
951 1858 1043 1879 cere-

58 1896 188 1929 moniis
213 1902 336 1928 oneret
359 1896 601 1930 conscientias.
663 1897 754 1931 Nam
778 1898 904 1930 Petrus
929 1897 1045 1943 inquit

59 1947 151 1992 (Act.
172 1946 229 1987 15,
250 1948 341 1993 10.):
370 1947 465 1992 Quid
492 1948 634 1981 tentatis
652 1949 786 1989 Deum,
822 1949 1044 1992 imponentes

60 1998 205 2042 iugum?
235 2005 297 2032 etc.
350 1998 395 2031 Et
412 1999 542 2033 Paulus
562 2000 654 2046 (Col.
671 2003 707 2038 2,
724 2002 783 2036 20.
800 2000 895 2045 21.);
925 2000 1044 2044 Quare

61 2051 199 2082 decreta
212 2049 353 2082 facitis?
387 2050 469 2083 Non
489 2051 651 2093 attingas,
677 2065 751 2085 non
769 2058 962 2085 contrectes
982 2059 1044 2084 etc.

60 2101 216 2134 Proinde
234 2113 312 2133 cum
329 2101 496 2135 dissimile
513 2102 557 2135 sit
576 2103 626 2136 ius
645 2104 829 2148 utriusque
851 2103 1045 2147 potestatis,

64 2153 169 2186 etiam
188 2152 405 2185 dissimiliter
423 2153 581 2197 obligant
601 2154 703 2198 leges.

163 2220 323 2254 Secunda
357 2220 467 2259 ratit),
519 2233 559 2253 ex
590 2222 701 2255 causis
730 2222 892 2255 finalibus
918 2222 1046 2265 legum.

61 2272 171 2315 Leges
200 2271 317 2304 civiles
343 2278 425 2304 sunt
451 2272 588 2305 vincula
626 2274 824 2307 communis
860 2273 1047 2307 societatis.

63 2324 183 2368 Quare
225 2323 263 2355 in
296 2323 489 2355 violatione
525 2336 663 2368 semper
697 2325 850 2359 laeditur
885 2322 1047 2357 charitas.

62 2375 155 2419 Quia
174 2374 267 2408 enim
285 2374 412 2418 singuli
431 2375 559 2407 debent
585 2377 628 2407 ad
654 2376 851 2409 communis
876 2376 1049 2421 tranquil-

64 2426 171 2460 litatis
203 2426 442 2459 defensionem
477 2426 573 2458 velut
602 2428 799 2472 symbolam
816 2427 861 2472 ⁸⁷)
889 2428 1048 2460 conferre

67 2489 165 2510 suam
186 2477 443 2517 obedientiam,
472 2477 621 2518 tributa,
651 2491 796 2523 operas,
826 2491 904 2512 cum
923 2479 959 2510 id
976 2490 1049 2510 non

64 2528 215 2567 faciunt,
243 2530 454 2562 defraudant
470 2529 645 2574 reliquos,
673 2531 839 2563 fruuntur
857 2530 950 2562 enim
968 2530 1050 2562 alie-

66 2579 119 2613 nis
140 2579 280 2619 officiis,
308 2586 341 2613 et
362 2580 427 2624 ipsi
451 2579 539 2614 nihil
558 2582 754 2615 conferunt.
811 2581 855 2614 Ut
881 2580 907 2614 is
931 2581 992 2626 qui
1016 2581 1051 2613 in

100 2715 336 2747 87)sym1›01arn]
365 2715 405 2739 sic
430 2717 504 2739 recte
531 2717 596 2741 Edd.
624 2717 695 2741 1538.
725 2719 751 2740 et.
780 2717 870 2740 154ttz
909 2716 955 2739 Ed.
979 2715 1051 2739 1546.

137 2751 300 2780 symbolum.

72 2792 251 2823 MELANTH.
277 2791 382 2822 ΟΡΕῐι.
408 2792 491 2822 Vel..
516 2793 605 2823 XVI.

682 136 1031 173 PHILOSOPHIAE
1065 135 1277 172 MORALIS
1309 134 1537 171 EPITOME.

2012 139 2084 174 114

1095 223 1275 270 symposio
1303 233 1377 257 non
1408 222 1542 257 confert
1577 221 1776 269 symbolam
1791 221 1857 268 ⁸⁸),
1897 224 2083 259 defraudat

1096 277 1276 310 convivas.

1196 327 1282 361 ltem
1307 333 1411 360 nocet
1436 326 1634 370 exemplum
1660 327 1696 359 in
1713 327 1924 369 violatione,
1953 335 1985 361 et
2004 341 2082 374 per-

1097 378 1215 412 turbat
1239 391 1464 412 communem
1492 378 1796 423 tranquillitatem.
1856 379 1950 423 Ergo
1974 380 2010 413 in
2036 381 2083 414 le-

1095 429 1195 472 gibus
1226 430 1388 463 civilibus
1417 442 1556 474 semper
1585 430 1678 463 valet
1708 430 1799 463 ratio
1834 429 2015 465 charitatis
2049 439 2083 466 et

1095 481 1263 514 scandali.
1317 481 1383 514 Sed
1404 482 1592 527 pleraeque
1616 482 1837 515 ceremoniae
1860 489 1942 516 sunt
1967 483 2083 527 priva-

1096 538 1150 564 tae
1167 538 1200 564 et
1217 532 1429 565 domesticae
1454 533 1737 573 observationes,
1765 546 1914 579 quarum
1935 535 2081 567 violatio

1095 595 1168 615 non
1188 583 1295 616 laedit
1313 583 1412 616 alios.
1467 584 1555 617 Cum
1578 584 1685 626 igitur
1702 582 1757 617 bic
1774 597 1847 618 non
1863 585 2082 630 periclitetur

1097 632 1268 674 charitas,
1310 646 1373 667 nec
1398 633 1582 667 incurrant
1605 637 1788 676 scandala,
1829 637 2008 670 dissimilis
2032 644 2083 670 est

1096 683 1223 719 harum
1243 686 1356 729 legum
1376 685 1559 720 autoritas.
1599 685 1690 719 Nam
1707 689 1749 719 de
1766 685 1819 722 his
1837 701 1977 734 quoque
1995 688 2081 721 dixi-

1096 749 1173 770 mus
1192 743 1273 770 tunc
1289 736 1502 770 necessarias
1518 737 1612 775 sieri,
1641 750 1704 770 nec
1728 751 1828 782 posse
1856 740 1984 772 violari
2006 740 2080 774 sine

1097 795 1259 833 peccato,
1300 801 1379 821 cum
1406 787 1551 821 violatio
1574 788 1666 832 parit
1691 791 1876 830 scandala,
1922 789 1988 824 boc
2019 798 2081 830 est,

1096 846 1199 872 nocet
1217 839 1369 872 aliorum
1393 839 1473 872 fidei
1498 845 1531 872 et
1555 839 1732 879 moribus,
1767 848 1826 873 aut
1848 847 1977 875 temere
2002 855 2081 887 per-

1097 892 1217 925 turbat
1235 891 1387 924 aliorum
1406 891 1713 936 tranquillitatem.
1766 891 1841 925 Etsi
1860 899 1977 926 autem
1995 894 2080 927 utile

1097 949 1147 976 est
1170 940 1232 975 bas
1258 942 1414 975 rationes
1439 943 1655 986 expendere,
1696 948 1728 975 et
1752 955 1872 977 causas
1897 951 1929 977 et
1953 946 2081 988 gradus

1096 995 1212 1037 legum
1233 994 1439 1037 intelligere,
1460 999 1579 1027 tamen
1597 993 1704 1027 tutius
1725 1000 1774 1027 est
1791 1007 1831 1028 ex
1852 994 1918 1028 illis
1934 996 2081 1040 scriptu-

1096 1057 1156 1078 rae
1174 1045 1373 1083 sententiis,
1402 1057 1488 1090 quas
1504 1044 1660 1083 recitavi,
1688 1045 1895 1089 simpliciter
1914 1047 2081 1086 iudicare,

1097 1109 1183 1142 quas
1205 1109 1310 1141 supra
1334 1096 1448 1140 posui.
1498 1096 1589 1130 Nam
1617 1097 1772 1130 rationes
1799 1096 1929 1131 habent
1953 1099 2081 1132 multas

1097 1149 1282 1192 ambages,
1317 1161 1381 1181 nec
1407 1147 1490 1180 satis
1516 1148 1682 1181 muniunt
1705 1149 1969 1183 conscientiam.
2036 1150 2077 1182 ,Et

1097 1198 1259 1232 homines
1276 1199 1368 1232 acuti
1384 1199 1492 1231 multa
1513 1198 1548 1231 in
1564 1207 1753 1244 utramque
1770 1207 1906 1244 partem
1934 1201 2080 1245 inexpli-

1098 1251 1220 1283 cabilia
1240 1262 1409 1295 quaerere
1430 1257 1463 1283 et
1481 1251 1678 1295 excogitare
1697 1259 1864 1294 possunt,
1892 1252 1918 1285 si
1943 1259 2079 1285 tantum

1098 1314 1138 1334 ex
1161 1301 1377 1339 rationibus,
1421 1307 1453 1333 et
1482 1313 1554 1334 non
1580 1315 1621 1335 ex
1643 1301 1826 1346 scripturis
1850 1303 2080 1337 iudicandum

1097 1352 1174 1385 erit.
1240 1352 1307 1384 Sed
1333 1351 1388 1385 bic
1411 1353 1581 1385 monendi
1603 1359 1685 1386 sunt
1708 1353 1871 1393 iuvenes,
1908 1361 1946 1388 ut
1970 1367 2081 1400 quan-

1097 1416 1202 1447 quam
1222 1409 1340 1436 tenere
1356 1415 1495 1436 necesse
1519 1410 1568 1436 est
1586 1401 1671 1436 haec
1696 1401 1886 1451 ἀδιάφορα
1911 1419 1983 1439 non
2009 1419 2081 1440 esse

1097 1454 1208 1487 cultus
1224 1453 1310 1493 Dei,
1339 1461 1458 1486 tamen
1475 1453 1615 1487 interim
1635 1455 1771 1487 discant
1787 1457 1944 1489 scandali
1962 1470 2079 1490 casum

1096 1505 1165 1537 late
1200 1511 1340 1549 patere,
1384 1512 1417 1538 et
1448 1505 1617 1548 singulari
1653 1517 1736 1538 cura
1766 1509 1961 1541 cavendum
1998 1521 2081 1542 esse.

1096 1556 1186 1589 Nam
1212 1556 1248 1588 in
1272 1556 1466 1590 violatione
1488 1557 1722 1590 traditionum
1750 1557 1840 1591 duae
1863 1571 1919 1592 res
1944 1559 2082 1604 pericli-

1096 1614 1235 1647 tantur,
1263 1607 1447 1652 disciplina
1475 1614 1508 1640 et
1530 1608 1789 1654 tranquillitas,
1816 1622 1877 1643 seu
1893 1609 2081 1644 harmonia

1096 1659 1228 1703 publici
1253 1665 1374 1693 status.
1440 1658 1555 1692 Porro
1582 1660 1766 1705 utriusque
1793 1662 1845 1694 rei
1870 1663 2082 1705 magnitudi>

1097 1723 1178 1743 nem
1198 1716 1230 1742 et
1247 1710 1317 1742 vim
1343 1710 1531 1755 praecipue
1557 1723 1621 1745 nos
1644 1711 1839 1755 intelligere
1863 1705 1979 1754 decet,
2023 1714 2082 1759 qui

1098 1762 1133 1794 in
1150 1762 1273 1795 studiis
1291 1762 1474 1795 doctrinae
1493 1769 1526 1794 et
1543 1763 1714 1796 virtutum
1733 1775 1927 1798 versamur.

1198 1813 1359 1846 Primum
1379 1813 1472 1846 enlm
1490 1814 1696 1858 disciplinae
1719 1825 1820 1848 causa
1840 1828 1928 1860 opus
1946 1822 1995 1849 est
2013 1828 2084 1849 cer-

1097 1865 1140 1897 tis
1156 1864 1451 1898 ordinationilms.
1486 1865 1577 1898 Ram
1594 1867 1691 1899 rudis
1710 1872 1804 1899 aetas
1823 1867 2083 1900 assuefacienda

1098 1923 1147 1949 est
1172 1917 1381 1949 ceremoniis
1405 1923 1438 1949 ct
1467 1916 1609 1957 ritibus,
1641 1917 1756 1955 seriis,
1792 1919 1894 1951 certis
1925 1919 2083 1951 lectioni—

1098 1969 1181 2007 bus,
1211 1974 1242 2000 et
1262 1968 1434 2001 exercitiis
1452 1969 1653 2002 domesticis
1674 1975 1705 2001 et
1721 1968 1881 2012 publicis.
1921 1969 2082 2015 Eamque

1099 2020 1143 2051 ob
1167 2031 1307 2052 causam
1324 2019 1454 2052 Paulus
1477 2020 1571 2063 (Gal.
1591 2020 1624 2059 3,
1642 2019 1719 2064 24.)
1738 2027 1841 2054 vocat
1865 2021 1977 2065 legem
2000 2034 2083 2065 pae-

1098 2072 1285 2114 dagogum.
1347 2071 1438 2104 Nam
1466 2068 1532 2103 liae
1555 2072 1776 2104 ceremoniae
1803 2079 1883 2105 sunt
1909 2074 2083 2117 quaedam

1099 2119 1336 2169 nandaywyt'a
1352 2122 1546 2155 necessaria
1565 2123 1700 2167 primae
1719 2123 1837 2157 aetati.

1201 2173 1275 2206 Etsi
1299 2179 1416 2206 autem
1435 2173 1668 2218 Evangelium
1695 2175 1874 2220 quandam
1901 2173 2083 2207 sublimio-

1100 2236 1174 2257 rem
1202 2225 1400 2258 doctrinam
1421 2225 1576 2265 adserat,
1611 2232 1731 2259 tamen
1755 2238 1828 2258 non
1851 2226 1927 2258 xult
1950 2225 2082 2258 aboleri

1101 2275 1323 2320 disciplinam
1351 2283 1384 2308 et
1407 2274 1689 2324 παιδαγωγίαγ,
1724 2278 1783 2310 sed
1811 2276 1926 2315 iubet,
1961 2282 1999 2309 ut
2022 2273 2085 2308 ho-

1101 2327 1213 2360 mines
1231 2325 1498 2366 coherceantur,
1516 2335 1685 2371 regantur
1701 2334 1734 2360 et
1753 2328 1947 2360 doceantur
1965 2325 2084 2360 buius-

1102 2378 1200 2411 modi
1224 2379 1458 2422 paedagogum
1489 2386 1523 2411 et
1548 2391 1635 2424 quas
1658 2379 1827 2412 utilitates
1849 2377 1977 2412 habeat
2000 2376 2086 2411 haec

1102 2430 1340 2474 paedagogia,
1376 2430 1445 2462 alio
1468 2431 1545 2462 loco
1573 2431 1654 2463 dixi.
1725 2430 1820 2463 Deus
1847 2430 1940 2463 enim
1968 2430 2087 2462 efficax

1104 2488 1152 2514 est
1179 2481 1214 2513 in
1238 2479 1311 2520 bis,
1339 2481 1399 2526 qui
1423 2481 1540 2513 doceri
1566 2494 1600 2514 se
1623 2482 1762 2521 sinunt,
1797 2493 1860 2514 nec
1887 2487 2087 2525 repugnant

1104 2532 1211 2576 ipsius
1237 2533 1356 2565 verbo.
1419 2532 1538 2577 Quare
1565 2533 1763 2577 exemplum
1791 2539 1895 2565 nocet
1918 2533 1954 2565 in
1978 2532 2087 2564 viola-

1105 2584 1199 2616 tione
1224 2583 1469 2616 traditionum.
1538 2583 1631 2628 Quia
1659 2584 1801 2628 vnlgus,
1844 2585 1937 2630 quod
1962 2590 2086 2616 natura

1138 2718 1185 2748 88)
1207 2717 1374 2746 symbolam]
1401 2717 1441 2741 sic
1464 2720 1539 2742 recte
1564 2719 1612 2742 Ed.
1639 2719 1730 2745 1538:

1175 2752 1339 2782 symbolum.

1769 2718 1834 2741 Edd.
1864 2718 1937 2742 1540.
1965 2722 1990 2741 ct
2020 2718 2090 2742 1546.
