2347 3000
236 123 334 160 1075

240 210 447 245 nobilitatis.
552 213 710 257 Aemilio]
737 209 865 244 scilicet
891 209 1024 242 Scauro
1041 207 1101 252 ⁴⁸).
1153 205 1222 237 Ac-

240 262 359 295 milius
374 261 440 293 fuit
454 262 594 299 nobilis,
615 263 687 292 eius
704 261 855 291 maiores
873 255 1068 291 iacuerunt.
1114 255 1223 289 Pom—

241 313 341 357 peius
370 311 437 344 suit
467 310 650 354 ignobilis,
688 315 722 342 et
752 315 872 342 tamen
901 308 1051 353 posteris
1079 307 1224 353 reliquit

241 362 475 397 nobilitatem.

345 409 528 456 CalelI.
548 409 577 454 ξ.
590 409 646 444 17.
663 411 885 456 Quamquam]
899 409 1070 443 Reiectio.
1096 407 1223 441 Exem—

242 465 301 509 pla
333 469 414 497 sunt
445 462 479 494 iu
512 467 703 505 promptu:
753 460 850 505 Ergo
883 473 959 495 sum
997 472 1038 494 ex
1069 457 1224 505 equestri

242 515 341 553 loeo,
371 520 402 545 et
421 519 539 545 tamen
557 512 725 556 pervenio
744 513 789 545 ad
807 512 1041 545 consulatum.
1128 513 1224 544 luce-

242 566 337 609 bunt]
366 564 400 596 id
422 570 490 603 est,
527 563 738 596 arcebantur
762 563 805 595 ab
829 562 1044 601 honoribus,
1078 567 1111 594 ct
1137 560 1225 593 obii-

243 616 382 647 ciebant
399 614 465 647 illis
482 614 651 658 exempla.
755 616 900 658 Mariis]
917 614 1047 647 scilicet
1065 611 1125 657 qui
1144 623 1224 643 cum

244 671 357 699 essent
390 665 579 708 ignobiles,
615 672 854 708 pervenerunt
880 672 997 697 tamen
1024 664 1154 695 virtute
1180 662 1226 694 ad

243 727 400 750 summos
416 714 581 755 honores,
609 715 709 760 quasi
726 716 874 748 diceret:
904 715 1004 748 Meus
1024 713 1226 746 consulatus

244 767 421 800 debuisset
460 779 518 799 eos
559 768 752 799 admonere
787 768 829 799 de
862 766 1047 799 nobilitate
1076 763 1225 808 generis.

243 817 568 862 1111p›·0be'ssimo⁴'‘⁹)]
596 817 727 851 scilicet
750 817 934 851 Catilinae.

348 867 378 911 ἓ.
413 868 471 901 18.
507 869 742 912 Quaesturam]
784 868 958 901 ObiectiO.
1010 866 1100 900 Sunt
1132 864 1226 897 enim

244 919 350 951 verba
371 918 497 953 Servii.
574 922 651 953 ,Non
668 919 733 963 est]
760 918 972 964 Responsio,
1050 916 1228 960 Nostrum]

244 970 409 1003 Vestrum
425 970 490 1015 ⁵⁰),
533 969 720 1013 legendum
750 970 828 1003 fuit.
931 970 1001 1004 Sed
1033 966 1228 1013 quaestura]

245 1020 443 1065 Quaestum
467 1021 729 1064 propemodum
762 1021 799 1052 in
818 1026 971 1064 utroque
997 1017 1088 1051 nihil
1110 1015 1230 1055 habet,

246 1072 343 1116 quod
373 1070 537 1104 emineat.
615 1070 767 1103 Collatio
794 1070 994 1103 studiorum
1027 1075 1062 1100 et
1093 1067 1230 1110 generis

245 1121 350 1155 vitae.
402 1120 582 1154 Dimicare
599 1120 637 1153 in
653 1121 726 1154 acie
743 1127 794 1154 est
808 1121 935 1159 maius,
964 1131 1070 1165 quam
1086 1118 1122 1149 in
1138 1119 1230 1150 soro.

349 1171 435 1216 Cap.
450 1170 507 1205 IX.
527 1171 627 1215 {.19.
654 1171 810 1216 Praesto]
827 1171 955 1216 Qualia
973 1169 1110 1214 perpeti
1126 1179 1231 1212 opor-

246 1230 318 1256 teat
339 1235 417 1263 eos,
446 1223 505 1267 qui
531 1224 566 1255 in
584 1224 662 1255 foro
680 1229 877 1255 versantur.
931 1221 1054 1255 Cicero
1071 1225 1232 1252 versatur

246 1275 318 1306 iam
351 1274 387 1306 in
419 1274 546 1307 illustri
576 1274 675 1314 loco,
717 1273 796 1306 ideo
828 1284 912 1308 usus
943 1279 994 1307 est
1023 1269 1081 1304 hic
1111 1269 1232 1303 multis

246 1325 350 1359 bonis
374 1324 501 1358 verbis.

353 1374 382 1419 ξ.
406 1376 466 1410 21.
491 1376 649 1420 Summa]
677 1372 830 1408 Pulchra
856 1373 1052 1407 concessio:
1086 1370 1126 1404 In
1149 1382 1234 1403 con-

249 1426 334 1460 siliis
352 1427 613 1471 propemodum
633 1427 841 1459 tantundem
862 1431 913 1458 est
929 1423 1097 1469 periculi,
1122 1433 1234 1467 quan-

249 1485 325 1510 tum
351 1477 386 1509 in
412 1477 496 1510 acie.
549 1478 618 1509 Sed
645 1477 787 1510 Servius
816 1475 1011 1508 contemnit
1042 1475 1234 1518 imperato-

249 1528 341 1561 riam
361 1529 546 1567 virtutem,
574 1534 607 1560 et
627 1528 783 1571 praefert
802 1527 832 1559 ei
850 1527 975 1559 virtuti
991 1537 1092 1559 suum
1113 1536 1234 1567 genus.

250 1579 327 1612 Hoc
344 1591 418 1611 non
435 1585 484 1611 est
501 1579 699 1611 ferendum.
801 1580 901 1620 Apud
917 1577 1120 1620 exercitum]
1146 1575 1235 1607 Sunt
1258 1587 1259 1593 ¹

251 1630 360 1662 verba
392 1629 515 1662 Servii.
592 1629 790 1661 Bellatores
824 1627 936 1669 magis
969 1626 1235 1669 conspiciuntur

252 1681 296 1713 ab
312 1678 534 1719 hominssms,
563 1692 669 1724 quam
687 1692 769 1717 nos,
798 1679 857 1722 qui
876 1677 1034 1722 quotidie
1052 1687 1236 1709 versamur

253 1731 291 1763 in
317 1731 426 1764 oeulis
449 1730 539 1763 sicut
564 1731 648 1763 alibi
669 1730 770 1763 dicit:
807 1728 977 1761 Homines
1011 1740 1085 1760 non
1112 1726 1236 1759 memi-

253 1788 386 1815 nerunt
415 1793 578 1813 meorum
610 1780 884 1818 beneficiorum,
916 1780 976 1812 sed
1007 1784 1147 1822 oportet
1179 1789 1263 1826 met

255 1833 293 1866 in
316 1831 389 1865 dies
410 1844 531 1865 rursus
560 1829 649 1864 mihi
679 1829 841 1864 homines
875 1829 1067 1869 demereri,
1103 1827 1263 1872 alioqui'

255 1883 543 1916 intermoriretur
580 1882 834 1915 beneficiorum
866 1880 1053 1914 memoria.
1122 1880 1238 1912 Omne

257 1947 400 1974 rarum,
427 1932 574 1967 charum
598 1940 668 1973 est,
694 1933 800 1975 vulgo
828 1931 956 1964 dicitur
972 1930 1030 1974 51).
1261 1949 1265 1972 3

364 1984 393 2028 §-
417 1987 478 2019 22.
513 1987 600 2025 Sed,
628 1985 678 2028 ut]
714 1983 865 2017 Collatio
890 1982 1073 2014 doetrinae
1097 1980 1184 2013 iuris
1207 1986 1241 2013 et
1262 1976 1265 2009 ἶ

260 2036 314 2069 rei
340 2035 517 2069 militaris.
618 2035 801 2078 Reyendis]
841 2033 972 2067 scilieet
1003 2033 1040 2064 in
1070 2024 1267 2064 limitibusl

260 2086 498 2131 designandis.
1264 2060 1268 2125 l

366 2137 451 2181 Cap.
478 2136 520 2170 X.
553 2134 583 2180 ἓ.
608 2136 669 2171 23.
703 2138 765 2176 Et,
792 2135 962 2181 quoniam]
993 2132 1066 2166 Iam
1091 2132 1243 2165 instituit
1265 2128 1268 2147 ⁴

263 2188 508 2221 narrationem
539 2186 787 2231 professionis,
822 2197 911 2231 quae
938 2191 1020 2217 tunc
1045 2189 1120 2217 erat
1146 2183 1243 2216 iuris.

262 2238 459 2284 Iurisperiti
476 2239 570 2282 apud
589 2250 647 2272 eos
663 2243 801 2270 tantum
818 2236 1080 2280 respondebant
1096 2235 1138 2267 de
1155 2234 1243 2274 iure,

266 2303 339 2322 non
359 2290 509 2333 agebant
526 2289 605 2333 ipsi.
651 2288 865 2333 Priusquam
878 2293 994 2320 autem
1011 2298 1052 2319 eo
1069 2285 1244 2329 pervenit,

303 2384 350 2410 48)
370 2384 404 2405 M.
423 2380 554 2405 Aemilius
578 2380 615 2405 M.
634 2379 652 2404 f.
671 2380 701 2403 1..
724 2386 750 2404 n.
772 2380 892 2403 Scaurus
916 2377 1013 2401 consul
1036 2382 1063 2402 a.
1086 2382 1111 2401 u.
1137 2382 1160 2402 c,
1183 2376 1244 2401 639.

337 2423 395 2440 cum
414 2417 449 2439 M.
470 2414 587 2439 Caecilio
604 2414 732 2444 Metello,
759 2413 886 2443 princeps
910 2413 1022 2435 senatus
1046 2411 1138 2435 eodem
1163 2416 1246 2441 anno,

336 2456 436 2473 censor
453 2455 479 2473 a.
497 2455 523 2472 u.
542 2455 563 2473 c.
579 2449 649 2479 645„
667 2447 761 2472 consul
779 2448 877 2470 iterum
894 2451 918 2470 a.
933 2452 957 2470 u.
973 2452 994 2469 c.
1007 2445 1067 2469 647.
1104 2446 1135 2469 L.
1149 2444 1246 2469 cassio

338 2485 461 2514 Longino
481 2483 506 2506 iu
526 2482 629 2512 proelio
648 2482 738 2506 occiso
758 2481 906 2510 suffectus,
924 2487 983 2503 cum
1004 2480 1033 2503 (J.
1052 2479 1147 2503 Mario.
1183 2479 1246 2504 Vid.

341 2518 438 2542 Orellii
456 2520 482 2541 et
499 2517 601 2541 naiteri
621 2517 761 2541 Onomast.
780 2515 896 2539 Tulliau.
915 2514 944 2539 P.
963 2514 995 2540 11.
1015 2520 1041 2544 p.
1061 2513 1092 2538 17
1112 2520 1170 2544 sqq.

305 2560 353 2586 49)
374 2559 597 2589 [improbissimo]
617 2558 664 2580 Ed.
686 2557 758 2580 1568.
777 2555 927 2587 Improbis.

307 2602 355 2630 50)
373 2601 422 2625 Ed.
443 2600 528 2624 Oreu.
549 2600 575 2622 iu
595 2602 668 2622 textu
684 2600 779 2622 habet:
798 2600 933 2623 vestrum.

309 2646 355 2669 5¹)
374 2642 529 2666 .!.1-3iselei11
546 2642 571 2664 iu
587 2643 603 2665 1,
627 2642 674 2664 me
686 2641 888 2670 spx-icliwo‘rter
902 2646 927 2663 ιι.
939 2639 1090 2663 sium-eden
1104 2639 1153 2662 des
1169 2638 1248 2661 deut-

343 2678 425 2701 schen
444 2676 548 2700 volt-es
567 2675 592 2697 iu
611 2677 683 2698 alter
701 2682 726 2699 u.
747 2681 829 2698 ueuer
848 2674 926 2703 Zeu,
949 2674 1029 2697 affert
1055 2680 1079 2702 p.
1097 2673 1155 2696 594.
1181 2678 1247 2704 pro-

344 2711 480 2736 verbium:
501 2711 585 2733 Omne
602 2715 693 2732 rarum
712 2715 819 2739 carum,
838 2707 945 2732 vilescit
962 2707 1155 2738 quotidianum.

812 123 933 158 pun..
966 121 1079 157 MEL.
1114 119 1315 155 semem
1350 95 1686 155 PniLoLoomA.

2161 119 2260 155 1076

1272 206 1464 249 praeponit
1489 207 1666 251 quandam
1697 206 2066 251 praecastigationem.
2117 204 2261 237 Trilmit

1275 256 1370 288 enim
1397 256 1428 288 ei
1452 257 1578 290 multas
1601 257 1748 292 virtutes
1784 264 1818 291 et
1847 264 1981 295 artem,
2021 266 2090 301 qua
2120 254 2262 287 videbat

1276 319 1355 339 eum
1380 307 1532 340 maxime
1557 309 1784 348 antecellere,
1818 313 1993 342 extenuat.
2071 307 2163 340 Aliis
2188 305 2262 349 eyo]

1275 357 1571 401 Praeeastigatio,
1600 360 1634 390 in
1654 372 1721 404 qua
1738 359 1834 403 prius
1853 360 1883 391 ei
1902 357 2025 390 tribuit
2041 357 2170 389 multas
2195 356 2263 388 vir-

1277 414 1388 449 tutes,
1414 415 1450 440 ut
1472 409 1673 442 extenuatio
1691 410 1918 454 professionis
1936 409 2052 440 minus
2069 407 2112 440 sit
2128 406 2264 445 odiosa,

1276 466 1310 492 et
1333 466 1371 493 ut
1395 459 1532 503 mitiget
1557 457 1646 498 hoc,
1682 462 1777 505 quod
1803 462 1847 493 ad
1872 465 2092 504 praesentem
2121 469 2262 490 eausam

1277 511 1413 543 attinet.
1506 511 1643 555 Omnes]
1680 511 1796 544 Maior
1820 517 1881 544 est.
1966 508 2192 553 De'ynitutem]
2227 507 2263 539 id

1278 568 1348 601 est,
1390 558 1624 594 honestatem.
1692 561 1730 595 ln
1754 562 1893 594 minore
1918 561 2002 593 facit
2025 559 2265 598 collationem,

1277 624 1413 645 summa
1433 609 1599 644 honestas
1615 618 1664 644 est
1683 613 1717 645 in
1736 613 1839 645 laude.
1857 609 2106 655 imperatoria,
2141 611 2201 644 sed
2227 609 2265 641 in

1276 661 1342 696 hac
1357 662 1499 697 seientia
1521 663 1605 696 iuris
1621 675 1694 695 non
1713 670 1763 697 est
1779 670 1915 696 tantum
1932 661 2057 695 laudis.

1382 714 1466 756 Cap.
1483 712 1540 746 XI.
1570 711 1673 756 §.24
1709 714 1864 758 Summa]
1892 712 2024 746 Minor.
2101 710 2267 754 Resistut]

1278 765 1370 810 Quia
1398 764 1530 797 tribuni
1562 764 1658 797 nulla
1691 765 1760 797 alia
1783 777 1820 798 re
1848 764 1972 797 melius
2000 762 2147 805 reprimi
2168 767 2268 804 pote-

1278 822 1379 856 rant,
1420 814 1487 847 nisi
1521 814 1722 860 eloquentia
1756 813 2141 859 praestantissimorum
2172 811 2268 844 viro-

1278 879 1378 906 rum,
1413 865 1501 898 sieut
1525 865 1647 898 Cicero
1674 879 1735 899 sua
1761 866 1962 911 eloquentia
1983 864 2129 898 Rullum
2152 863 2267 895 deter-

1279 918 1351 950 ruit
1371 929 1386 948 a
1404 916 1535 948 latione
1554 916 1637 959 legis
1654 917 1881 962 agrariaeffl).
1961 918 2085 949 Eadem
2106 913 2175 957 res]
2203 912 2267 946 sci-

1279 969 1359 1001 lieet
1374 967 1587 1011 eloquentia.
1641 968 1772 999 Omnia
1800 968 1835 999 in
1860 979 1945 1011 pace
1973 978 2037 1009 per
2061 966 2267 1010 eloquentes

1281 1024 1470 1061 geruntur,
1506 1017 1571 1061 ipsi
1596 1024 1678 1050 suut
1701 1018 1843 1049 oracula
1867 1017 2047 1049 civitatum
2072 1023 2106 1049 et
2130 1026 2268 1048 rerum-

1280 1068 1516 1114 publicarum.
1591 1069 1737 1108 Quorum
1756 1068 1810 1111 in]
1836 1066 1876 1100 In
1901 1066 2058 1112 qualibet
2082 1077 2184 1100 causa
2209 1076 2267 1098 ex-

1283 1119 1457 1162 cerpimus
1475 1118 1581 1157 illud,
1610 1119 1706 1162 quod
1725 1120 1768 1151 ad
1785 1130 1927 1151 causam
1949 1123 2109 1150 nostram
2133 1121 2184 1149 est
2207 1126 2269 1159 ap-

1282 1170 1450 1214 positum.
1510 1167 1575 1200 Hie
1597 1168 1716 1214 itaque
1740 1169 1848 1203 sumit
1863 1180 1922 1208 ea,
1956 1180 2046 1214 quae
2064 1168 2100 1200 in
2118 1166 2268 1211 speciem

1282 1220 1391 1254 rideri
1415 1225 1600 1263 poterant,
1629 1226 1765 1252 caetera
1792 1219 2007 1257 dissimulat,
2037 1230 2126 1264 quae
2147 1216 2270 1249 ornari

1282 1276 1461 1316 poterant.
1512 1269 1588 1302 Hoc
1604 1270 1683 1303 loeo
1701 1271 1822 1304 serviit
1838 1270 1990 1314 tempori
2003 1296 2011 1309 ,
2041 1276 2072 1301 et
2093 1269 2268 1314 quaedam

1285 1322 1456 1366 exagitat,
1491 1333 1565 1353 non
1592 1322 1688 1366 quod
1718 1322 1762 1354 ob
1785 1334 1861 1353 eam
1887 1332 2027 1354 causam
2052 1321 2144 1353 male
2166 1318 2269 1352 nobis

1284 1373 1507 1408 sentiendum
1524 1372 1568 1405 sit
1585 1373 1627 1404 de
1645 1370 1709 1404 hac
1726 1373 1944 1416 professione
1963 1371 2059 1404 iuris.

1390 1422 1420 1467 ἓ.
1437 1420 1496 1457 25.
1525 1425 1590 1456 Res
1606 1421 1713 1469 enim]
1742 1423 1872 1456 seilicet
1895 1423 1991 1455 rixae
2019 1423 2060 1454 de
2078 1421 2270 1456 vocabulis.

1287 1472 1531 1520 Contemptum]
1555 1474 1607 1506 De
1624 1480 1782 1517 tempore
1798 1473 1945 1506 aetionis
1960 1473 2129 1519 loquitur.
2187 1474 2272 1505 Pos—

1285 1532 1332 1559 set
1350 1523 1425 1572 agli]
1454 1525 1585 1557 seilicet
1602 1525 1728 1569 quibus
1744 1525 1866 1558 diebus
1889 1524 2010 1557 liceret
2034 1535 2193 1557 exercere
2218 1523 2271 1555 iu-

1286 1576 1390 1609 dicia.
1467 1573 1600 1621 fastos]
1629 1575 1664 1607 id
1683 1581 1752 1615 est,
1782 1575 2003 1609 Calendaria.
2048 1573 2269 1619 Ovidius⁵³):

1370 1634 1426 1661 llle
1448 1633 1578 1662 nefastus
1601 1634 1674 1669 erit,
1701 1642 1754 1670 per
1776 1644 1862 1671 quern
1885 1634 1941 1662 tria
1963 1634 2051 1661 verba
2071 1633 2210 1661 silentur:

1372 1685 1473 1712 Fastus
1494 1684 1564 1719 erit,
1590 1692 1645 1720 per
1668 1692 1754 1720 quem
1778 1684 1844 1721 Iege
1868 1684 1963 1712 licebit
1985 1685 2040 1721 agi.

1290 1732 1593 1780 szsuleb(1m⁵“)]
1629 1734 1759 1767 scilicet
1788 1735 1970 1778 pontifices
2001 1741 2035 1767 et
2062 1736 2273 1768 sacerdotes.

1291 1785 1481 1828 Chaldaeis]
1525 1785 1655 1817 seilicet
1687 1785 1892 1827 astrologis,
1943 1785 2026 1830 quia
2061 1792 2152 1818 artes
2188 1785 2274 1818 istae

1289 1836 1444 1881 primum
1462 1842 1544 1868 sunt
1561 1842 1730 1867 tractatae
1748 1842 1779 1867 et
1799 1837 1953 1868 excultae
1978 1837 2021 1868 ab
2036 1836 2217 1880 Aegyptiis
2240 1843 2274 1870 et

1291 1900 1311 1920 a
1328 1885 1526 1920 Chaldaeis.
1585 1886 1667 1919 'Non
1692 1886 1883 1919 verisimile
1908 1885 1995 1919 mihi
2020 1887 2159 1920 videtur
2182 1885 2274 1921 hanc

1291 1945 1402 1971 artem
1427 1937 1581 1981 primum
1609 1950 1679 1970 esse
1706 1943 1887 1970 tractatam
1915 1950 1933 1970 a
1954 1936 2158 1978 Chaldaeis,
2194 1950 2273 1971 cum

1292 1989 1328 2022 in
1358 1989 1519 2032 Aegypto
1551 2000 1663 2021 annos
1697 1989 1846 2032 amplius
1884 1989 1936 2022 bis
1972 1989 2066 2022 mille
2103 1995 2273 2033 perpetua

1293 2038 1411 2074 schola
1448 2040 1594 2072 istorum
1633 2039 1830 2071 studiorum
1864 2039 1981 2073 suerit.
2100 2042 2275 2074 Carnicum

1294 2093 1400 2125 oculos
1428 2087 1628 2136 confixerit]
1663 2090 1840 2133 Significat
1877 2091 2031 2123 adimere
2068 2091 2274 2135 opinionem

1294 2148 1328 2175 et
1359 2144 1488 2174 samam
1529 2141 1721 2184 sapientiae
1764 2142 1915 2176 senibus.
1990 2140 2156 2176 cornices
2194 2149 2276 2176 sunt

1294 2193 1451 2231 vivaces,
1497 2198 1529 2224 et
1561 2204 1659 2225 senes
1689 2205 1750 2236 per
1779 2205 1836 2226 eas
1867 2193 2118 2235 significantur.
2189 2193 2276 2226 Per-

1294 2244 1376 2276 inde
1406 2243 1521 2276 valere
1553 2243 1692 2275 videtur
1717 2243 1904 2276 Cornieum
1939 2243 2057 2276 oculos
2090 2243 2276 2287 configere,

1295 2294 1396 2340 quasi
1411 2295 1522 2327 dieas:
1544 2306 1637 2326 novo
1655 2295 1807 2339 quodam
1825 2295 1968 2328 invento
1984 2300 2142 2327 veterum
2160 2295 2278 2328 erudi-

1294 2346 1427 2379 tionem
1448 2345 1653 2384 obscurare,
1682 2345 1886 2391 efficereque
1910 2352 1948 2380 ut
1972 2344 2169 2388 superiores
2185 2343 2276 2379 nihil

1295 2397 1415 2437 scisse,
1448 2394 1538 2429 nihil
1559 2396 1685 2429 vidisse
1713 2396 1910 2431 videantur.
1972 2395 2061 2429 Vide
2084 2395 2274 2430 Erasmum

1330 2519 1379 2546 52)
1400 2519 1428 2542 Ρ.
1454 2518 1588 2542 servilius
1615 2518 1712 2541 Rullus
1742 2517 1864 2540 tribunus
1896 2515 1982 2545 plebis
2007 2516 2119 2540 consule
2143 2516 2275 2540 Cicerone

1365 2556 1404 2581 (a.
1424 2559 1449 2575 u.
1468 2559 1489 2575 c.
1508 2553 1583 2579 691.)
1605 2553 1689 2579 lexeru
1709 2551 1845 2578 agrariam
1870 2550 1947 2579 tulit,
1974 2555 2052 2579 quam
2071 2550 2166 2574 Cicero
2185 2549 2274 2573 trihus

1366 2586 1534 2610 orationihus
1558 2587 1691 2609 dissolvit.
1738 2585 1814 2609 Cous.
1842 2584 1937 2609 orellii
1962 2586 1988 2608 et
2006 2584 2108 2608 Baiter(
2132 2584 2272 2609 Ouomast.

1365 2621 1478 2644 Tulliau.
1501 2621 1528 2643 P.
1545 2621 1587 2643 ΙΙΙ,
1609 2627 1631 2648 p.
1646 2620 1704 2642 271.

1332 2662 1378 2693 53)
1400 2662 1476 2687 ovid.
1497 2663 1571 2685 Fast.
1590 2662 1610 2689 l,
1629 2662 1668 2684 47.
1688 2663 1729 2685 «μὴ.

1333 2705 1379 2736 54)
1400 2704 1601 2733 szsutebam]
1621 2703 1658 2727 sic
1677 2703 1723 2726 Ed.
1741 2703 1829 2734 l568.3
1854 2703 1903 2728 Ed.
1920 2703 2004 2728 orell.
2023 2702 2256 2728 consulebantur.
