2347 3000
231 149 277 182 39
497 146 696 181 SCRlPTA
724 147 798 182 PH.
826 147 937 181 MEL.
964 146 1029 180 AD
1056 145 1262 181 ETHICEN
1291 145 1354 180 ET
1380 144 1634 180 POLITICEN
1663 142 1973 179 SPECTANTIA.

232 233 335 273 tutis,
361 232 485 266 notitia
517 233 744 275 gubernatrix
773 239 807 267 et
839 233 1002 267 voluntas
1029 232 1209 275 obtempe-

232 296 334 323 rans,
362 290 400 317 ut
426 284 541 329 inquit
558 284 779 317 Aristoteles:
808 282 864 319 δεῖ
879 283 924 318 τὰ
943 281 1038 318 αὐτὰ
1061 281 1128 317 τὸν
1150 278 1210 316 λό-

231 348 301 382 γον
317 337 433 380 (satsat
447 363 455 376 ,
481 333 543 369 καὶ
560 334 626 380 τὴν
642 335 760 380 ὄρεξιν
780 332 945 377 διώκειν,
974 333 1057 378 quia
1081 333 1211 367 divini-

232 393 287 419 tus
310 386 432 418 insitae
457 392 537 419 sunt
564 387 674 419 menti
693 387 865 430 quaedam
888 384 1055 424 notitiae,
1083 385 1210 418 discer-

232 443 356 469 nentes
386 434 533 469 honesta
565 443 599 469 et
623 437 759 481 turpia,
793 442 827 469 ct
853 441 904 469 est
929 435 1108 469 ordinatio
1132 435 1210 475 Dei,

231 493 272 521 ut
299 485 352 520 his
370 488 504 521 notitiis
526 487 627 521 rectis
646 488 865 530 obtemperet
887 487 1063 521 voluntas.
1116 487 1211 520 Haec

235 539 435 571 obedientia
455 545 600 571 vocatur
616 538 745 576 virtus⁷
772 550 833 571 seu
850 537 990 571 virtutis
1011 537 1114 572 actio.
1150 537 1212 571 Est

235 589 341 633 igitur
358 602 370 621 x
382 589 467 621 irtus
484 589 519 621 in
537 600 661 631 genere
678 589 852 634 quaedam
867 589 1078 623 obedientia.
1117 588 1212 633 Qua—

233 652 270 672 re
287 640 388 672 Plato
413 640 548 672 erudite
570 639 726 683 disputat
748 639 914 673 virtutem
938 640 974 673 in
993 652 1119 683 genere
1138 652 1211 673 esse

233 690 422 730 iustitiam,
450 702 519 734 qua
543 689 728 724 inferiores
748 691 840 725 vires
859 692 896 724 in
914 689 1059 724 homine
1077 692 1212 723 obtem-

234 747 361 786 perant
386 740 536 780 rationi,
571 747 676 786 atque
702 742 748 775 ita
775 743 896 775 delinit
919 743 1016 775 illam
1042 743 1211 776 iustitiam

233 791 468 825 universalem
488 804 549 825 scu
567 792 733 826 virtutem
758 792 794 826 in
819 806 944 836 genere
970 806 1041 827 esse
1067 806 1212 826 concor-

233 843 329 875 diam
354 842 483 875 virium
506 840 661 877 bominis
687 844 778 877 inter
800 857 853 884 se⁷
883 843 949 877 lioc
975 851 1043 885 est,
1078 844 1212 889 appeti-

233 894 373 927 tionum
402 894 447 926 ad
478 893 674 934 rationem,
710 895 799 928 sicut
824 893 1012 929 harmonia
1039 896 1210 928 concinna

234 951 304 985 est,
337 944 365 977 si
395 945 438 976 ad
463 942 617 989 hypaten
633 945 697 991 ³⁷),
730 946 764 978 id
786 952 853 986 est,
880 947 1123 990 gravissimam
1152 959 1213 979 vo-

233 1008 309 1029 cem
344 1001 434 1028 recle
472 997 693 1029 consentiant
722 998 879 1042 reliquae
920 1010 1043 1038 voces,
1068 998 1213 1046 *scilieet

231 1045 343 1091 μέση,
373 1058 462 1092 quae
484 1053 535 1080 est
552 1048 694 1092 quinta,
723 1054 757 1081 et
775 1045 882 1094 νήτη,
912 1061 1001 1094 quae
1019 1055 1070 1082 est
1087 1055 1211 1081 octava

232 1104 267 1131 et
284 1098 509 1141 disdiapason
524 1098 582 1143 38).
636 1098 685 1131 Ut
701 1099 794 1132 enim
812 1100 1018 1143 gravissima
1036 1113 1104 1133 vox
1123 1100 1212 1143 regit

231 1155 407 1187 caeteras,
435 1148 482 1181 sic
505 1161 604 1182 mens
627 1151 800 1193 gubernat
822 1151 976 1196 reliquas
1003 1152 1107 1184 vires.
1160 1150 1210 1183 lta

229 1199 334 1232 Plato
366 1198 530 1232 virtutem
566 1201 776 1243 generaliter
809 1208 913 1234 vocat
943 1202 1133 1241 iustitiam,
1175 1201 1211 1234 in

232 1263 300 1295 qua
327 1250 500 1296 quaelibet
531 1258 646 1294 partes
672 1264 772 1285 suam
801 1258 945 1285 teneant
972 1251 1211 1291 harmoniam,

232 1301 268 1333 id
303 1308 371 1340 est,
407 1301 591 1335 inferiores
625 1303 793 1335 obediant
822 1303 1017 1346 superiori,
1050 1309 1090 1336 ut
1119 1303 1210 1335 infra

228 1363 349 1386 rursus
366 1352 501 1385 dicetur
516 1353 558 1385 de
576 1352 707 1386 iustitia
725 1353 930 1387 universali.

433 1466 536 1505 Quae
558 1468 647 1499 sunt
667 1474 808 1498 causae
827 1461 1004 1497 virtutis?

330 1535 478 1570 Constat
505 1535 645 1571 habitus
669 1537 756 1570 oriri
780 1549 821 1570 ex
847 1537 978 1571 crebris
1001 1536 1210 1570 actionibus.

227 1586 296 1620 Sed
319 1588 498 1621 actionum
516 1587 745 1622 honestarum
765 1589 987 1634 propinquae
1005 1600 1149 1628 causac,
1177 1594 1210 1621 ct

226 1638 434 1672 adiuvantes
453 1641 676 1685 quaerendae
697 1646 789 1673 sunt.

328 1698 526 1732 Efficientes
542 1700 765 1744 propinquae
782 1699 960 1732 actionum
978 1696 1208 1732 honestarum

226 1754 308 1782 sunt
339 1761 458 1789 mens,
493 1762 554 1783 seu
586 1751 775 1790 iudiciuin,
817 1751 913 1795 quod
946 1750 1050 1793 vulgo
1080 1758 1209 1783 vocant

225 1799 402 1833 dictamen
418 1807 533 1833 rectae
550 1802 717 1841 rationis,
746 1808 779 1834 ct
795 1802 958 1835 voluntas
975 1802 1141 1834 obediens
1159 1801 1206 1834 illi

226 1850 368 1885 iudicio,
422 1853 470 1885 Ut
495 1852 588 1885 enim
607 1853 651 1886 sit
669 1859 762 1886 certa
782 1852 900 1897 aliqua
918 1853 1059 1886 virtutis
1075 1853 1207 1896 regula,

224 1902 452 1945 gubernanda
473 1909 523 1936 est
546 1905 708 1937 voluntas
729 1903 858 1937 iudicio
875 1904 1015 1937 mentis.
1067 1904 1129 1937 Est
1146 1916 1207 1936 au-

225 1959 294 1985 tem
315 1953 481 1987 iudicium
509 1955 593 1987 illud
609 1955 736 1988 notitia
755 1961 788 1987 et
806 1955 889 1999 legis
903 1962 1052 1988 naturae
1073 1962 1107 1988 et
1122 1955 1206 1998 legis

223 2004 384 2045 divinae,
411 2012 445 2038 et
470 2006 585 2039 omnis
616 2006 818 2046 doctrinae,
846 2018 936 2051 quae
958 2005 1065 2039 habet
1086 2007 1205 2039 firmas

222 2055 397 2096 rationes,
440 2063 598 2100 sumptas
638 2070 678 2090 ex
714 2057 789 2101 lege
825 2063 973 2090 naturae
1005 2064 1039 2090 et
1072 2057 1205 2097 divina,

222 2118 282 2139 seu
307 2119 397 2152 quae
429 2114 478 2140 est
503 2108 688 2151 explicatio
710 2109 795 2152 legis
817 2114 965 2141 naturae
992 2115 1026 2141 et
1051 2108 1203 2142 divinae.

221 2156 340 2201 Quare
366 2164 400 2190 et
415 2156 686 2193 Iurisconsultus
710 2160 814 2198 dixit,
843 2159 1012 2192 iustitiam
1031 2172 1103 2193 esse
1122 2172 1203 2192 con-

221 2215 370 2242 stantem
407 2215 440 2241 et
470 2216 677 2254 perpetuam
703 2211 942 2250 voluntatem,
977 2223 1067 2255 quae
1099 2223 1202 2244 suum

221 2259 347 2304 cuique
366 2259 509 2301 tribuit,
535 2259 601 2293 hoc
621 2268 691 2301 est,
719 2259 880 2294 habitum
902 2261 1114 2301 voluntatis,
1142 2262 1203 2307 qui

220 2310 354 2354 regitur
385 2323 445 2344 seu
478 2311 661 2356 principiis
692 2312 935 2352 naturalilms‚
967 2325 1028 2346 seu
1056 2313 1202 2357 legibus,

220 2374 310 2407 quae
335 2374 376 2394 eo
401 2369 482 2395 sunt
499 2364 621 2396 firmae
646 2370 680 2396 et
704 2369 841 2403 certae,
869 2363 950 2408 quia
971 2370 1003 2396 et
1019 2370 1203 2397 consenta-

220 2424 306 2445 neae
323 2419 405 2445 sunt
420 2413 553 2457 legibus
569 2420 737 2454 naturae,
761 2420 794 2447 et
811 2414 1000 2448 autoritate
1018 2415 1202 2458 magistra-

221 2470 275 2497 tus
298 2464 389 2496 latae
415 2470 507 2499 sunt.
558 2464 607 2499 Ut
623 2472 741 2499 autem
764 2466 992 2510 speculabilia
1015 2466 1201 2511 principia,

254 2586 302 2614 37)
322 2584 411 2616 ὑπάτη
431 2593 468 2611 sc.
487 2585 587 2619 χορδή,
606 2588 698 2613 infima
716 2589 832 2621 chorda,
852 2595 920 2620 quae
934 2590 1128 2622 gravissimum
1147 2591 1202 2615 edit

288 2626 393 2644 Solium.

253 2672 301 2700 38)
321 2670 503 2698 διςιῖιαπιισῶν
523 2671 578 2700 (δὶς
597 2671 639 2697 διά
658 2673 757 2697 πασῶν
776 2681 812 2699 sc.
831 2674 954 2706 χορδῶν)
975 2678 1072 2701 octava
1094 2677 1201 2707 duplex,

287 2707 460 2771 ἕοιὲίὲιᾶἐςίἔ.
479 2707 595 2732 Forkei:
623 2708 794 2739 Angemeine
817 2710 979 2735 Gescliiclite
1004 2713 1052 2736 der
1069 2711 1161 2736 Musik
1180 2711 1201 2737 1.

2197 141 2246 177 40

1262 233 1360 266 firma
1396 238 1429 265 et
1452 238 1623 277 perpetua
1656 237 1756 271 sunt,
1792 230 1895 276 quale
1927 235 1993 263 est:
2027 227 2162 262 Totum
2196 234 2248 262 est

1262 284 1377 317 maius
1400 283 1558 328 qualibet
1580 294 1641 316 sua
1659 289 1777 327 parte,
1806 282 1852 315 ita
1870 287 1903 314 et
1917 280 2067 313 moralia
2086 291 2146 313 seu
2158 284 2248 323 &pra-

1263 335 1348 367 ctica
1382 334 1555 378 principia
1578 340 1661 366 sunt
1691 340 1784 366 certa
1819 339 1853 365 et
1882 338 1979 371 rata,
2014 330 2152 364 etiamsi
2185 330 2247 362 ali-

1263 391 1395 431 quanto
1412 385 1529 418 minus
1544 385 1661 417 lucent.
1679 385 1714 417 in
1732 384 1860 417 animis
1877 381 2077 422 hominum,
2101 386 2247 426 propter

1263 436 1504 469 infirmitatem
1521 435 1656 477 generis
1676 433 1842 474 humani,
1871 435 1966 480 quod
1985 434 2085 466 facile
2104 431 2248 465 abduci-

1264 494 1321 521 tur
1338 500 1354 519 a
1375 487 1558 531 principiis
1582 486 1668 526 illis,
1695 486 1784 519 sicut
1801 498 1879 519 cuni
1897 492 2023 518 natura
2042 489 2248 529 pugnarunt

1265 539 1473 571 idololatrae
1490 537 1557 583 39),
1586 543 1647 569 aut
1675 537 1735 582 qui
1757 548 1856 570 senes
1881 543 2044 580 parentes
2071 541 2247 568 mactave-

1263 596 1348 623 runt
1366 596 1429 623 etc.
1479 588 1599 621 Altera
1619 600 1721 621 causa
1741 595 1792 621 est
1809 587 1991 628 voluntas,
2019 587 2062 620 de
2087 586 2185 620 cuius
2205 585 2247 617 li-

1264 642 1398 673 bertate
1415 647 1534 685 postea
1550 639 1717 673 dicemus.
1763 638 1868 672 Prius
1885 645 2001 671 autem
2020 638 2247 671 consideran-

1264 694 1328 725 dae
1362 698 1444 725 sunt
1467 691 1674 724 adiuvantes
1701 703 1824 723 causae
1850 695 1939 730 tres,
1974 689 2156 729 doctrina,
2183 699 2247 721 na-

1266 743 1394 776 turales
1410 742 1455 788 ⁴⁰)
1481 742 1651 786 impetus,
1675 748 1708 774 ct
1725 741 1930 775 assuefactio
1942 767 1950 780 ,
1970 753 2031 774 seu
2049 739 2247 784 disciplina,

1265 806 1354 840 quae
1384 794 1541 827 continet
1567 793 1797 826 domesticam
1825 792 2085 825 institutionem
2118 797 2152 824 et
2180 790 2246 823 im-

1264 845 1374 889 peria.
1427 845 1523 878 Sicut
1547 844 1641 877 enim
1668 844 1703 876 in
1725 844 1858 877 artibus
1883 856 1970 887 opus
1994 849 2045 877 est
2066 839 2120 876 his
2147 841 2246 875 adiu-

1264 897 1428 929 vantibus
1452 895 1583 935 causis,
1618 896 1664 928 ita
1692 901 1725 928 et
1748 895 1784 928 in
1806 894 1976 928 moribus.
2029 894 2144 928 Nemo
2170 892 2245 926 sine

1265 948 1424 980 doctrina
1446 947 1546 980 discit
1566 947 1735 980 musicam
1749 973 1758 986 ‚
1786 953 1847 979 aut
1864 943 2074 989 graphiccn,
2103 943 2167 978 etsi
2182 955 2245 976 na-

1265 1005 1342 1032 tura
1377 1005 1535 1031 tenemus
1568 999 1742 1043 quaedam
1774 997 1968 1042 principia,
2011 1008 2133 1029 verum
2163 994 2245 1027 illae

1265 1050 1360 1093 ipsae
1385 1050 1564 1083 naturales
1581 1049 1728 1082 notitiae
1747 1048 1992 1081 exuscitandae
2016 1054 2050 1081 et
2066 1047 2246 1080 illustran-

1264 1102 1328 1133 dae
1360 1107 1442 1134 sunt
1473 1100 1656 1139 doctrina,
1684 1099 1843 1134 videmus
1878 1099 1972 1131 enim
2004 1099 2041 1132 in
2072 1096 2246 1136 barbaris,

1265 1152 1347 1197 quia
1376 1164 1451 1184 non
1480 1153 1719 1183 admonentur
1751 1151 1853 1183 obrui
1885 1157 1919 1183 et
1950 1162 2060 1194 paene
2088 1147 2245 1191 extingui

1264 1203 1369 1235 etiam
1394 1214 1582 1235 commune
1606 1201 1773 1234 iudicium
1794 1209 1959 1241 naturae,
1987 1201 2077 1235 sicut
2093 1197 2244 1245 Scythae

1264 1265 1337 1285 non
1362 1253 1566 1285 iudicabant
1598 1258 1718 1296 turpe,
1751 1265 1851 1286 senes
1880 1258 2044 1296 parentes
2076 1257 2245 1291 mactare,

1265 1303 1345 1348 quia
1365 1303 1439 1336 sine
1458 1303 1619 1335 doctrina
1637 1302 1738 1347 quasi
1760 1303 2058 1336 obliviscebantur
2073 1303 2244 1336 naturalis

1264 1354 1431 1393 notitiae,
1467 1359 1501 1386 et
1521 1359 1560 1386 ut
1583 1353 1620 1385 in
1645 1353 1791 1386 caeteris
1816 1353 1971 1393 artibus,
1998 1354 2047 1386 ita
2070 1351 2128 1386 hic
2155 1365 2244 1398 opus

1264 1411 1315 1438 est
1332 1404 1495 1437 uberiore
1512 1410 1546 1436 et
1563 1404 1754 1437 eruditiore
1771 1404 1930 1437 doctrina
1942 1430 1950 1444 ‚
1978 1410 2017 1437 ut
2035 1404 2145 1437 animi
2162 1416 2243 1449 pro-

1264 1456 1342 1500 pius
1375 1455 1547 1500 aspiciant
1575 1461 1784 1499 praecepta,
1818 1461 1852 1489 et
1882 1456 1930 1489 eis
1961 1455 2096 1489 firmius
2127 1468 2244 1489 assen-

1264 1508 1417 1546 tiantur,
1445 1518 1594 1551 eumque
1618 1506 1709 1539 lucet
1731 1507 1767 1539 in
1789 1506 1966 1541 mentibus
1987 1506 2167 1547 doctrina,
2193 1508 2243 1540 fa-

1263 1558 1362 1591 cilius
1385 1559 1604 1601 obtemperat
1629 1557 1812 1597 voluntas,
1849 1565 1949 1602 capta
1978 1556 2242 1604 pulchritudine

1263 1609 1414 1643 virtutis.
1467 1608 1534 1641 Sed
1565 1609 1608 1641 de
1637 1609 1797 1641 doctrina
1823 1609 1966 1645 brevius
1991 1610 2127 1649 dicam,
2158 1609 2242 1654 quia

1263 1667 1400 1694 constat
1416 1673 1487 1693 esse
1505 1659 1750 1693 necessariam.
1802 1659 1921 1693 Altera
1943 1661 2115 1694 adiuvans
2137 1671 2242 1694 causa

1262 1719 1312 1746 est
1334 1711 1505 1745 naturalis
1530 1711 1692 1755 impetus.
1745 1710 1794 1744 Ut
1809 1712 1901 1744 enim
1921 1719 2046 1756 poetae
2065 1718 2099 1745 et
2113 1711 2243 1745 caeteri

1261 1764 1467 1796 excellentes
1491 1762 1641 1795 artifices
1671 1762 1886 1795 adiuvantur
1909 1763 2079 1806 peculiari
2105 1763 2241 1808 impetu

1260 1821 1426 1853 naturae,
1455 1814 1550 1847 iuxta
1572 1813 1657 1846 illud
1673 1813 1737 1860 l¹¹):
1766 1813 1822 1847 Tu
1838 1812 1927 1846 nihil
1946 1814 2055 1848 invita
2075 1814 2169 1848 dices
2189 1815 2241 1847 fa·

1260 1867 1371 1899 ciesve
1381 1865 1561 1898 Minerva:
1587 1865 1634 1898 ita
1655 1876 1728 1897 non
1746 1871 1860 1909 potest
1878 1866 2048 1899 excellens
2065 1865 2175 1899 virtus
2193 1865 2241 1898 ef-

1259 1917 1314 1950 fici
1339 1917 1413 1951 sine
1436 1917 1604 1961 peculiari
1627 1916 1856 1949 inclinatione
1881 1922 1915 1949 et
1937 1923 2038 1950 motu
2061 1917 2105 1949 ad
2129 1917 2241 1950 virtu-

1258 1975 1348 2008 tem,
1375 1968 1488 2013 qualis
1512 1967 1579 2001 fuit
1600 1968 1637 2000 in
1655 1967 1856 2001 Alexandro
1881 1974 1942 2001 aut
1966 1968 2004 2002 C.
2019 1968 2168 2001 Caesare
2195 1967 2239 2000 ad

1257 2019 1524 2059 fortitudinem,
1550 2026 1584 2053 et
1607 2020 1777 2065 quasdam
1803 2025 1958 2052 caeteras
1980 2019 2139 2053 virtutes,
2191 2017 2239 2051 Hi

1257 2071 1435 2104 naturales
1468 2071 1620 2115 impetus
1650 2077 1743 2103 recte
1773 2077 1947 2104 vocantur
1977 2077 2011 2103 et
2036 2075 2119 2104 sunt
2143 2069 2238 2103 dona

1256 2122 1344 2162 Dei,
1372 2128 1405 2154 et
1430 2122 1557 2155 usitate
1589 2122 1754 2155 dicuntur
1774 2119 1911 2155 heroici
1934 2128 2070 2161 motus,
2098 2121 2178 2154 ideo
2203 2126 2238 2154 et

1256 2173 1380 2207 Cicero
1395 2172 1441 2219 42)
1469 2172 1600 2219 inquit:
1636 2173 1781 2207 Nullum
1809 2185 1979 2216 magnum
2013 2172 2130 2205 virum
2161 2171 2236 2205 sine

1256 2224 1376 2270 aliquo
1409 2224 1531 2258 afflatu
1562 2224 1684 2257 divino
1712 2224 1829 2257 fuisse.
1886 2222 2029 2269 Physici
2060 2228 2238 2268 quaerunt

1255 2275 1379 2309 talium
1405 2275 1677 2309 inclinationum
1710 2287 1851 2309 causam
1878 2275 1915 2308 in
1943 2279 2237 2318 temperamento,

1255 2328 1351 2372 quod
1376 2327 1493 2372 aliqua
1519 2339 1560 2360 ex
1580 2333 1680 2371 parte
1703 2326 1859 2360 efficiunt
1873 2326 2012 2365 stellae,
2039 2326 2099 2359 sed
2115 2331 2236 2358 tamen

1255 2378 1387 2410 accedit
1410 2385 1527 2412 motus
1551 2378 1703 2412 divinus.
1755 2377 1961 2411 Aristoteles
1978 2376 2070 2420 ipsas
2089 2375 2236 2409 inclina-

1254 2429 1368 2462 tiones
1409 2436 1513 2462 vocat
1552 2428 1712 2477 φυσικὰς
1742 2425 1886 2475 ἀρετάς.
1944 2427 2076 2471 Magna
2116 2433 2235 2460 antem

1254 2480 1412 2526 quaestio
1430 2487 1480 2515 est
1499 2483 1592 2525 apud
1612 2481 1798 2514 Platonem
1810 2505 1820 2520 ‚
1845 2491 1891 2512 an
1905 2478 2017 2513 virtus
2033 2477 2235 2523 comparari

1287 2615 1335 2643 39)
1354 2614 1533 2643 idololatrae]
1552 2613 1618 2638 Edd.
1634 2613 1707 2637 1540.
1723 2614 1750 2636 et
1767 2611 1839 2636 1546.
1854 2609 1906 2639 lu'c,
1925 2611 1954 2634 ut
1967 2609 2073 2640 ubique,
2092 2607 2234 2633 idolatrae.

1287 2658 1334 2686 40)
1355 2658 1512 2685 naturales]
1538 2656 1578 2680 sic
1595 2656 1643 2680 Ed.
1666 2656 1757 2685 15⁴0.;
1781 2654 1830 2680 Ed.
1851 2653 1926 2678 1546.
1945 2651 2089 2677 naturalis.

1287 2702 1335 2729 41)
1356 2702 1451 2724 Horat.
1472 2701 1504 2724 de
1521 2701 1581 2724 arte
1600 2699 1670 2729 poet.
1689 2698 1748 2722 385.

1287 2744 1335 2773 42)
1355 2743 1409 2768 Cic.
1429 2743 1462 2768 de
1480 2743 1536 2768 nat.
1554 2742 1637 2766 Deor.
1655 2740 1688 2772 2,
1706 2740 1757 2772 66,
1778 2739 1835 2765 167.
